{"host":"dr01x95rw3kaiuk5","time":1613229735,"event":{"mods":["ATMod(阿瑾Mod)","Act Like it!","Arknights","BaseMod","Colored Powertips","Conspire","Energized Spire","Friendly Minions","Gensokyo","GifTheSpireLib","KinomotoSakuraMod(木之本樱)","Minty Spire (QoL Compilation)","MostiFishMod","Reliquary","Replay The Spire","Shop Mod","Spicy Shops","StSLib","TestMod","UnlockEverythingMod","[IsaacMod]以撒尖塔","【遗物卡牌】REMEMod"],"gold_per_floor":[112,112,112,123,123,153,165,195,195,66,84,112,112,37,37,189,289,321,420,420,452,476,545,545,584,639,687,734,748,549,577,577,691,691,709,734,757,770,791,824,824,858,883,1002,1077,1077,1176,1248,1248,1276],"floor_reached":51,"language":"ZHS","playtime":4657,"items_purged":["ClowCardTheShield","ClowCardTheShield","ClowCardTheShield","ClowCardTheSword"],"score":1475,"play_id":"10a58789-082a-4572-8f3b-58afedd6e552","local_time":"20210213232215","is_ascension_mode":true,"campfire_choices":[{"data":"ClowCardTheRain","floor":13,"key":"SMITH"},{"data":"ClowCardTheFloat","floor":15,"key":"SMITH"},{"data":"ClowCardTheFlower","floor":24,"key":"SMITH"},{"data":"ClowCardTheShield","floor":32,"key":"PURGE"},{"data":"ClowCardTheFight","floor":41,"key":"SMITH"},{"data":"ClowCardTheChange","floor":46,"key":"SMITH"}],"circlet_count":0,"master_deck":["SakuraCardTheBig+","SakuraCardTheSword+","SakuraCardTheFight+","ClowCardTheSword","SpellCardSeal","SpellCardRelease","Seek+1","AT_FamilyPortrait","ClowCardTheRain+1","ClowCardTheTwin","ClowCardTheRain","ClowCardTheMirror","ClowCardTheChange+1","ClowCardTheFloat+1","ClowCardTheFlower+1","ClowCardTheBig+1","ClowCardTheFight+1","ClowCardTheFly+1","ClowCardTheLight+1","ClowCardTheBig+1","ClowCardTheFly+1"],"relics":["KSMOD_SealedBook","KSMOD_SealedWand","testmod-TestBox","HushsDoor","AT_ATBox","REME_ComplimentaryCards","EGODaCapo","DeadEye","testmod-CrystalShield","SynthV:TestCard","conspire:Flyswatter","Replay:WaspNest","Akabeko","UnicornStump","conspire:TopHat","REME_ArchaeologicalTools","Bag of Preparation","Replay:Wanted Poster","Frozen Egg 2","AT_PhaseBoots","AT_ImmortalShieldbow","Anchor","GnawedLeaf","Membership Card","testmod-Prudence","Snack Pack","EdensBlessing","AT_MibuBalloonWealth","OriginationStaff","Unceasing Top","testmod-Antiphasic"],"acts_visited":["Exordium","TheCity","TheBeyond"],"potions_floor_usage":[33,33,33,38,45],"damage_taken":[{"damage":7.0,"enemies":"Jaw Worm","floor":1.0,"turns":2.0},{"damage":0.0,"enemies":"Cultist","floor":4.0,"turns":2.0},{"damage":7,"enemies":"Gremlin Nob","floor":6,"turns":5},{"damage":0,"enemies":"Small Slimes","floor":7,"turns":3},{"damage":0,"enemies":"Lagavulin","floor":8,"turns":4},{"damage":0,"enemies":"2 Fungi Beasts","floor":11,"turns":3},{"damage":6,"enemies":"3 Sentries","floor":12,"turns":5},{"damage":0,"enemies":"Slime Boss","floor":16,"turns":4},{"damage":1,"enemies":"2 Thieves","floor":18,"turns":3},{"damage":0,"enemies":"Chosen","floor":21,"turns":1},{"damage":0,"enemies":"3 Cultists","floor":22,"turns":5},{"damage":0,"enemies":"Slavers","floor":23,"turns":4},{"damage":0,"enemies":"Book of Stabbing","floor":25,"turns":5},{"damage":0,"enemies":"Cultist and Chosen","floor":27,"turns":8},{"damage":0,"enemies":"Slavers","floor":28,"turns":5},{"damage":0,"enemies":"Snake Plant","floor":29,"turns":1},{"damage":0,"enemies":"conspire:HollyBat","floor":31,"turns":3},{"damage":0,"enemies":"Collector","floor":33,"turns":2},{"damage":0,"enemies":"Orb Walker","floor":35,"turns":2},{"damage":0,"enemies":"3 Darklings","floor":36,"turns":2},{"damage":0,"enemies":"Jaw Worm Horde","floor":37,"turns":1},{"damage":0,"enemies":"Maw","floor":38,"turns":2},{"damage":0,"enemies":"Transient","floor":39,"turns":3},{"damage":0,"enemies":"Reptomancer","floor":40,"turns":1},{"damage":0,"enemies":"Nemesis","floor":42,"turns":3},{"damage":0,"enemies":"4 Shapes","floor":44,"turns":2},{"damage":0,"enemies":"Mind Bloom Boss Battle","floor":45,"turns":1},{"damage":0,"enemies":"2 Orb Walkers","floor":47,"turns":3},{"damage":0,"enemies":"R_Hoarder","floor":48,"turns":2},{"damage":0,"enemies":"conspire:OrnateMirror","floor":50,"turns":3}],"seed_played":"4410035476520332735","potions_obtained":[{"floor":1.0,"key":"Dexterity Potion"},{"floor":4.0,"key":"SmokeBomb"},{"floor":7,"key":"GamblersBrew"},{"floor":18,"key":"SteroidPotion"},{"floor":22,"key":"FearPotion"},{"floor":25,"key":"Strength Potion"},{"floor":36,"key":"AttackPotion"},{"floor":37,"key":"DuplicationPotion"},{"floor":38,"key":"REME_GoldPotion"},{"floor":40,"key":"DuplicationPotion"},{"floor":47,"key":"Adrenaline Potion"}],"is_trial":false,"path_per_floor":["M","?","?","M","?","E","M","E","T","$","M","E","R","$","R","B",null,"M","?","?","M","M","E","R","E","T","M","E","M","$","M","R","B",null,"M","M","M","M","M","E","R","E","T","M","?","R","?","E","R","B",null],"character_chosen":"KINOMOTOSAKURA","items_purchased":["conspire:TopHat","ClowCardTheMirror","Membership Card"],"campfire_rested":0,"item_purchase_floors":[10,10,30],"current_hp_per_floor":[70,70,45,45,45,42,42,42,42,42,42,36,36,36,36,36,72,71,71,71,71,71,71,71,71,71,72,72,72,72,72,72,72,65,65,65,65,65,65,65,65,65,65,68,68,68,68,68,68,68],"gold":1276,"neow_bonus":"TEN_PERCENT_HP_BONUS","is_daily":false,"chose_seed":false,"campfire_upgraded":5,"win_rate":0.0,"timestamp":1613229735,"path_taken":["M","?","?","M","?","E","M","E","T","?","M","E","R","$","R","BOSS","M","?","?","M","M","E","R","E","T","M","E","?","$","M","R","BOSS","M","?","?","M","M","E","R","E","T","M","?","R","?","E","R","BOSS"],"items_purchased_type":["Relic","Card","Relic"],"build_version":"2020-12-22","purchased_purges":4,"victory":true,"max_hp_per_floor":[77,77,77,77,77,77,77,77,77,77,77,77,77,77,77,77,72,72,72,72,72,72,72,72,72,72,72,72,72,72,72,72,72,65,65,65,65,65,65,65,65,65,65,68,68,68,68,68,68,68],"card_choices":[{"not_picked":["ClowCardTheFreeze","ClowCardTheEarthy"],"picked":"ClowCardTheRain","floor":1.0},{"not_picked":["ClowCardTheArrow","ClowCardTheStorm","ClowCardTheVoice","ClowCardTheMaze","ClowCardTheErase"],"picked":"SKIP","floor":4.0},{"not_picked":["ClowCardTheSweet","ClowCardTheSnow","ClowCardTheRain","ClowCardTheArrow"],"picked":"ClowCardTheFight","floor":6},{"not_picked":["ClowCardTheSilent","ClowCardTheCloud","ClowCardTheLock","ClowCardTheFreeze"],"picked":"ClowCardTheRain","floor":7},{"not_picked":["ClowCardTheIllusion","ClowCardTheSweet","ClowCardTheMaze","ClowCardTheSong"],"picked":"ClowCardTheCreate","floor":8},{"not_picked":["ClowCardTheWindy","ClowCardTheShot","ClowCardTheLoop","ClowCardTheFirey"],"picked":"ClowCardTheChange","floor":11},{"not_picked":["ClowCardTheRain","ClowCardTheVoice","ClowCardTheLoop","ClowCardTheJump"],"picked":"ClowCardTheFloat","floor":12},{"not_picked":["ClowCardTheFight","ClowCardTheThrough","ClowCardTheThunder","ClowCardTheDark"],"picked":"ClowCardTheCreate","floor":16},{"not_picked":["ClowCardTheSand","ClowCardTheLock","ClowCardTheRain","ClowCardTheLibra","ClowCardThePower+1"],"picked":"SKIP","floor":18},{"not_picked":["ClowCardTheFreeze","ClowCardTheIllusion","ClowCardTheThrough","ClowCardTheStorm","ClowCardTheCloud+1"],"picked":"SKIP","floor":21},{"not_picked":["ClowCardThePower","ClowCardTheVoice+1","ClowCardTheSand","ClowCardTheFloat+1"],"picked":"ClowCardTheFlower","floor":22},{"not_picked":["ClowCardTheSilent+1","ClowCardTheSand","ClowCardTheShadow+1","ClowCardTheChange"],"picked":"ClowCardTheBig+1","floor":23},{"not_picked":["ClowCardTheGlow","ClowCardTheMaze","ClowCardTheIllusion","ClowCardTheSnow+1","ClowCardTheLibra"],"picked":"SKIP","floor":25},{"not_picked":["ClowCardTheLittle+1","ClowCardTheBubbles+1","ClowCardTheChange+1","ClowCardTheMaze+1","ClowCardTheDream"],"picked":"SKIP","floor":27},{"not_picked":["ClowCardTheLibra","ClowCardTheRain","ClowCardTheBig+1","ClowCardTheLock+1"],"picked":"ClowCardTheFight","floor":28},{"not_picked":["ClowCardTheShot+1","ClowCardTheFloat+1","ClowCardTheSleep","ClowCardThePower","ClowCardTheArrow+1"],"picked":"SKIP","floor":29},{"not_picked":["ClowCardTheSweet+1","ClowCardTheFreeze","ClowCardTheLibra","ClowCardTheFloat+1"],"picked":"ClowCardTheBig+1","floor":31},{"not_picked":["ClowCardThePower+1","ClowCardTheVoice+1","ClowCardTheShadow","ClowCardTheIllusion+1"],"picked":"ClowCardTheFly+1","floor":35},{"not_picked":["ClowCardTheBubbles+1","ClowCardTheEarthy+1","ClowCardTheLock","ClowCardTheWatery+1","ClowCardTheFirey+1"],"picked":"SKIP","floor":36},{"not_picked":["ClowCardTheDream+1","ClowCardTheRain+1","ClowCardTheSnow+1","ClowCardTheIllusion+1","ClowCardTheWatery"],"picked":"SKIP","floor":37},{"not_picked":["ClowCardTheFloat+1","ClowCardTheBubbles+1","ClowCardThePower","ClowCardTheMaze"],"picked":"ClowCardTheLight+1","floor":38},{"not_picked":["ClowCardTheMirror","ClowCardTheLock+1","ClowCardTheMaze+1","ClowCardTheSleep+1","ClowCardTheSilent+1"],"picked":"SKIP","floor":39},{"not_picked":["ClowCardTheWave+1","ClowCardTheShadow","ClowCardTheThunder","ClowCardTheDream+1","ClowCardTheWood+1"],"picked":"SKIP","floor":40},{"not_picked":["ClowCardTheFirey+1","ClowCardTheThrough","ClowCardTheSand+1","ClowCardTheWood"],"picked":"ClowCardTheBig+1","floor":42},{"not_picked":["ClowCardTheShadow+1","ClowCardTheSong","ClowCardTheWood+1","ClowCardTheGlow","ClowCardTheMaze+1"],"picked":"SKIP","floor":44},{"not_picked":["ClowCardTheMove","ClowCardTheSnow","ClowCardTheMist","ClowCardTheDark+1"],"picked":"ClowCardTheFly+1","floor":47},{"not_picked":["ClowCardTheSand+1","ClowCardTheFloat+1","ClowCardTheErase","ClowCardTheWave+1","ClowCardTheFlower+1"],"picked":"SKIP","floor":48}],"player_experience":275460,"relics_obtained":[{"floor":1.0,"key":"SynthV:TestCard"},{"floor":6,"key":"Replay:WaspNest"},{"floor":8,"key":"Akabeko"},{"floor":9,"key":"UnicornStump"},{"floor":12,"key":"REME_ArchaeologicalTools"},{"floor":12,"key":"Bag of Preparation"},{"floor":18,"key":"Frozen Egg 2"},{"floor":23,"key":"AT_SpeedBoots"},{"floor":25,"key":"AT_ImmortalShieldbow"},{"floor":26,"key":"Anchor"},{"floor":28,"key":"GnawedLeaf"},{"floor":40,"key":"Snack Pack"},{"floor":42,"key":"EdensBlessing"},{"floor":43,"key":"AT_MibuBalloonWealth"},{"floor":45,"key":"OriginationStaff"},{"floor":47,"key":"Unceasing Top"},{"floor":48,"key":"testmod-Antiphasic"}],"event_choices":[{"damage_healed":0.0,"max_hp_gain":0.0,"max_hp_loss":0.0,"gold_gain":0.0,"cards_transformed":["ClowCardTheSword"],"event_name":"Transmorgrifier","player_choice":"Transformed","floor":2.0,"gold_loss":0.0,"damage_taken":0.0,"cards_obtained":["ClowCardTheTwin"]},{"damage_healed":0.0,"max_hp_gain":0.0,"max_hp_loss":0.0,"gold_gain":0.0,"event_name":"Scrap Ooze","player_choice":"Success","floor":3.0,"gold_loss":0.0,"damage_taken":25.0,"relics_obtained":["conspire:Flyswatter"]},{"damage_healed":0.0,"max_hp_gain":0.0,"max_hp_loss":0.0,"gold_gain":0.0,"event_name":"给自己的盒子","player_choice":"Swap Relic","floor":5.0,"relics_lost":["DaveBox"],"gold_loss":0.0,"damage_taken":0.0,"relics_obtained":["HushsDoor"]},{"damage_healed":0,"gold_gain":99,"player_choice":"Stole From Cult","damage_taken":0,"max_hp_gain":0,"max_hp_loss":0,"event_name":"Nest","floor":19,"gold_loss":0},{"damage_healed":0,"gold_gain":0,"player_choice":"Fight","damage_taken":0,"max_hp_gain":0,"max_hp_loss":0,"event_name":"MindBloom","floor":45,"gold_loss":0},{"damage_healed":0,"gold_gain":0,"player_choice":"Fight","damage_taken":0,"max_hp_gain":0,"max_hp_loss":0,"event_name":"Mysterious Sphere","floor":47,"gold_loss":0}],"is_beta":false,"boss_relics":[{"not_picked":["conspire:SeveredTorchhead","ChampionBelt"],"picked":"Replay:Wanted Poster"},{"not_picked":[]},{"not_picked":["Replay:Drink Me","energizedSpire:SpiderWeb"],"picked":"testmod-Prudence"},{"not_picked":[]}],"items_purged_floors":[14,17,30,34],"is_endless":false,"potions_floor_spawned":[1,4,7,18,22,23,25,27,36,37,38,40,42,47],"ascension_level":3}}