{"host":"8ztb9kwpjc2zof9s","time":1613185334,"event":{"mods":["BaseMod","Block Reminder","Curses Come First","Minty Spire (QoL Compilation)","Relic Stats","StSLib"],"gold_per_floor":[114,129,149,149,167,192,203,203,203,173,207,207,19,35,35,138,188,207,306,221,192,192,192,123,123,123,123,133,62,62,62],"floor_reached":30,"language":"ENG","playtime":954,"items_purged":["Strike_G"],"score":369,"play_id":"01d6ab7a-6fe8-406c-a946-7cec13687638","local_time":"20210212190214","is_ascension_mode":true,"campfire_choices":[{"floor":8.0,"key":"REST"},{"floor":12.0,"key":"REST"},{"floor":15.0,"key":"REST"},{"floor":23,"key":"REST"}],"circlet_count":0,"master_deck":["AscendersBane","Strike_G","Strike_G","Strike_G+1","Defend_G+1","Defend_G+1","Defend_G","Defend_G","Defend_G","Survivor+1","Neutralize","Deadly Poison+1","Leg Sweep","Poisoned Stab","PiercingWail","Poisoned Stab","Poisoned Stab","Footwork","Blur","Bane","Envenom","Dash","Cloak And Dagger","Infinite Blades","Footwork"],"relics":["Ring of the Snake","War Paint","Darkstone Periapt","Eternal Feather","Tiny House","Kunai","Matryoshka","Art of War","Bottled Flame"],"acts_visited":["Exordium","TheCity"],"potions_floor_usage":[18,21],"damage_taken":[{"damage":10.0,"enemies":"Jaw Worm","floor":1.0,"turns":6.0},{"damage":3.0,"enemies":"2 Louse","floor":2.0,"turns":3.0},{"damage":5.0,"enemies":"Small Slimes","floor":3.0,"turns":5.0},{"damage":1.0,"enemies":"Red Slaver","floor":5.0,"turns":6.0},{"damage":16.0,"enemies":"Gremlin Nob","floor":6.0,"turns":5.0},{"damage":11.0,"enemies":"Lots of Slimes","floor":7.0,"turns":7.0},{"damage":0.0,"enemies":"Looter","floor":10.0,"turns":4.0},{"damage":25.0,"enemies":"3 Sentries","floor":11.0,"turns":10.0},{"damage":0.0,"enemies":"Red Slaver","floor":14.0,"turns":5.0},{"damage":42.0,"enemies":"Slime Boss","floor":16.0,"turns":16.0},{"damage":32,"enemies":"Spheric Guardian","floor":18,"turns":6},{"damage":29,"enemies":"2 Thieves","floor":21,"turns":5},{"damage":15,"enemies":"Snake Plant","floor":28,"turns":5},{"damage":68,"enemies":"Cultist and Chosen","floor":30,"turns":6}],"seed_played":"-8454326867259737947","potions_obtained":[{"floor":1.0,"key":"Strength Potion"},{"floor":3.0,"key":"Ancient Potion"},{"floor":6.0,"key":"FairyPotion"},{"floor":16.0,"key":"Explosive Potion"},{"floor":17,"key":"DistilledChaos"},{"floor":18,"key":"PowerPotion"},{"floor":27,"key":"Strength Potion"}],"is_trial":false,"path_per_floor":["M","M","M","?","M","E","M","R","T","M","E","R","$","M","R","B",null,"M","?","?","M","?","R","$","T","T","?","M","$","M"],"character_chosen":"THE_SILENT","items_purchased":["Footwork","Blur","Infinite Blades","Footwork"],"campfire_rested":4,"item_purchase_floors":[13,13,24,29],"current_hp_per_floor":[60,57,52,37,36,20,9,32,32,32,7,39,39,39,74,32,71,39,39,39,10,10,46,46,46,46,46,31,31,0,0],"gold":62,"neow_bonus":"TEN_PERCENT_HP_BONUS","is_daily":false,"chose_seed":false,"campfire_upgraded":0,"win_rate":0.0,"timestamp":1613185334,"path_taken":["M","M","M","?","M","E","M","R","T","M","E","R","$","M","R","BOSS","M","?","?","M","?","R","$","?","T","?","?","$","?"],"items_purchased_type":["Card","Card","Card","Card"],"build_version":"2020-12-22","purchased_purges":1,"victory":false,"max_hp_per_floor":[77,77,77,77,77,77,77,77,77,77,77,77,77,77,77,77,82,82,82,82,82,82,82,82,82,82,82,82,82,82,82],"relic_stats":{"Darkstone Periapt":0,"counters":[14,89],"Eternal Feather":33,"Art of War":[2],"Kunai":[2],"War Paint":["Deadly Poison","Defend_G"],"obtain_stats":[{"Darkstone Periapt":9,"Bottled Flame":26,"Tiny House":17,"Matryoshka":25,"Eternal Feather":11,"Art of War":26,"Kunai":20,"War Paint":6,"Ring of the Snake":0},{"Darkstone Periapt":6,"Bottled Flame":12,"Tiny House":10,"Matryoshka":12,"Eternal Feather":8,"Art of War":12,"Kunai":11,"War Paint":5,"Ring of the Snake":0},{"Darkstone Periapt":32,"Bottled Flame":78,"Tiny House":67,"Matryoshka":78,"Eternal Feather":46,"Art of War":78,"Kunai":73,"War Paint":25,"Ring of the Snake":0}],"Ring of the Snake":[28]},"card_choices":[{"not_picked":["Choke","Setup","Slice"],"picked":"SKIP","floor":1.0},{"not_picked":["Poisoned Stab","Outmaneuver"],"picked":"Deadly Poison","floor":2.0},{"not_picked":["Blur","Quick Slash"],"picked":"Leg Sweep","floor":3.0},{"not_picked":["Blade Dance","Dodge and Roll"],"picked":"Poisoned Stab","floor":5.0},{"not_picked":["Masterful Stab","Finisher","Distraction"],"picked":"SKIP","floor":6.0},{"not_picked":["Slice","Endless Agony"],"picked":"PiercingWail","floor":7.0},{"not_picked":["Bane","Reflex"],"picked":"Poisoned Stab","floor":10.0},{"not_picked":["Die Die Die","Prepared"],"picked":"Poisoned Stab","floor":11.0},{"not_picked":["Underhanded Strike","Blade Dance"],"picked":"Bane","floor":14.0},{"not_picked":["Corpse Explosion","Doppelganger"],"picked":"Envenom","floor":16.0},{"not_picked":["Deadly Poison","Slice"],"picked":"Dash","floor":17},{"not_picked":["Poisoned Stab","Flying Knee+1","Well Laid Plans"],"picked":"SKIP","floor":18},{"not_picked":["Bane","Poisoned Stab","Cloak And Dagger"],"picked":"SKIP","floor":21},{"not_picked":["Bane","Poisoned Stab"],"picked":"Cloak And Dagger","floor":21},{"not_picked":["Prepared","Deflect","Masterful Stab+1"],"picked":"SKIP","floor":28}],"player_experience":306152,"relics_obtained":[{"floor":6.0,"key":"War Paint"},{"floor":9.0,"key":"Darkstone Periapt"},{"floor":11.0,"key":"Eternal Feather"},{"floor":25,"key":"Matryoshka"},{"floor":26,"key":"Art of War"},{"floor":26,"key":"Bottled Flame"}],"event_choices":[{"damage_healed":0.0,"max_hp_gain":0.0,"max_hp_loss":0.0,"gold_gain":0.0,"event_name":"Shining Light","player_choice":"Entered Light","floor":4.0,"gold_loss":0.0,"damage_taken":15.0,"cards_upgraded":["Strike_G","Defend_G"]},{"damage_healed":0,"gold_gain":99,"player_choice":"Stole From Cult","damage_taken":0,"max_hp_gain":0,"max_hp_loss":0,"event_name":"Nest","floor":19,"gold_loss":0},{"damage_healed":0,"gold_gain":0,"player_choice":"Obtained Relic","damage_taken":0,"relics_obtained":["Kunai"],"max_hp_gain":0,"max_hp_loss":0,"event_name":"Addict","floor":20,"gold_loss":85},{"cards_removed":["Strike_G"],"damage_healed":0,"gold_gain":0,"player_choice":"Elegance","damage_taken":0,"max_hp_gain":0,"max_hp_loss":0,"event_name":"Back to Basics","floor":22,"gold_loss":0},{"damage_healed":0,"gold_gain":0,"player_choice":"Got Potions","damage_taken":0,"max_hp_gain":0,"max_hp_loss":0,"event_name":"Lab","floor":27,"gold_loss":0}],"is_beta":false,"boss_relics":[{"not_picked":["Empty Cage","Pandora\u0027s Box"],"picked":"Tiny House"}],"items_purged_floors":[13],"is_endless":false,"potions_floor_spawned":[1,3,6,16,18],"killed_by":"Cultist and Chosen","ascension_level":11}}