{"host":"xp27heuvanyklt0b","time":1613220658,"event":{"mods":["100% Spire Juice","BaseMod","CapriCore","Minty Spire (QoL Compilation)","StSLib","The Immortal"],"gold_per_floor":[114,129,147,75,75,75,91,156,156,171,28,46,46,61,61,164,164,177,117,127,127,137,162,162,162,216,216,235,252,252,262,262,262,262,262],"floor_reached":33,"language":"KOR","playtime":1482,"items_purged":[],"score":261,"play_id":"9c02ca85-7f6e-499d-99b5-712af9cd9de6","local_time":"20210213215058","is_ascension_mode":false,"campfire_choices":[{"data":"MokouMod:Overheat","floor":6,"key":"SMITH"},{"floor":13,"key":"REST"},{"data":"MokouMod:FujiyamaVolcano","floor":15,"key":"SMITH"},{"floor":24,"key":"REST"},{"data":"MokouMod:Ventilation","floor":27,"key":"SMITH"},{"floor":32,"key":"REST"}],"circlet_count":0,"master_deck":["MokouMod:Strike","MokouMod:Strike","MokouMod:Strike","MokouMod:Strike","MokouMod:Defend","MokouMod:Defend","MokouMod:Defend","MokouMod:Defend","MokouMod:HeatSpark","MokouMod:AdaptivePyromancy","MokouMod:Ember","MokouMod:Overheat+1","MokouMod:Extinguish+1","MokouMod:TemporalFireSeal","MokouMod:TemporalFireSeal","MokouMod:FujiyamaVolcano+1","MokouMod:BlazingComet","MokouMod:Ventilation+1","MokouMod:Wildfire","MokouMod:ScorchedEarth","MokouMod:WarmUp","MokouMod:ShiftIgnition","MokouMod:TemporalFireSeal","MokouMod:FlickeringFlame+1","MokouMod:IndiscriminateIgnition","Pain","MokouMod:HeatCyclone","MokouMod:BlazingComet+1","Parasite","MokouMod:Ember"],"relics":["MokouMod:PhoenixFeather","Ornamental Fan","TheAbacus","Cursed Key","Toy Ornithopter","Oddly Smooth Stone","StrikeDummy"],"acts_visited":["Exordium","TheCity"],"potions_floor_usage":[8,16,16,16,16,20,23,23],"damage_taken":[{"damage":1,"enemies":"2 Louse","floor":1,"turns":4},{"damage":5,"enemies":"Small Slimes","floor":2,"turns":4},{"damage":1,"enemies":"Jaw Worm","floor":3,"turns":3},{"damage":17,"enemies":"Large Slime","floor":7,"turns":6},{"damage":22,"enemies":"Gremlin Nob","floor":8,"turns":4},{"damage":0,"enemies":"Gremlin Gang","floor":10,"turns":5},{"damage":16,"enemies":"Lots of Slimes","floor":12,"turns":4},{"damage":3,"enemies":"Exordium Wildlife","floor":14,"turns":4},{"damage":35,"enemies":"The Guardian","floor":16,"turns":12},{"damage":11,"enemies":"Shell Parasite","floor":18,"turns":6},{"damage":20,"enemies":"2 Thieves","floor":20,"turns":3},{"damage":29,"enemies":"Snecko","floor":22,"turns":5},{"damage":17,"enemies":"Book of Stabbing","floor":23,"turns":4},{"damage":36,"enemies":"Centurion and Healer","floor":28,"turns":7},{"damage":22,"enemies":"Snake Plant","floor":29,"turns":4},{"damage":40,"enemies":"3 Cultists","floor":31,"turns":8},{"damage":35,"enemies":"Automaton","floor":33,"turns":4}],"seed_played":"-134711605078126616","potions_obtained":[{"floor":7,"key":"AttackPotion"},{"floor":8,"key":"SpeedPotion"},{"floor":10,"key":"EntropicBrew"},{"floor":12,"key":"Explosive Potion"},{"floor":16,"key":"CultistPotion"},{"floor":22,"key":"Explosive Potion"},{"floor":23,"key":"Dexterity Potion"}],"is_trial":false,"path_per_floor":["M","M","M","$","?","R","M","?","T","M","$","M","R","M","R","B",null,"M","?","M","?","M","E","R","?","T","R","M","M","T","M","R","B"],"character_chosen":"MKU","items_purchased":["MokouMod:Extinguish","TheAbacus"],"campfire_rested":3,"item_purchase_floors":[4,11],"current_hp_per_floor":[81,76,75,75,75,75,58,36,36,36,36,20,44,41,41,6,82,71,71,51,51,22,5,29,29,29,29,20,20,20,11,35,0,0,0],"gold":262,"neow_bonus":"TEN_PERCENT_HP_BONUS","is_daily":false,"chose_seed":false,"campfire_upgraded":3,"win_rate":0.0,"timestamp":1613220658,"path_taken":["M","M","M","$","?","R","M","?","T","M","?","M","R","M","R","BOSS","M","?","?","?","M","E","R","?","T","R","M","?","?","M","R","BOSS"],"items_purchased_type":["Card","Relic"],"build_version":"2020-12-22","purchased_purges":0,"victory":false,"max_hp_per_floor":[82,82,82,82,82,82,82,82,82,82,82,82,82,82,82,82,82,82,82,82,82,82,82,82,82,82,82,82,82,82,82,82,82,82,82],"card_choices":[{"not_picked":["MokouMod:FlareStarter","MokouMod:BurningDraft"],"picked":"MokouMod:AdaptivePyromancy","floor":1},{"not_picked":["MokouMod:Firecracker","MokouMod:BlazingComet"],"picked":"MokouMod:Ember","floor":2},{"not_picked":["MokouMod:FlareStarter","MokouMod:ShiftIgnition"],"picked":"MokouMod:Overheat","floor":3},{"not_picked":["MokouMod:Rekindle","MokouMod:SearingShot"],"picked":"MokouMod:TemporalFireSeal","floor":7},{"not_picked":["MokouMod:RetainTemperature","MokouMod:ScorchingColumn"],"picked":"MokouMod:TemporalFireSeal","floor":8},{"not_picked":["MokouMod:Singe","MokouMod:RetainTemperature"],"picked":"MokouMod:RoaringFlare","floor":10},{"not_picked":["MokouMod:ScorchedEarth","MokouMod:FlickeringFlame"],"picked":"MokouMod:FujiyamaVolcano","floor":12},{"not_picked":["MokouMod:CrimsonArmoury","MokouMod:SearingShot"],"picked":"MokouMod:BlazingComet","floor":14},{"not_picked":["MokouMod:ExplosiveFlame","MokouMod:Rekindle"],"picked":"MokouMod:Ventilation","floor":16},{"not_picked":["MokouMod:ResoluteFlare","MokouMod:Ember"],"picked":"MokouMod:Wildfire","floor":18},{"not_picked":["MokouMod:RoaringFlare","MokouMod:DanceofFlames"],"picked":"MokouMod:ShiftIgnition","floor":20},{"not_picked":["MokouMod:Firecracker","MokouMod:DanceofFlames+1"],"picked":"MokouMod:FlickeringFlame+1","floor":22},{"not_picked":["MokouMod:Combust","MokouMod:UncontrollableSolarReaction"],"picked":"MokouMod:IndiscriminateIgnition","floor":23},{"not_picked":["MokouMod:Combust","MokouMod:ResoluteFlare"],"picked":"MokouMod:HeatCyclone","floor":28},{"not_picked":["MokouMod:Ember","MokouMod:SearingShot+1"],"picked":"MokouMod:BlazingComet+1","floor":29},{"not_picked":["MokouMod:FlareStarter","MokouMod:ResonatingAura"],"picked":"MokouMod:Ember","floor":31}],"player_experience":226690,"relics_obtained":[{"floor":23,"key":"Toy Ornithopter"},{"floor":26,"key":"Oddly Smooth Stone"},{"floor":30,"key":"StrikeDummy"}],"event_choices":[{"damage_healed":0,"gold_gain":0,"player_choice":"Grow","damage_taken":0,"max_hp_gain":0,"max_hp_loss":0,"event_name":"Living Wall","floor":5,"gold_loss":0,"cards_upgraded":["MokouMod:Extinguish"]},{"damage_healed":0,"gold_gain":0,"player_choice":"Searched \u00272\u0027 times","damage_taken":0,"relics_obtained":["Ornamental Fan"],"max_hp_gain":0,"max_hp_loss":0,"event_name":"Dead Adventurer","floor":8,"gold_loss":0},{"damage_healed":0,"gold_gain":0,"cards_transformed":["MokouMod:RoaringFlare","MokouMod:Strike"],"player_choice":"Transformed Cards","damage_taken":0,"max_hp_gain":0,"max_hp_loss":0,"event_name":"Designer","floor":19,"gold_loss":60,"cards_obtained":["MokouMod:ScorchedEarth","MokouMod:WarmUp"]},{"damage_healed":0,"gold_gain":0,"player_choice":"Read","damage_taken":0,"max_hp_gain":0,"max_hp_loss":0,"event_name":"The Library","floor":21,"gold_loss":0,"cards_obtained":["MokouMod:TemporalFireSeal"]},{"damage_healed":0,"gold_gain":0,"player_choice":"Leave","damage_taken":0,"max_hp_gain":0,"max_hp_loss":0,"event_name":"FaceTrader","floor":25,"gold_loss":0}],"is_beta":false,"boss_relics":[{"not_picked":["Snecko Eye","Pandora\u0027s Box"],"picked":"Cursed Key"}],"items_purged_floors":[],"is_endless":false,"potions_floor_spawned":[7,8,10,12,16,22,23],"killed_by":"Automaton","ascension_level":0}}