{"host":"y76clbnovzmw9ubx","time":1613251282,"event":{"mods":["AchievementEnabler","BaseMod","Minty Spire (QoL Compilation)","Permanent Neow","Relic Stats"],"gold_per_floor":[117,129,149,149,159,188,202,202,202,202,202],"floor_reached":10,"language":"ENG","playtime":667,"items_purged":[],"score":140,"play_id":"02fcc5e4-30e4-495e-82b3-8a2cae37ec21","local_time":"20210213162122","is_ascension_mode":true,"campfire_choices":[{"floor":8,"key":"REST"}],"circlet_count":0,"master_deck":["AscendersBane","Strike_G","Strike_G","Strike_G","Strike_G","Defend_G","Defend_G","Defend_G","Defend_G","Defend_G","Survivor","Neutralize","Poisoned Stab","Sucker Punch","Dagger Spray","Well Laid Plans","Malaise","Masterful Stab","Dagger Spray"],"relics":["Ring of the Snake","Potion Belt","Prayer Wheel"],"acts_visited":["Exordium"],"potions_floor_usage":[10],"damage_taken":[{"damage":0,"enemies":"2 Louse","floor":1,"turns":3},{"damage":7,"enemies":"Small Slimes","floor":2,"turns":3},{"damage":1,"enemies":"Cultist","floor":3,"turns":4},{"damage":1,"enemies":"Lots of Slimes","floor":5,"turns":3},{"damage":31,"enemies":"3 Sentries","floor":6,"turns":12},{"damage":3,"enemies":"Exordium Wildlife","floor":7,"turns":4},{"damage":42,"enemies":"Gremlin Nob","floor":10,"turns":4}],"seed_played":"6945727686582747171","potions_obtained":[{"floor":1,"key":"LiquidBronze"},{"floor":5,"key":"FearPotion"},{"floor":7,"key":"EssenceOfSteel"}],"is_trial":false,"path_per_floor":["M","M","M","?","M","E","M","R","T","E"],"character_chosen":"THE_SILENT","items_purchased":[],"campfire_rested":1,"item_purchase_floors":[],"current_hp_per_floor":[59,52,51,51,50,19,16,35,35,0,0],"gold":202,"neow_bonus":"THREE_CARDS","is_daily":false,"chose_seed":false,"campfire_upgraded":0,"win_rate":0.0,"timestamp":1613251282,"path_taken":["M","M","M","?","M","E","M","R","T","E"],"items_purchased_type":[],"build_version":"2020-12-22","purchased_purges":0,"victory":false,"max_hp_per_floor":[66,66,66,66,66,66,66,66,66,66,66],"relic_stats":{"counters":[7,33],"Prayer Wheel":0,"obtain_stats":[{"Potion Belt":6,"Prayer Wheel":9,"Ring of the Snake":0},{"Potion Belt":5,"Prayer Wheel":6,"Ring of the Snake":0},{"Potion Belt":25,"Prayer Wheel":29,"Ring of the Snake":0}],"Ring of the Snake":[14]},"card_choices":[{"not_picked":["Underhanded Strike","Slice"],"picked":"Poisoned Stab","floor":0},{"not_picked":["Escape Plan","Dodge and Roll"],"picked":"Sucker Punch","floor":1},{"not_picked":["Well Laid Plans","Slice"],"picked":"Dagger Spray","floor":2},{"not_picked":["Backflip","Outmaneuver"],"picked":"Well Laid Plans","floor":3},{"not_picked":["Tactician","Cloak And Dagger","Choke"],"picked":"SKIP","floor":5},{"not_picked":["Dodge and Roll","Flying Knee"],"picked":"Masterful Stab","floor":6},{"not_picked":["Deadly Poison","Wraith Form v2"],"picked":"Dagger Spray","floor":7}],"player_experience":3233060,"relics_obtained":[{"floor":6,"key":"Potion Belt"},{"floor":9,"key":"Prayer Wheel"}],"event_choices":[{"damage_healed":0,"gold_gain":0,"cards_transformed":["Strike_G"],"player_choice":"Change","damage_taken":0,"max_hp_gain":0,"max_hp_loss":0,"event_name":"Living Wall","floor":4,"gold_loss":0,"cards_obtained":["Malaise"]}],"is_beta":false,"boss_relics":[],"items_purged_floors":[],"is_endless":false,"potions_floor_spawned":[1,5,7],"killed_by":"Gremlin Nob","ascension_level":20}}