{"host":"nd1mxfnoqvbitpwh","time":1613247485,"event":{"mods":["Aspiration","BaseMod","Colored Map","Colored Powertips","Conspire","Downfall","Highlight Path","Hubris","Infinite Spire","Marisa????????","Minty Spire (QoL Compilation)","Permanent Neow","Quick Restart","Remilia??????","Shop Mod","StSLib","SuperFastMode","The Animator","The Wild Card"],"gold_per_floor":[109,109,109,119,119,149,149,184,184,210,290,309,19,47,47,150,150,163,177,177,177,194,206,238,248,294,6,35,35,49,66,66,162,162,182,182,11,11,31,65,65,65,65,65,65],"floor_reached":44,"language":"ENG","playtime":1301,"items_purged":["Injury","hubris:Greed"],"score":658,"play_id":"ed72f0c8-d1f5-403c-99ae-d515ca12787d","local_time":"20210213151805","is_ascension_mode":true,"campfire_choices":[{"floor":7,"key":"REST"},{"floor":15,"key":"REST"},{"floor":29,"key":"REST"},{"data":"MiserableFate","floor":32,"key":"SMITH"},{"data":"EternalNight","floor":41,"key":"SMITH"}],"circlet_count":0,"master_deck":["Strike_RM","Strike_RM","Strike_RM","Defend_RM","Defend_RM","Defend_RM","Defend_RM","RedMoon","ScarletShoot+1","NightDance","BombardNight","MastersStateliness","StarOfDavid+1","StarOfDavid+1","MiserableFate+1","CharismaGuard","BloodHunter","CeilingFear","SuperhumanBloodyKnife+1","CharismaGuard","J.A.X.","RedRainbow+1","CharismaGuard+1","QueenOfMidnight","ChainGang+1","RedRainbow+1","AfternoonTea","BloodyTrap+1","HeartBreak+1","BloodHunter","EternalNight+1","CharismaGuard","HunterOfTheNight+1","LeisurelyOfLord+1","ChainGang+1"],"relics":["ScarletHat","aspiration:Nostalgia","Guardian:ModeShifter","Molten Egg 2","AntiCross","Ornamental Fan","HornCleat","Strawberry","hubris:PeanutButter","Eternal Feather","hubris:RunicObelisk","hubris:MedicalManual","Regal Pillow","MerchantsRug","Bronze Scales","Bag of Preparation","Sozu","conspire:DecoderRing","Lantern","infinitespire:EmpoweringShard"],"acts_visited":["Exordium","TheCity","TheBeyond"],"potions_floor_usage":[10,16,24,25,33,39,44],"damage_taken":[{"damage":0,"enemies":"Jaw Worm","floor":1,"turns":6},{"damage":0,"enemies":"2 Louse","floor":4,"turns":5},{"damage":56,"enemies":"Lagavulin","floor":6,"turns":11},{"damage":10,"enemies":"Gremlin Nob","floor":8,"turns":3},{"damage":3,"enemies":"3 Sentries","floor":10,"turns":5},{"damage":0,"enemies":"Cultist","floor":12,"turns":2},{"damage":0,"enemies":"Gremlin Nob","floor":14,"turns":2},{"damage":14,"enemies":"Slime Boss","floor":16,"turns":6},{"damage":0,"enemies":"3 Byrds","floor":18,"turns":5},{"damage":0,"enemies":"Spheric Guardian","floor":19,"turns":2},{"damage":8,"enemies":"Chosen and Byrds","floor":22,"turns":5},{"damage":20,"enemies":"Snake Plant","floor":23,"turns":4},{"damage":28,"enemies":"Gremlin Leader","floor":24,"turns":5},{"damage":0,"enemies":"Sentry and Sphere","floor":25,"turns":6},{"damage":26,"enemies":"Slavers","floor":28,"turns":3},{"damage":0,"enemies":"Cultist and Chosen","floor":30,"turns":2},{"damage":0,"enemies":"Snecko","floor":31,"turns":3},{"damage":38,"enemies":"Champ","floor":33,"turns":9},{"damage":2,"enemies":"Orb Walker","floor":35,"turns":2},{"damage":19,"enemies":"3 Shapes","floor":39,"turns":2},{"damage":12,"enemies":"Nemesis","floor":40,"turns":5},{"damage":147,"enemies":"Giant Head","floor":44,"turns":9}],"seed_played":"-1368241340720665108","potions_obtained":[{"floor":1,"key":"Explosive Potion"},{"floor":12,"key":"DuplicationPotion"},{"floor":19,"key":"LiquidBronze"},{"floor":22,"key":"FearPotion"},{"floor":23,"key":"Guardian:BlockOnCardUsePotion"},{"floor":28,"key":"Regen Potion"},{"floor":33,"key":"LiquidBronze"}],"is_trial":false,"path_per_floor":["M","?","?","M","?","E","R","E","T","E","T","M","$","E","R","B",null,"M","M","?","?","M","M","E","M","T","$","E","R","M","M","R","B",null,"M","?","$","?","M","E","R","$","T","E"],"character_chosen":"REMILIA","items_purchased":["hubris:PeanutButter","CharismaGuard","MerchantsRug","Bronze Scales","EternalNight","CharismaGuard","Lantern"],"campfire_rested":3,"item_purchase_floors":[13,13,27,27,37,37,42],"current_hp_per_floor":[75,75,75,75,75,23,45,42,42,46,46,46,46,52,82,74,82,82,82,82,82,79,68,46,46,46,46,20,74,78,82,82,66,82,82,82,82,82,65,66,82,67,67,0,0],"gold":65,"neow_bonus":"NOSTALGIA","is_daily":false,"chose_seed":false,"campfire_upgraded":2,"win_rate":0.0,"timestamp":1613247485,"path_taken":["M","?","?","M","?","E","R","E","T","E","?","M","?","E","R","BOSS","M","M","?","?","M","M","E","M","T","?","E","R","M","M","R","BOSS","M","?","$","?","?","E","R","?","T","E"],"items_purchased_type":["Relic","Card","Relic","Relic","Card","Card","Relic"],"build_version":"2020-12-22","purchased_purges":2,"victory":false,"max_hp_per_floor":[75,75,75,75,75,75,75,75,75,82,82,82,82,82,82,82,82,82,82,82,82,82,82,82,82,82,82,82,82,82,82,82,82,82,82,82,82,82,82,82,82,82,82,82,82],"card_choices":[{"not_picked":["LeisurelyOfLord","ReincarnationDial"],"picked":"NightDance","floor":1},{"not_picked":["ReincarnationDial","BadLadyScramble"],"picked":"BombardNight","floor":4},{"not_picked":["RedNightlessCastle+1","ReincarnationDial"],"picked":"MastersStateliness","floor":6},{"not_picked":["Septette","DiffusionOfMisfortune+1"],"picked":"StarOfDavid+1","floor":8},{"not_picked":["Maim","BombardNight+1"],"picked":"StarOfDavid+1","floor":10},{"not_picked":["EndlessAdversity+1","GlobalNightmare"],"picked":"MiserableFate","floor":12},{"not_picked":["DiffusionOfMisfortune+1","VampireFantasy"],"picked":"BloodHunter","floor":14},{"not_picked":["ScarletCoffin+1","BatForm"],"picked":"CeilingFear","floor":16},{"not_picked":["MillenniumVampire","VampireSweep+1"],"picked":"SuperhumanBloodyKnife+1","floor":18},{"not_picked":["UltimateOffering+1","EndlessAdversity+1"],"picked":"CharismaGuard","floor":19},{"not_picked":["ScarletImprint+1","ScarletDevil+1"],"picked":"RedRainbow+1","floor":22},{"not_picked":["Stigmanizer+1","MiserableFate"],"picked":"CharismaGuard+1","floor":23},{"not_picked":["ScarletImprint+1","ReincarnationDial"],"picked":"QueenOfMidnight","floor":24},{"not_picked":["MastersStateliness+1","ScarletDream"],"picked":"ChainGang+1","floor":25},{"not_picked":["LeisurelyOfLord+1","Ultimatum+1"],"picked":"RedRainbow+1","floor":28},{"not_picked":["ScarletDevil+1","ScarletSymphony+1"],"picked":"AfternoonTea","floor":30},{"not_picked":["ScarletSymphony","Ultimatum+1"],"picked":"BloodyTrap+1","floor":31},{"not_picked":["BloodRain","QueenOfMidnight"],"picked":"HeartBreak+1","floor":33},{"not_picked":["MillenniumVampire+1","Stigmanizer+1"],"picked":"BloodHunter","floor":35},{"not_picked":["VampireFantasy","UnstableMagic"],"picked":"LeisurelyOfLord+1","floor":39},{"not_picked":["UltimateOffering+1","MastersStateliness"],"picked":"ChainGang+1","floor":40}],"player_experience":179979,"relics_obtained":[{"floor":6,"key":"AntiCross"},{"floor":8,"key":"Ornamental Fan"},{"floor":9,"key":"HornCleat"},{"floor":10,"key":"Strawberry"},{"floor":14,"key":"Eternal Feather"},{"floor":24,"key":"hubris:MedicalManual"},{"floor":26,"key":"Regal Pillow"},{"floor":28,"key":"Bag of Preparation"},{"floor":40,"key":"conspire:DecoderRing"},{"floor":43,"key":"infinitespire:EmpoweringShard"}],"event_choices":[{"damage_healed":0,"gold_gain":0,"player_choice":"Ignored","damage_taken":0,"max_hp_gain":0,"max_hp_loss":0,"event_name":"Ghosts","floor":20,"gold_loss":0},{"damage_healed":0,"gold_gain":0,"player_choice":"Obtain J.A.X.","damage_taken":0,"max_hp_gain":0,"max_hp_loss":0,"event_name":"Drug Dealer","floor":21,"gold_loss":0,"cards_obtained":["J.A.X."]},{"damage_healed":0,"gold_gain":0,"player_choice":"Ignored","damage_taken":0,"max_hp_gain":0,"max_hp_loss":0,"event_name":"Tomb of Lord Red Mask","floor":36,"gold_loss":0},{"damage_healed":0,"gold_gain":0,"cards_transformed":["Strike_RM"],"player_choice":"Transformed","damage_taken":0,"max_hp_gain":0,"max_hp_loss":0,"event_name":"Transmorgrifier","floor":38,"gold_loss":0,"cards_obtained":["HunterOfTheNight"]}],"is_beta":false,"boss_relics":[{"not_picked":["Tiny House","hubris:BlackHole"],"picked":"hubris:RunicObelisk"},{"not_picked":["SlaversCollar","APieceOfRedMist"],"picked":"Sozu"}],"items_purged_floors":[37,42],"is_endless":false,"potions_floor_spawned":[1,12,19,22,23,28,33,35,39],"killed_by":"Giant Head","ascension_level":3}}