{"host":"7r6bd5ce6zscnmwq","time":1613226560,"event":{"mods":["BaseMod","Block Reminder","Colored Map","Colored Powertips","Curses Come First","Downfall","Minty Spire (QoL Compilation)","Quick Restart","Spicy Shops","StSLib"],"gold_per_floor":[0,14,27,27,41,71,95,125,149,161,73,97,9,171,196,307,319,331,343,373,399,430,474,486,498,544,574,586,612,654,63,77,178,178,178,188,204,204,222,222,247,147,147,73,91,119,119,133,143,143,143,176,51,51,51,51],"floor_reached":57,"language":"ENG","playtime":5750,"items_purged":["Guardian:Strike_Guardian","Pain","Guardian:Defend_Guardian"],"score":1394,"play_id":"68027a96-a3b4-4758-9c8f-cbd7d1e42ab1","local_time":"20210213232920","is_ascension_mode":true,"campfire_choices":[{"data":"Guardian:FloatingOrbs","floor":1.0,"key":"SMITH"},{"floor":11.0,"key":"RECALL"},{"data":"Guardian:RefractedBeam","floor":13.0,"key":"SMITH"},{"data":"Guardian:RefractedBeam+1","floor":18.0,"key":"SMITH"},{"floor":25.0,"key":"REST"},{"floor":28.0,"key":"REST"},{"data":"Guardian:RefractedBeam+2","floor":35.0,"key":"SMITH"},{"data":"Guardian:TimeSifter","floor":40.0,"key":"SMITH"},{"data":"Guardian:SentryBeam","floor":42.0,"key":"SMITH"},{"data":"Guardian:Planning","floor":47.0,"key":"SMITH"},{"floor":54.0,"key":"REST"}],"circlet_count":0,"master_deck":["Guardian:Strike_Guardian","Guardian:Defend_Guardian+1","Guardian:CurlUp","Guardian:TwinSlam","Guardian:TemporalStrike","Guardian:FloatingOrbs+1","Guardian:Planning+1","Guardian:PolyBeam","Guardian:ChargeCore","Guardian:RefractedBeam+3","Guardian:TimeCapacitor","Guardian:Reroute","Guardian:Recover+1","Guardian:Incinerate+1","Guardian:SentryBeam+1","Guardian:TimeSifter+1","Guardian:ShieldCharger+1","Guardian:MultiBeam+1","Guardian:Preprogram+1"],"relics":["Guardian:ModeShifter","Happy Flower","MawBank","downfall:HeartBlessingGreen","downfall:HeartBlessingRed","Empty Cage","TungstenRod","Pen Nib","Regal Pillow","Ice Cream","Mango","War Paint","HandDrill","Runic Pyramid","downfall:HeartBlessingBlue","Medical Kit","Chemical X","StrikeDummy","Bottled Flame"],"acts_visited":["Exordium","TheCity","TheBeyond","TheEnding"],"potions_floor_usage":[],"damage_taken":[{"damage":9.0,"enemies":"2 Louse","floor":2.0,"turns":3.0},{"damage":0.0,"enemies":"Cultist","floor":3.0,"turns":4.0},{"damage":6.0,"enemies":"Jaw Worm","floor":5.0,"turns":3.0},{"damage":8.0,"enemies":"Gremlin Nob","floor":6.0,"turns":4.0},{"damage":0.0,"enemies":"Large Slime","floor":8.0,"turns":4.0},{"damage":7.0,"enemies":"Blue Slaver","floor":9.0,"turns":3.0},{"damage":0.0,"enemies":"3 Louse","floor":12.0,"turns":3.0},{"damage":10.0,"enemies":"Exordium Thugs","floor":15.0,"turns":4.0},{"damage":20.0,"enemies":"DF_ARCHETYPE_STREAMLINE","floor":16.0,"turns":5.0},{"damage":0.0,"enemies":"Chosen","floor":19.0,"turns":1.0},{"damage":0.0,"enemies":"Spheric Guardian","floor":20.0,"turns":3.0},{"damage":17.0,"enemies":"Shelled Parasite and Fungi","floor":21.0,"turns":4.0},{"damage":11.0,"enemies":"Snecko","floor":22.0,"turns":3.0},{"damage":39.0,"enemies":"Gremlin Leader","floor":23.0,"turns":6.0},{"damage":12.0,"enemies":"Book of Stabbing","floor":26.0,"turns":4.0},{"damage":0.0,"enemies":"Centurion and Healer","floor":27.0,"turns":4.0},{"damage":12.0,"enemies":"Snake Plant","floor":29.0,"turns":4.0},{"damage":16.0,"enemies":"Slavers","floor":30.0,"turns":4.0},{"damage":2.0,"enemies":"downfall:FleeingMerchant","floor":31.0,"turns":4.0},{"damage":5.0,"enemies":"Sentry and Sphere","floor":32.0,"turns":3.0},{"damage":7.0,"enemies":"SI_MIRROR_ARCHETYPE","floor":33.0,"turns":7.0},{"damage":4.0,"enemies":"3 Darklings","floor":36.0,"turns":5.0},{"damage":0.0,"enemies":"Orb Walker","floor":37.0,"turns":2.0},{"damage":0.0,"enemies":"Transient","floor":39.0,"turns":5.0},{"damage":0.0,"enemies":"downfall:FleeingMerchant","floor":44.0,"turns":4.0},{"damage":8.0,"enemies":"Spire Growth","floor":45.0,"turns":4.0},{"damage":9.0,"enemies":"Reptomancer","floor":46.0,"turns":5.0},{"damage":11.0,"enemies":"Writhing Mass","floor":48.0,"turns":3.0},{"damage":30.0,"enemies":"4 Shapes","floor":49.0,"turns":3.0},{"damage":48.0,"enemies":"IC_BLOCK_ARCHETYPE","floor":50.0,"turns":7.0},{"damage":50.0,"enemies":"downfall:CharBossMerchant","floor":52.0,"turns":7.0},{"damage":51.0,"enemies":"downfall:NeowBoss","floor":55.0,"turns":10.0},{"damage":54,"enemies":"downfall:NeowBossFinal","floor":56,"turns":9}],"seed_played":"2018083822696156993","potions_obtained":[{"floor":6.0,"key":"SteroidPotion"},{"floor":8.0,"key":"LiquidBronze"},{"floor":9.0,"key":"Strength Potion"},{"floor":16.0,"key":"SpeedPotion"},{"floor":23.0,"key":"Dexterity Potion"},{"floor":26.0,"key":"Weak Potion"},{"floor":29.0,"key":"Strength Potion"},{"floor":32.0,"key":"LiquidMemories"},{"floor":36.0,"key":"BlessingOfTheForge"},{"floor":37.0,"key":"FairyPotion"},{"floor":48.0,"key":"GamblersBrew"},{"floor":49.0,"key":"Regen Potion"}],"is_trial":false,"path_per_floor":["R","M","M","?","M","E","T","M","M","?","R","M","R","?","M","B",null,"R","M","M","M","M","E","T","R","E","M","R","M","E","$","M","B",null,"R","M","M","?","M","R","T","R","?","$","M","E","R","M","M","B",null,"E","$","R","B","B",null],"character_chosen":"GUARDIAN","items_purchased":["Mango","War Paint","HandDrill","Medical Kit","Chemical X"],"campfire_rested":3,"item_purchase_floors":[31,31,31,44,44],"current_hp_per_floor":[80,71,71,71,65,57,57,57,50,50,50,50,50,50,40,20,80,80,80,80,63,52,13,13,37,25,25,64,52,36,48,43,36,94,94,90,90,104,104,104,104,114,114,114,106,97,97,86,56,23,118,68,68,118,67,13],"gold":51,"neow_bonus":"TRANSFORM_TWO_CARDS","is_daily":false,"chose_seed":false,"campfire_upgraded":7,"win_rate":0.0,"timestamp":1613226560,"path_taken":["R","M","M","?","M","E","T","M","?","?","R","M","R","?","M","BOSS","R","M","M","M","M","E","T","R","E","M","R","M","E","$","M","BOSS","R","M","M","?","M","R","T","R","?","$","M","E","R","?","M","BOSS","E","$","R","BOSS","BOSS"],"items_purchased_type":["Relic","Relic","Relic","Relic","Relic"],"build_version":"2020-12-22","purchased_purges":3,"victory":true,"max_hp_per_floor":[80,80,80,80,80,80,80,80,80,80,80,80,80,80,80,80,80,80,80,80,80,80,80,80,80,80,80,80,80,80,94,94,94,94,94,94,94,108,108,108,108,118,118,118,118,118,118,118,118,118,118,118,118,118,118,118],"card_choices":[{"not_picked":["Guardian:Gem_Cyan","Guardian:Suspension"],"picked":"Guardian:Planning","floor":2.0},{"not_picked":["Guardian:ShieldCharger","Guardian:Gem_Green"],"picked":"Guardian:PolyBeam","floor":3.0},{"not_picked":["Guardian:SentryBeam","Guardian:Suspension"],"picked":"Guardian:Incinerate","floor":5.0},{"not_picked":["Guardian:TemporalStrike","Guardian:SpikerProtocol","Guardian:RollAttack"],"picked":"SKIP","floor":6.0},{"not_picked":["Guardian:ShieldCharger","Guardian:SphericShield"],"picked":"Guardian:RefractedBeam","floor":8.0},{"not_picked":["Guardian:Gem_Green","Guardian:ArmoredProtocol"],"picked":"Guardian:Gem_Cyan","floor":9.0},{"not_picked":["Guardian:DonusPower","Guardian:CrystalBeam"],"picked":"Guardian:TimeCapacitor","floor":12.0},{"not_picked":["Guardian:RollAttack","Guardian:Gem_Green"],"picked":"Guardian:Reroute","floor":15.0},{"not_picked":["Guardian:BaubleBeam","Guardian:ConstructionForm"],"picked":"Guardian:Gem_Orange","floor":16.0},{"not_picked":["Guardian:PolyBeam","Guardian:ArmoredProtocol"],"picked":"Guardian:Recover","floor":19.0},{"not_picked":["Guardian:PiercingHide","Guardian:Suspension"],"picked":"Guardian:Gem_Fragmented","floor":20.0},{"not_picked":["Guardian:Planning","Guardian:Gem_Lightblue"],"picked":"Guardian:Incinerate+1","floor":21.0},{"not_picked":["Guardian:Gem_Blue","Guardian:PiercingHide"],"picked":"Guardian:SentryBeam","floor":22.0},{"not_picked":["Guardian:SphericShield","Guardian:MultiBeam+1"],"picked":"Guardian:Gem_Purple","floor":23.0},{"not_picked":["Guardian:Clone","Guardian:CrystalBeam","Guardian:PiercingHide+1"],"picked":"SKIP","floor":26.0},{"not_picked":["Guardian:Clone+1","Guardian:Gem_Lightblue"],"picked":"Guardian:Gem_Purple","floor":27.0},{"not_picked":["Guardian:Suspension+1","Guardian:Gem_Cyan","Guardian:PrismaticBarrier+1"],"picked":"SKIP","floor":29.0},{"not_picked":["Guardian:Recover","Guardian:Gem_Green","Guardian:Gem_Red"],"picked":"SKIP","floor":30.0},{"not_picked":["Guardian:ChargeCore+1","Guardian:Reroute+1"],"picked":"Guardian:Gem_Orange","floor":31.0},{"not_picked":["Guardian:Planning","Guardian:Suspension"],"picked":"Guardian:Gem_Crimson","floor":32.0},{"not_picked":["Guardian:AncientConstruct","Guardian:GatlingBeam"],"picked":"Guardian:TimeSifter","floor":33.0},{"not_picked":["Guardian:PrimingBeam","Guardian:Reroute","Guardian:Gem_Lightblue"],"picked":"SKIP","floor":36.0},{"not_picked":["Guardian:Reroute+1","Guardian:TemporalStrike"],"picked":"Guardian:ShieldCharger+1","floor":37.0},{"not_picked":["Guardian:TemporalShield","Guardian:Recover"],"picked":"Guardian:MultiBeam+1","floor":39.0},{"not_picked":["Guardian:Gem_Red","Guardian:PrismaticBarrier+1"],"picked":"Guardian:Gem_Orange","floor":44.0},{"not_picked":["Guardian:DecasProtection","Guardian:Gem_Red","Guardian:RollAttack+1"],"picked":"SKIP","floor":45.0},{"not_picked":["Guardian:PrimingBeam+1","Guardian:RollAttack+1","Guardian:BodySlam+1"],"picked":"SKIP","floor":46.0},{"not_picked":["Guardian:PrimingBeam+1","Guardian:RollAttack+1","Guardian:BodySlam+1"],"picked":"SKIP","floor":46.0},{"not_picked":["Guardian:Suspension","Guardian:WalkerClaw"],"picked":"Guardian:Preprogram+1","floor":48.0},{"not_picked":["Guardian:TemporalStrike+1","Guardian:SentryBeam+1","Guardian:ArmoredProtocol"],"picked":"SKIP","floor":49.0},{"not_picked":["Guardian:WalkerClaw+1","Guardian:Gem_Fragmented","Guardian:TemporalStrike"],"picked":"SKIP","floor":52.0}],"player_experience":671111,"relics_obtained":[{"floor":6.0,"key":"Happy Flower"},{"floor":7.0,"key":"MawBank"},{"floor":23.0,"key":"TungstenRod"},{"floor":24.0,"key":"Pen Nib"},{"floor":26.0,"key":"Regal Pillow"},{"floor":30.0,"key":"Ice Cream"},{"floor":46.0,"key":"StrikeDummy"},{"floor":52.0,"key":"Bottled Flame"}],"event_choices":[{"cards_removed":["Guardian:Incinerate"],"damage_healed":0.0,"max_hp_gain":0.0,"max_hp_loss":0.0,"gold_gain":0.0,"event_name":"Falling","player_choice":"Removed Attack","floor":43.0,"gold_loss":0.0,"damage_taken":0.0}],"is_beta":false,"boss_relics":[{"not_picked":["Tiny House","bronze:MakeshiftBattery"],"picked":"Empty Cage"},{"not_picked":["Velvet Choker","Coffee Dripper"],"picked":"Runic Pyramid"}],"items_purged_floors":[31,44,53],"is_endless":false,"potions_floor_spawned":[6,8,9,16,23,26,29,32,36,37,48,49],"ascension_level":1}}