{"host":"3n5xmnb54n2y5mb4","time":1613248686,"event":{"mods":["BaseMod","Colored Map","Colored Powertips","Downfall","Minty Spire (QoL Compilation)","Permanent Neow","StSLib","Unceasing Turn Reminder","everything is the same but u backflip on backflip"],"gold_per_floor":[115,115,133,64,64,64,89,99,99,79,106,122,136,155,155,257,257,257,257,257,257,257,257,257,257,257,257,257,257,257,6,6,6,6],"floor_reached":33,"language":"ENG","playtime":1302,"items_purged":[],"score":532,"play_id":"f9621f66-f0ff-4512-aa84-5d6e56d6dfc5","local_time":"20210213153806","is_ascension_mode":true,"campfire_choices":[{"data":"Neutralize","floor":6.0,"key":"SMITH"},{"floor":15,"key":"REST"},{"floor":23,"key":"REST"},{"floor":29,"key":"REST"},{"data":"After Image","floor":32,"key":"SMITH"}],"circlet_count":0,"master_deck":["AscendersBane","Strike_G","Strike_G","Strike_G","Strike_G","Defend_G","Defend_G","Defend_G","Defend_G","Defend_G","Survivor","Neutralize+1","Unload","Endless Agony","Acrobatics","Caltrops","Dodge and Roll","Doppelganger","Slice","Outmaneuver","Eviscerate","After Image+1","Slice+1","downfall:Haunted","downfall:Haunted","Shame","Malaise","Regret","Backstab","RitualDagger","Tactician+1","Terror+1","Skewer","Concentrate"],"relics":["Ring of the Snake","TungstenRod","StoneCalendar","Vajra","Ectoplasm","Du-Vu Doll","Enchiridion","Peace Pipe","StrikeDummy","Mummified Hand"],"acts_visited":["Exordium","TheCity"],"potions_floor_usage":[24],"damage_taken":[{"damage":0.0,"enemies":"2 Louse","floor":1.0,"turns":2.0},{"damage":0.0,"enemies":"Cultist","floor":3.0,"turns":3.0},{"damage":30.0,"enemies":"Gremlin Nob","floor":7.0,"turns":5.0},{"damage":3.0,"enemies":"Small Slimes","floor":8.0,"turns":4.0},{"damage":16,"enemies":"Lagavulin","floor":11,"turns":7},{"damage":3,"enemies":"Red Slaver","floor":12,"turns":4},{"damage":0,"enemies":"Exordium Wildlife","floor":13,"turns":2},{"damage":9,"enemies":"3 Louse","floor":14,"turns":6},{"damage":8,"enemies":"Hexaghost","floor":16,"turns":9},{"damage":0,"enemies":"3 Byrds","floor":18,"turns":4},{"damage":4,"enemies":"Spheric Guardian","floor":20,"turns":3},{"damage":0,"enemies":"Chosen and Byrds","floor":24,"turns":4},{"damage":7,"enemies":"Centurion and Healer","floor":25,"turns":6},{"damage":1,"enemies":"Cultist and Chosen","floor":27,"turns":3},{"damage":11,"enemies":"Snake Plant","floor":28,"turns":2},{"damage":7,"enemies":"Book of Stabbing","floor":30,"turns":3},{"damage":60,"enemies":"Automaton","floor":33,"turns":6}],"seed_played":"-603211903524708762","potions_obtained":[{"floor":1.0,"key":"DuplicationPotion"},{"floor":10,"key":"SpeedPotion"},{"floor":11,"key":"Strength Potion"},{"floor":30,"key":"Fire Potion"}],"is_trial":false,"path_per_floor":["M","?","M","$","?","R","E","M","T","?","E","M","M","M","R","B",null,"M","?","M","?","?","R","M","M","T","M","M","R","E","$","R","B"],"character_chosen":"THE_SILENT","items_purchased":["Caltrops","Mummified Hand"],"campfire_rested":3,"item_purchase_floors":[4,31],"current_hp_per_floor":[63,63,63,63,63,63,33,30,30,30,14,11,11,2,23,15,56,56,61,57,52,40,62,62,55,55,54,43,65,58,58,58,0,0],"gold":6,"neow_bonus":"ONE_RANDOM_RARE_CARD","is_daily":false,"chose_seed":false,"campfire_upgraded":2,"win_rate":0.0,"timestamp":1613248686,"path_taken":["M","?","?","$","?","R","E","M","T","?","E","?","M","M","R","BOSS","M","?","M","?","?","R","M","M","T","M","M","R","E","?","R","BOSS"],"items_purchased_type":["Card","Relic"],"build_version":"2020-12-22","purchased_purges":0,"victory":false,"max_hp_per_floor":[70,70,70,70,70,70,70,70,70,70,70,70,70,70,70,70,70,70,75,75,75,75,75,75,75,75,75,75,75,75,75,75,75,75],"card_choices":[{"not_picked":["Flechettes","Cloak And Dagger"],"picked":"Endless Agony","floor":1.0},{"not_picked":["Deadly Poison","Terror"],"picked":"Acrobatics","floor":3.0},{"not_picked":["Riddle With Holes","Dagger Spray","Deadly Poison"],"picked":"SKIP","floor":7.0},{"not_picked":["Poisoned Stab","Bane"],"picked":"Dodge and Roll","floor":8.0},{"not_picked":["Flying Knee","Setup"],"picked":"Doppelganger","floor":11},{"not_picked":["PiercingWail","Poisoned Stab"],"picked":"Slice","floor":12},{"not_picked":["Escape Plan","Envenom"],"picked":"Outmaneuver","floor":13},{"not_picked":["Dagger Throw","PiercingWail"],"picked":"Eviscerate","floor":14},{"not_picked":["Bullet Time","Malaise"],"picked":"After Image","floor":16},{"not_picked":["Poisoned Stab+1","Crippling Poison"],"picked":"Slice+1","floor":18},{"not_picked":["Deflect+1","Outmaneuver"],"picked":"Backstab","floor":20},{"not_picked":["Slice","Endless Agony"],"picked":"Tactician+1","floor":24},{"not_picked":["Heel Hook","Poisoned Stab"],"picked":"Terror+1","floor":25},{"not_picked":["Dodge and Roll","Terror","Crippling Poison+1"],"picked":"SKIP","floor":27},{"not_picked":["PiercingWail","Backstab"],"picked":"Skewer","floor":28},{"not_picked":["Dagger Throw","Prepared"],"picked":"Concentrate","floor":30}],"player_experience":1068522,"relics_obtained":[{"floor":7.0,"key":"TungstenRod"},{"floor":9.0,"key":"StoneCalendar"},{"floor":11,"key":"Vajra"},{"floor":22,"key":"Enchiridion"},{"floor":26,"key":"Peace Pipe"},{"floor":30,"key":"StrikeDummy"}],"event_choices":[{"cards_removed":["Strike_G"],"damage_healed":0.0,"max_hp_gain":0.0,"max_hp_loss":0.0,"gold_gain":0.0,"event_name":"Purifier","player_choice":"Purged","floor":2.0,"gold_loss":0.0,"damage_taken":0.0},{"damage_healed":0.0,"max_hp_gain":0.0,"max_hp_loss":0.0,"gold_gain":0.0,"event_name":"Liars Game","player_choice":"Ignored","floor":5.0,"gold_loss":0.0,"damage_taken":0.0},{"damage_healed":0,"gold_gain":0,"player_choice":"Bought 1 Potion","damage_taken":0,"max_hp_gain":0,"max_hp_loss":0,"event_name":"The Woman in Blue","floor":10,"gold_loss":0},{"damage_healed":0,"gold_gain":0,"player_choice":"Joined the Cult","damage_taken":6,"max_hp_gain":0,"max_hp_loss":0,"event_name":"Nest","floor":21,"gold_loss":0,"cards_obtained":["RitualDagger"]},{"damage_healed":0,"gold_gain":0,"player_choice":"Obtained Book","damage_taken":16,"max_hp_gain":0,"max_hp_loss":0,"event_name":"Cursed Tome","floor":22,"gold_loss":0}],"is_beta":false,"boss_relics":[{"not_picked":["Black Star","WristBlade"],"picked":"Ectoplasm"}],"items_purged_floors":[],"is_endless":false,"potions_floor_spawned":[1,11,12,14,16,18,30],"killed_by":"Automaton","ascension_level":11}}