{"host":"eglukmwb6rueyn6u","time":1613214703,"event":{"mods":["BaseMod","Colored Map","Minty Spire (QoL Compilation)"],"gold_per_floor":[117,292,0,75,89,89,116,116,116,116,132,142,74,91,91,192,192,209,209,227,245,92,92,104,104,104],"floor_reached":25,"language":"ENG","playtime":1744,"items_purged":["Doubt"],"score":228,"play_id":"c6295937-7d48-467b-97c0-d7728e45ce9e","local_time":"20210213131143","is_ascension_mode":false,"campfire_choices":[{"data":"Static Discharge","floor":6,"key":"SMITH"},{"data":"Zap","floor":10,"key":"SMITH"},{"data":"Machine Learning","floor":15,"key":"SMITH"},{"floor":23,"key":"REST"}],"circlet_count":0,"master_deck":["Strike_B","Strike_B","Strike_B","Strike_B","Defend_B","Defend_B","Defend_B","Defend_B","Zap+1","Dualcast","Coolheaded","Static Discharge+1","Conserve Battery","Barrage","Cold Snap","Blizzard","Machine Learning+1","Seek","Chaos","Static Discharge+1","Sweeping Beam+1","Beam Cell+1","Melter","Storm","Static Discharge+1"],"relics":["Cracked Core","NeowsBlessing","Lantern","Matryoshka","Boot","Centennial Puzzle","Ice Cream","Black Star"],"acts_visited":["Exordium","TheCity"],"potions_floor_usage":[20],"damage_taken":[{"damage":0,"enemies":"Jaw Worm","floor":1,"turns":1},{"damage":0,"enemies":"Small Slimes","floor":5,"turns":1},{"damage":0,"enemies":"Gremlin Nob","floor":7,"turns":1},{"damage":0,"enemies":"Cultist","floor":11,"turns":3},{"damage":4,"enemies":"Exordium Wildlife","floor":12,"turns":4},{"damage":0,"enemies":"Exordium Thugs","floor":14,"turns":4},{"damage":4,"enemies":"Slime Boss","floor":16,"turns":9},{"damage":14,"enemies":"3 Byrds","floor":18,"turns":3},{"damage":24,"enemies":"2 Thieves","floor":20,"turns":3},{"damage":13,"enemies":"Cultist and Chosen","floor":21,"turns":4},{"damage":24,"enemies":"Centurion and Healer","floor":24,"turns":5},{"damage":27,"enemies":"Shelled Parasite and Fungi","floor":25,"turns":2}],"seed_played":"1274409722046803929","potions_obtained":[{"floor":7,"key":"Regen Potion"},{"floor":12,"key":"Dexterity Potion"},{"floor":14,"key":"Block Potion"},{"floor":20,"key":"Dexterity Potion"}],"is_trial":false,"path_per_floor":["M","?","$","?","M","R","E","?","T","R","M","M","$","M","R","B",null,"M","?","M","M","$","R","M","M"],"character_chosen":"DEFECT","items_purchased":["Lantern","Static Discharge","Blizzard","Melter","Storm"],"campfire_rested":1,"item_purchase_floors":[3,3,13,22,22],"current_hp_per_floor":[75,75,75,64,64,64,64,64,64,64,64,60,60,60,60,56,75,61,61,37,24,24,46,22,0,0],"gold":104,"neow_bonus":"THREE_ENEMY_KILL","is_daily":false,"chose_seed":false,"campfire_upgraded":3,"win_rate":0.0,"timestamp":1613214703,"path_taken":["M","?","$","?","M","R","E","?","T","R","?","M","$","M","R","BOSS","M","?","M","M","?","R","M","?"],"items_purchased_type":["Relic","Card","Card","Card","Card"],"build_version":"2020-12-22","purchased_purges":1,"victory":false,"max_hp_per_floor":[75,75,75,75,75,75,75,75,75,75,75,75,75,75,75,75,75,75,75,75,75,75,75,75,75,75],"card_choices":[{"not_picked":["Darkness","Sweeping Beam"],"picked":"Coolheaded","floor":1},{"not_picked":["Barrage","Reinforced Body"],"picked":"Conserve Battery","floor":5},{"not_picked":["Cold Snap","Skim"],"picked":"Barrage","floor":7},{"not_picked":["Ball Lightning","Streamline"],"picked":"Cold Snap","floor":11},{"not_picked":["Steam","Gash","Compile Driver"],"picked":"SKIP","floor":12},{"not_picked":["Darkness","Blizzard"],"picked":"Machine Learning","floor":14},{"not_picked":["Multi-Cast","Fission"],"picked":"Seek","floor":16},{"not_picked":["Stack+1","Ball Lightning"],"picked":"Chaos","floor":18},{"not_picked":["Gash","Coolheaded+1"],"picked":"Sweeping Beam+1","floor":20},{"not_picked":["Conserve Battery","BootSequence+1"],"picked":"Beam Cell+1","floor":21},{"not_picked":["Cold Snap","Leap"],"picked":"Static Discharge+1","floor":24}],"player_experience":9849,"relics_obtained":[{"floor":7,"key":"Matryoshka"},{"floor":9,"key":"Centennial Puzzle"},{"floor":9,"key":"Ice Cream"}],"event_choices":[{"damage_healed":0,"gold_gain":175,"player_choice":"AGREE","damage_taken":0,"max_hp_gain":0,"max_hp_loss":0,"event_name":"Liars Game","floor":2,"gold_loss":0,"cards_obtained":["Doubt"]},{"damage_healed":0,"gold_gain":75,"player_choice":"Gather Gold","damage_taken":11,"max_hp_gain":0,"max_hp_loss":0,"event_name":"World of Goop","floor":4,"gold_loss":0},{"damage_healed":0,"gold_gain":0,"player_choice":"Gave Potion","damage_taken":0,"relics_obtained":["Boot"],"max_hp_gain":0,"max_hp_loss":0,"event_name":"WeMeetAgain","floor":8,"gold_loss":0},{"damage_healed":0,"gold_gain":0,"player_choice":"Copied","damage_taken":0,"max_hp_gain":0,"max_hp_loss":0,"event_name":"Duplicator","floor":19,"gold_loss":0,"cards_obtained":["Static Discharge"]}],"is_beta":false,"boss_relics":[{"not_picked":["Coffee Dripper","Tiny House"],"picked":"Black Star"}],"items_purged_floors":[3],"is_endless":false,"potions_floor_spawned":[7,12,14,20],"killed_by":"Shelled Parasite and Fungi","ascension_level":0}}