{"host":"k97npy6own8k4xam","time":1613253418,"event":{"mods":["BaseMod","Bestiary","Minty Spire (QoL Compilation)","Relic Stats","StSLib","ojb\u0027s Better Paths Mod"],"gold_per_floor":[119,139,139,27,27,27,63,79,79,113,129,153,192,227,227,355,355,371,394,417,327,350,350,389,389,389,432,455,469,487,518,518,641,641,659,679,679,1678,1283,1327,1327,1360,1360,1398,1398,1398,1421,688,688,688,688,688,47,82,82],"floor_reached":56,"language":"ITA","playtime":3775,"items_purged":["Strike_G","Normality","Backstab"],"score":1522,"play_id":"7fce61b8-6664-44f2-82af-260c7c62ae09","local_time":"20210213225658","is_ascension_mode":true,"campfire_choices":[{"floor":6.0,"key":"RECALL"},{"data":"Strike_G","floor":15.0,"key":"PURGE"},{"data":"Strike_G","floor":23.0,"key":"PURGE"},{"data":"Strike_G","floor":25.0,"key":"PURGE"},{"data":"Defend_G","floor":32.0,"key":"PURGE"},{"data":"Normality","floor":41.0,"key":"PURGE"},{"data":"1","floor":45.0,"key":"LIFT"},{"data":"2","floor":49.0,"key":"LIFT"},{"data":"3","floor":52,"key":"LIFT"}],"circlet_count":0,"master_deck":["Survivor","Neutralize+1","Poisoned Stab+1","Quick Slash","Blade Dance","PiercingWail","Poisoned Stab","Blade Dance","Acrobatics","After Image+1","Leg Sweep+1","Night Terror","Setup","PiercingWail+1","Crippling Poison","Envenom","Eviscerate+1","Choke","Crippling Poison","Backflip+1","Wraith Form v2","Eviscerate+1","Tactician+1","Infinite Blades+1","Dash+1","Underhanded Strike+1","Predator+1","Blade Dance","Cloak And Dagger+1","Choke+1","Malaise"],"relics":["Fusion Hammer","Golden Idol","Peace Pipe","Calipers","Anchor","Gremlin Horn","Odd Mushroom","Snecko Eye","Bag of Preparation","HornCleat","Toy Ornithopter","Potion Belt","Astrolabe","Ancient Tea Set","Blood Vial","Boot","Whetstone","Girya","Vajra","Omamori","TheAbacus","Frozen Eye","Lantern","The Specimen","Oddly Smooth Stone"],"acts_visited":["Exordium","TheCity","TheBeyond","TheEnding"],"potions_floor_usage":[55,55,55,55],"damage_taken":[{"damage":0.0,"enemies":"Jaw Worm","floor":1.0,"turns":4.0},{"damage":0.0,"enemies":"Cultist","floor":2.0,"turns":4.0},{"damage":20.0,"enemies":"Gremlin Nob","floor":7.0,"turns":4.0},{"damage":0.0,"enemies":"2 Louse","floor":8.0,"turns":2.0},{"damage":9.0,"enemies":"Lagavulin","floor":10.0,"turns":8.0},{"damage":0.0,"enemies":"Large Slime","floor":11.0,"turns":3.0},{"damage":0.0,"enemies":"3 Louse","floor":12.0,"turns":2.0},{"damage":7.0,"enemies":"3 Sentries","floor":13.0,"turns":6.0},{"damage":0.0,"enemies":"The Mushroom Lair","floor":14.0,"turns":3.0},{"damage":6.0,"enemies":"The Guardian","floor":16.0,"turns":13.0},{"damage":5.0,"enemies":"3 Byrds","floor":18.0,"turns":5.0},{"damage":2.0,"enemies":"Chosen","floor":19.0,"turns":5.0},{"damage":5.0,"enemies":"Snecko","floor":20.0,"turns":6.0},{"damage":5.0,"enemies":"Centurion and Healer","floor":22.0,"turns":7.0},{"damage":4.0,"enemies":"Slavers","floor":24.0,"turns":5.0},{"damage":0.0,"enemies":"Book of Stabbing","floor":27.0,"turns":6.0},{"damage":0.0,"enemies":"Cultist and Chosen","floor":28.0,"turns":2.0},{"damage":2.0,"enemies":"Shelled Parasite and Fungi","floor":29.0,"turns":4.0},{"damage":0.0,"enemies":"Snecko","floor":30.0,"turns":3.0},{"damage":0.0,"enemies":"Gremlin Leader","floor":31.0,"turns":5.0},{"damage":13.0,"enemies":"Champ","floor":33.0,"turns":11.0},{"damage":0.0,"enemies":"Orb Walker","floor":35.0,"turns":4.0},{"damage":0.0,"enemies":"3 Shapes","floor":36.0,"turns":7.0},{"damage":0.0,"enemies":"Reptomancer","floor":40.0,"turns":5.0},{"damage":0.0,"enemies":"Giant Head","floor":42.0,"turns":6.0},{"damage":0.0,"enemies":"Reptomancer","floor":44.0,"turns":4.0},{"damage":0.0,"enemies":"3 Darklings","floor":47.0,"turns":4.0},{"damage":10,"enemies":"Awakened One","floor":50,"turns":7},{"damage":0,"enemies":"Shield and Spear","floor":54,"turns":5},{"damage":45,"enemies":"The Heart","floor":55,"turns":8}],"seed_played":"2636431476044529632","potions_obtained":[{"floor":2.0,"key":"DuplicationPotion"},{"floor":7.0,"key":"LiquidMemories"},{"floor":10.0,"key":"ColorlessPotion"},{"floor":12.0,"key":"SpeedPotion"},{"floor":13.0,"key":"FearPotion"},{"floor":19.0,"key":"Fire Potion"},{"floor":27.0,"key":"LiquidBronze"},{"floor":29.0,"key":"Poison Potion"},{"floor":30.0,"key":"SteroidPotion"},{"floor":31.0,"key":"GamblersBrew"},{"floor":40.0,"key":"Regen Potion"},{"floor":42.0,"key":"Explosive Potion"},{"floor":54,"key":"AttackPotion"}],"is_trial":false,"path_per_floor":["M","M","?","$","?","R","E","M","T","E","M","M","E","?","R","B",null,"M","M","M","?","M","R","E","R","T","E","M","M","M","E","R","B",null,"M","M","?","?","$","E","R","E","T","E","R","?","M","$","R","B",null,"R","$","E","B",null],"character_chosen":"THE_SILENT","items_purchased":["Backstab","Ancient Tea Set","Blood Vial","Vajra","Omamori","TheAbacus","Malaise","Frozen Eye","Lantern","FearPotion","The Specimen"],"campfire_rested":0,"item_purchase_floors":[4,39,39,48,48,48,48,53,53,53,53],"current_hp_per_floor":[70,70,70,70,65,65,45,45,45,36,36,36,29,29,29,23,65,60,58,53,53,48,48,44,44,44,44,44,42,42,42,42,29,65,65,65,65,65,65,65,65,65,65,65,65,65,65,65,65,55,65,65,65,65,49],"gold":82,"neow_bonus":"BOSS_RELIC","is_daily":false,"chose_seed":false,"campfire_upgraded":0,"win_rate":0.0,"timestamp":1613253418,"path_taken":["M","M","?","?","?","R","E","M","T","E","M","M","E","?","R","BOSS","M","M","M","?","?","R","E","R","T","E","M","?","M","E","R","BOSS","M","M","?","?","$","E","R","E","T","E","R","?","M","$","R","BOSS","R","$","E","BOSS"],"items_purchased_type":["Card","Relic","Relic","Relic","Relic","Relic","Card","Relic","Relic","Potion","Relic"],"build_version":"2020-12-22","purchased_purges":3,"victory":true,"max_hp_per_floor":[70,70,70,70,65,65,65,65,65,65,65,65,65,65,65,65,65,65,65,65,65,65,65,65,65,65,65,65,65,65,65,65,65,65,65,65,65,65,65,65,65,65,65,65,65,65,65,65,65,65,65,65,65,65,65],"relic_stats":{"Gremlin Horn":[27,27],"counters":[30,158],"Golden Idol":238,"Astrolabe":["Eviscerate","Tactician","Infinite Blades"],"Bag of Preparation":[30],"Whetstone":["Neutralize","Poisoned Stab"],"Boot":[22],"Peace Pipe":6,"Blood Vial":0,"TheAbacus":[30],"Snecko Eye":[217,216,225,224],"obtain_stats":[{"Lantern":53,"Calipers":9,"Gremlin Horn":13,"Vajra":48,"Bag of Preparation":24,"Whetstone":42,"Ancient Tea Set":39,"Boot":40,"Blood Vial":39,"Frozen Eye":53,"HornCleat":26,"TheAbacus":48,"Fusion Hammer":0,"Ring of the Snake":0,"Potion Belt":31,"Girya":44,"The Specimen":53,"Golden Idol":5,"Astrolabe":34,"Oddly Smooth Stone":54,"Omamori":48,"Odd Mushroom":14,"Peace Pipe":7,"Anchor":10,"Snecko Eye":17,"Toy Ornithopter":27},{"Lantern":28,"Calipers":4,"Gremlin Horn":8,"Vajra":27,"Bag of Preparation":15,"Whetstone":25,"Ancient Tea Set":23,"Boot":24,"Blood Vial":23,"Frozen Eye":28,"HornCleat":15,"TheAbacus":27,"Fusion Hammer":0,"Ring of the Snake":0,"Potion Belt":20,"Girya":26,"The Specimen":28,"Golden Idol":2,"Astrolabe":21,"Oddly Smooth Stone":29,"Omamori":27,"Odd Mushroom":9,"Peace Pipe":3,"Anchor":5,"Snecko Eye":10,"Toy Ornithopter":16},{"Lantern":145,"Calipers":14,"Gremlin Horn":33,"Vajra":138,"Bag of Preparation":77,"Whetstone":130,"Ancient Tea Set":119,"Boot":124,"Blood Vial":119,"Frozen Eye":145,"HornCleat":77,"TheAbacus":138,"Fusion Hammer":0,"Ring of the Snake":0,"Potion Belt":97,"Girya":134,"The Specimen":145,"Golden Idol":8,"Astrolabe":108,"Oddly Smooth Stone":150,"Omamori":138,"Odd Mushroom":36,"Peace Pipe":12,"Anchor":22,"Snecko Eye":49,"Toy Ornithopter":83}],"Toy Ornithopter":18},"card_choices":[{"not_picked":["Sucker Punch","Prepared"],"picked":"Poisoned Stab","floor":1.0},{"not_picked":["A Thousand Cuts","Sucker Punch"],"picked":"Quick Slash","floor":2.0},{"not_picked":["Concentrate","Envenom"],"picked":"Blade Dance","floor":7.0},{"not_picked":["Riddle With Holes","Masterful Stab"],"picked":"PiercingWail","floor":8.0},{"not_picked":["Bane","Outmaneuver"],"picked":"Poisoned Stab","floor":10.0},{"not_picked":["Setup","Underhanded Strike"],"picked":"Blade Dance","floor":11.0},{"not_picked":["Dagger Spray","Slice"],"picked":"Acrobatics","floor":12.0},{"not_picked":["Dagger Spray","Noxious Fumes"],"picked":"After Image","floor":13.0},{"not_picked":["All Out Attack","Setup"],"picked":"Leg Sweep","floor":14.0},{"not_picked":["Phantasmal Killer","Glass Knife"],"picked":"Night Terror","floor":16.0},{"not_picked":["Bane","Acrobatics+1"],"picked":"Setup","floor":18.0},{"not_picked":["Backflip","Dagger Spray","Slice+1"],"picked":"SKIP","floor":19.0},{"not_picked":["Quick Slash","Flechettes"],"picked":"PiercingWail+1","floor":20.0},{"not_picked":["Calculated Gamble","Distraction"],"picked":"Crippling Poison","floor":22.0},{"not_picked":["Distraction","Escape Plan"],"picked":"Envenom","floor":24.0},{"not_picked":["Dagger Spray","Calculated Gamble"],"picked":"Eviscerate+1","floor":27.0},{"not_picked":["Slice","PiercingWail","Outmaneuver"],"picked":"SKIP","floor":28.0},{"not_picked":["Flying Knee+1","Outmaneuver"],"picked":"Choke","floor":29.0},{"not_picked":["Deflect+1","Noxious Fumes"],"picked":"Crippling Poison","floor":30.0},{"not_picked":["Blade Dance","Dodge and Roll"],"picked":"Backflip+1","floor":31.0},{"not_picked":["Adrenaline","Unload"],"picked":"Wraith Form v2","floor":33.0},{"not_picked":["Deflect","Prepared+1"],"picked":"Dash+1","floor":35.0},{"not_picked":["PiercingWail+1","Flying Knee"],"picked":"Underhanded Strike+1","floor":36.0},{"not_picked":["Riddle With Holes+1","Deflect"],"picked":"Predator+1","floor":40.0},{"not_picked":["Deadly Poison","Burst"],"picked":"Blade Dance","floor":42.0},{"not_picked":["Flechettes","Deflect+1"],"picked":"Cloak And Dagger+1","floor":44.0},{"not_picked":["Bouncing Flask","Dagger Throw"],"picked":"Choke+1","floor":47.0},{"not_picked":["Bane+1","Poisoned Stab+1","Cloak And Dagger"],"picked":"SKIP","floor":54}],"player_experience":436572,"relics_obtained":[{"floor":7.0,"key":"Peace Pipe"},{"floor":9.0,"key":"Calipers"},{"floor":10.0,"key":"Anchor"},{"floor":13.0,"key":"Gremlin Horn"},{"floor":14.0,"key":"Odd Mushroom"},{"floor":24.0,"key":"Bag of Preparation"},{"floor":26.0,"key":"HornCleat"},{"floor":27.0,"key":"Toy Ornithopter"},{"floor":31.0,"key":"Potion Belt"},{"floor":40.0,"key":"Boot"},{"floor":42.0,"key":"Whetstone"},{"floor":44.0,"key":"Girya"},{"floor":54,"key":"Oddly Smooth Stone"}],"event_choices":[{"cards_removed":["Defend_G"],"damage_healed":0.0,"max_hp_gain":0.0,"max_hp_loss":0.0,"gold_gain":0.0,"event_name":"Bonfire Elementals","player_choice":"Offered Basic","floor":3.0,"gold_loss":0.0,"damage_taken":0.0},{"damage_healed":0.0,"max_hp_gain":0.0,"max_hp_loss":5.0,"gold_gain":0.0,"event_name":"Golden Idol","player_choice":"Lose Max HP","floor":5.0,"gold_loss":0.0,"damage_taken":0.0,"relics_obtained":["Golden Idol"]},{"damage_healed":0.0,"max_hp_gain":0.0,"max_hp_loss":0.0,"gold_gain":0.0,"event_name":"Mushrooms","player_choice":"Fought Mushrooms","floor":14.0,"gold_loss":0.0,"damage_taken":0.0},{"cards_removed":["Strike_G"],"damage_healed":0.0,"max_hp_gain":0.0,"max_hp_loss":0.0,"gold_gain":0.0,"event_name":"Designer","player_choice":"Upgrade and Remove","floor":21.0,"gold_loss":90.0,"damage_taken":0.0,"cards_upgraded":["Leg Sweep"]},{"damage_healed":0.0,"max_hp_gain":0.0,"max_hp_loss":0.0,"gold_gain":0.0,"event_name":"SensoryStone","player_choice":"Memory 1","floor":37.0,"gold_loss":0.0,"damage_taken":0.0},{"damage_healed":0.0,"max_hp_gain":0.0,"max_hp_loss":0.0,"gold_gain":999.0,"event_name":"MindBloom","player_choice":"Gold","floor":38.0,"gold_loss":0.0,"damage_taken":0.0,"cards_obtained":["Normality","Normality"]},{"damage_healed":0.0,"max_hp_gain":0.0,"max_hp_loss":0.0,"gold_gain":0.0,"event_name":"Upgrade Shrine","player_choice":"Upgraded","floor":46.0,"gold_loss":0.0,"damage_taken":0.0,"cards_upgraded":["After Image"]}],"is_beta":false,"boss_relics":[{"not_picked":["Sozu","WristBlade"],"picked":"Snecko Eye"},{"not_picked":["Runic Dome","Cursed Key"],"picked":"Astrolabe"}],"items_purged_floors":[4,39,48],"is_endless":false,"potions_floor_spawned":[2,7,10,12,13,19,27,29,30,31,40,42,54],"ascension_level":1}}