{"host":"6p0attdrtjqaih7v","time":1613200442,"event":{"mods":["2.2 Compatiblity","AchievementEnabler","Bard","BaseMod","Better Skull","Better Third Choice","Card Filter","Colored Powertips","Hermit","Highlight Path","Hubris","Key Reminder","Minty Spire (QoL Compilation)","Permanent Neow","Quick Restart","Random Character Button","Relic Filter","Relic Stats","Reliquary","Replay The Spire","Robot Space Explorer","StSLib","The Hayseed","The Witch"],"gold_per_floor":[118,19,30,43,54,54,82,82,82,95,105,28,28,28,28,100,100,116,127,127,145,163,163,173,173,241,241,241,185,198,208,208,208,208],"floor_reached":33,"language":"ENG","playtime":1442,"items_purged":["Defend_G"],"score":502,"play_id":"fb98da24-78ba-46ca-94fc-f76e4e1d814e","local_time":"20210213021402","is_ascension_mode":true,"campfire_choices":[{"data":"Neutralize","floor":6,"key":"SMITH"},{"data":"Noxious Fumes","floor":8,"key":"SMITH"},{"data":"Footwork","floor":15,"key":"SMITH"},{"floor":23,"key":"REST"},{"data":"Well Laid Plans","floor":25,"key":"SMITH"},{"floor":27,"key":"REST"},{"floor":32,"key":"REST"}],"circlet_count":0,"master_deck":["AscendersBane","Defend_G","Defend_G","Defend_G","Defend_G","Survivor","Neutralize+1","Calculated Gamble","Dagger Spray","Deadly Poison","Poisoned Stab","Deadly Poison","Noxious Fumes+1","Footwork+1","Adrenaline+1","Masterful Stab+1","Slice+1","Infinite Blades+1","ReplayTheSpireMod:Speed Training","RitualDagger","Backstab+1","Well Laid Plans+1","Toxin Wave+1"],"relics":["Ring of the Snake","Replay:Accelerometer","Byrd Skull","Astrolabe","Blue Candle"],"acts_visited":["Exordium","TheCity"],"potions_floor_usage":[7,7,16,21,22,31,33],"damage_taken":[{"damage":3,"enemies":"Cultist","floor":1,"turns":5},{"damage":0,"enemies":"2 Louse","floor":3,"turns":3},{"damage":4,"enemies":"Small Slimes","floor":4,"turns":4},{"damage":0,"enemies":"Exordium Wildlife","floor":5,"turns":3},{"damage":17,"enemies":"3 Sentries","floor":7,"turns":11},{"damage":1,"enemies":"3 Louse","floor":10,"turns":3},{"damage":5,"enemies":"2 Fungi Beasts","floor":11,"turns":3},{"damage":27,"enemies":"The Guardian","floor":16,"turns":8},{"damage":19,"enemies":"3 Byrds","floor":18,"turns":4},{"damage":0,"enemies":"Chosen","floor":19,"turns":4},{"damage":5,"enemies":"Centurion and Healer","floor":21,"turns":6},{"damage":0,"enemies":"Cultist and Chosen","floor":22,"turns":4},{"damage":20,"enemies":"Snecko","floor":24,"turns":6},{"damage":0,"enemies":"Centurion and Healer","floor":30,"turns":5},{"damage":13,"enemies":"Snake Plant","floor":31,"turns":4},{"damage":55,"enemies":"Champ","floor":33,"turns":12}],"seed_played":"-7330006117607387442","potions_obtained":[{"floor":3,"key":"EssenceOfSteel"},{"floor":5,"key":"SpeedPotion"},{"floor":7,"key":"Strength Potion"},{"floor":18,"key":"Swift Potion"},{"floor":19,"key":"BlessingOfTheForge"},{"floor":22,"key":"Elixir"}],"is_trial":false,"path_per_floor":["M","$","M","M","M","R","E","R","T","M","M","$","?","?","R","B",null,"M","M","?","M","M","R","M","R","T","R","?","$","M","M","R","B"],"character_chosen":"THE_SILENT","items_purchased":["Dagger Spray","Footwork","Adrenaline Potion"],"campfire_rested":3,"item_purchase_floors":[2,12,29],"current_hp_per_floor":[62,62,62,58,58,58,41,41,41,40,35,35,28,28,28,1,54,35,35,29,24,24,45,25,25,25,46,46,46,46,33,54,0,0],"gold":208,"neow_bonus":"TEN_PERCENT_HP_BONUS","is_daily":false,"chose_seed":false,"campfire_upgraded":4,"win_rate":0.0,"timestamp":1613200442,"path_taken":["M","$","M","?","M","R","E","R","T","M","M","$","?","?","R","BOSS","M","M","?","M","M","R","M","R","T","R","?","$","M","M","R","BOSS"],"items_purchased_type":["Card","Card","Potion"],"build_version":"2020-12-22","purchased_purges":1,"victory":false,"max_hp_per_floor":[72,72,72,72,72,72,72,72,72,72,72,72,72,72,72,72,72,72,72,72,72,72,72,72,72,72,72,72,72,72,72,72,72,72],"relic_stats":{"counters":[16,85],"Astrolabe":["Adrenaline","Masterful Stab","Slice"],"Blue Candle":[0],"obtain_stats":[{"Replay:Accelerometer":7,"Astrolabe":17,"Blue Candle":26,"Byrd Skull":9,"Ring of the Snake":0},{"Replay:Accelerometer":5,"Astrolabe":8,"Blue Candle":13,"Byrd Skull":5,"Ring of the Snake":0},{"Replay:Accelerometer":26,"Astrolabe":40,"Blue Candle":64,"Byrd Skull":26,"Ring of the Snake":0}],"Ring of the Snake":[32]},"card_choices":[{"not_picked":["Acrobatics","Backflip"],"picked":"Calculated Gamble","floor":1},{"not_picked":["Escape Plan","Sneak Up"],"picked":"Deadly Poison","floor":3},{"not_picked":["Dagger Throw","Escape Plan"],"picked":"Poisoned Stab","floor":4},{"not_picked":["ReplayTheSpireMod:Speed Training","Flying Knee"],"picked":"Deadly Poison","floor":5},{"not_picked":["Dodge and Roll","Calculated Gamble"],"picked":"Noxious Fumes","floor":7},{"not_picked":["Outmaneuver","Heel Hook","Dodge and Roll"],"picked":"SKIP","floor":10},{"not_picked":["Grand Finale","Deflect","Flying Knee"],"picked":"SKIP","floor":11},{"not_picked":["ReplayTheSpireMod:Scrap Shanks","Blade Dance"],"picked":"Infinite Blades+1","floor":18},{"not_picked":["Dodge and Roll","Bane"],"picked":"ReplayTheSpireMod:Speed Training","floor":19},{"not_picked":["Backflip","Sneak Up"],"picked":"Backstab+1","floor":21},{"not_picked":["Poisoned Stab","Dagger Spray","Sucker Punch+1"],"picked":"SKIP","floor":22},{"not_picked":["Escape Plan","Backflip"],"picked":"Well Laid Plans","floor":24},{"not_picked":["A Thousand Cuts","Sucker Punch","Predator"],"picked":"SKIP","floor":30},{"not_picked":["Blade Dance","Reflex"],"picked":"Toxin Wave+1","floor":31}],"player_experience":1121993,"relics_obtained":[{"floor":7,"key":"Replay:Accelerometer"},{"floor":9,"key":"Byrd Skull"},{"floor":26,"key":"Blue Candle"}],"event_choices":[{"cards_removed":["Strike_G"],"damage_healed":0,"gold_gain":0,"player_choice":"Card Removal","damage_taken":7,"max_hp_gain":0,"max_hp_loss":0,"event_name":"Golden Wing","floor":13,"gold_loss":0},{"cards_removed":["Strike_G"],"damage_healed":0,"gold_gain":0,"player_choice":"Purged","damage_taken":0,"max_hp_gain":0,"max_hp_loss":0,"event_name":"Purifier","floor":14,"gold_loss":0},{"damage_healed":0,"gold_gain":0,"player_choice":"Joined the Cult","damage_taken":6,"max_hp_gain":0,"max_hp_loss":0,"event_name":"Nest","floor":20,"gold_loss":0,"cards_obtained":["RitualDagger"]}],"is_beta":false,"boss_relics":[{"not_picked":["Black Star","Replay:Wanted Poster"],"picked":"Astrolabe"}],"items_purged_floors":[2],"is_endless":false,"potions_floor_spawned":[3,5,7,18,19,22,30],"killed_by":"Champ","ascension_level":20}}