{"host":"gj67si5k8996twoo","time":1613211236,"event":{"mods":["100% Spire Juice","Abigail Mod","Act Like it!","Bartender","BaseMod","Chen","Colored Map","Downfall","Friendly Minions","Gensokyo","GifTheSpireLib","Hermit","Highlight Path","Jorbs\u0027s Wanderer Trilogy","KinomotoSakuraMod(????)","Kiyohime????","Koishi","Luminous","Marisa????????","Minty Spire (QoL Compilation)","Onozuka Komachi Mod","Prisma Mod","Railgun Mod","Reimu??????","Remilia??????","Remove Card Discount Mod","Shop Mod","Slumbering Mod","StSLib","Td1madao Mod","The Administrix","The Alterego","The Animator","The Servant 0.9.4","The Valiant","TheSwordswoman","WarShipGirlsR/????R mod","Yakumo Yukari mod","Yohane!","Yuri Mod","Yuyuko"],"gold_per_floor":[114,127,202,202,220,247,247,266,343,343,353,369,384,411,411,507,507,517,144,344,361,15,15,15,15],"floor_reached":24,"language":"ENG","playtime":1491,"items_purged":["rmod:strick","rmod:strick","rmod:defend","rmod:defend"],"score":208,"play_id":"82da5e3d-1d6b-4fa7-8b80-68b1b38fcedb","local_time":"20210213111356","is_ascension_mode":false,"campfire_choices":[{"data":"rmod:diamondstrike","floor":7,"key":"SMITH"},{"data":"rmod:intelligenceanalysis","floor":10,"key":"SMITH"},{"floor":15,"key":"REST"},{"data":"rmod:acesubmarine","floor":23,"key":"SMITH"}],"circlet_count":0,"master_deck":["rmod:strick","rmod:strick","rmod:defend","rmod:defend","rmod:basicallowance","rmod:maingunfire","rmod:fletcherpendant","rmod:diamondstrike+1","rmod:intelligenceanalysis+1","rmod:aviationdawn","rmod:diamondstrike","rmod:victimresponsibility","rmod:openingtorpedo","rmod:selfconfidence","rmod:acesubmarine+1","rmod:fuelsupply+1","rmod:firesupport","rmod:tearstotiara","rmod:goodsister","rmod:luckystar"],"relics":["rmod:firstchargereward","Dead Branch","Huge Egg","SacredBark","OrangePellets","Oddly Smooth Stone","Medical Kit","Potion Belt"],"acts_visited":["Exordium","TheCity"],"potions_floor_usage":[16],"damage_taken":[{"damage":0,"enemies":"Cultist","floor":1,"turns":3},{"damage":5,"enemies":"Jaw Worm","floor":2,"turns":3},{"damage":4,"enemies":"Small Slimes","floor":5,"turns":4},{"damage":21,"enemies":"Gremlin Nob","floor":6,"turns":4},{"damage":9,"enemies":"Exordium Thugs","floor":8,"turns":3},{"damage":6,"enemies":"Large Slime","floor":11,"turns":2},{"damage":8,"enemies":"Lots of Slimes","floor":12,"turns":2},{"damage":0,"enemies":"Exordium Thugs","floor":13,"turns":2},{"damage":15,"enemies":"3 Sentries","floor":14,"turns":3},{"damage":26,"enemies":"Hexaghost","floor":16,"turns":7},{"damage":20,"enemies":"2 Thieves","floor":18,"turns":2},{"damage":0,"enemies":"Chosen","floor":21,"turns":3},{"damage":66,"enemies":"Book of Stabbing","floor":24,"turns":4}],"seed_played":"652522480505704863","potions_obtained":[{"floor":1,"key":"Weak Potion"},{"floor":8,"key":"Fire Potion"},{"floor":12,"key":"MagicPotion:ReiMu"},{"floor":16,"key":"GrandPatriotsElixir:ReiMu"},{"floor":18,"key":"DuplicationPotion"}],"is_trial":false,"path_per_floor":["M","M","?","?","M","E","R","M","T","R","M","M","M","E","R","B",null,"M","$","?","M","$","R","E"],"character_chosen":"PRAEFECT","items_purchased":["OrangePellets","Oddly Smooth Stone","rmod:firesupport","rmod:tearstotiara","Medical Kit","rmod:luckystar","Potion Belt"],"campfire_rested":1,"item_purchase_floors":[19,19,19,19,22,22,22],"current_hp_per_floor":[82,77,66,66,62,41,41,32,32,32,26,18,18,3,27,1,82,62,62,62,62,62,62,0,0],"gold":15,"neow_bonus":"TEN_PERCENT_HP_BONUS","is_daily":false,"chose_seed":false,"campfire_upgraded":3,"win_rate":0.0,"timestamp":1613211236,"path_taken":["M","?","?","?","M","E","R","M","T","R","M","M","?","E","R","BOSS","M","$","?","M","?","R","E"],"items_purchased_type":["Relic","Relic","Card","Card","Relic","Card","Relic"],"build_version":"2020-12-22","purchased_purges":4,"victory":false,"max_hp_per_floor":[82,82,82,82,82,82,82,82,82,82,82,82,82,82,82,82,82,82,82,82,82,82,82,82,82],"card_choices":[{"not_picked":["rmod:heivgo","rmod:unsinkable"],"picked":"rmod:fletcherpendant","floor":1},{"not_picked":["rmod:steelsupply","rmod:mineteam"],"picked":"rmod:diamondstrike","floor":2},{"not_picked":["rmod:unsinkable","rmod:ammunitionsupply"],"picked":"rmod:intelligenceanalysis","floor":5},{"not_picked":["rmod:sl","rmod:aggressivemary"],"picked":"rmod:aviationdawn","floor":6},{"not_picked":["rmod:rockthrower","rmod:ring","rmod:spoils"],"picked":"SKIP","floor":8},{"not_picked":["rmod:aluminumsupply","rmod:aviationdawn"],"picked":"rmod:diamondstrike","floor":11},{"not_picked":["rmod:intelligenceanalysis","rmod:wolves"],"picked":"rmod:victimresponsibility","floor":12},{"not_picked":["rmod:firesupport","rmod:ammunitionsupply"],"picked":"rmod:openingtorpedo","floor":13},{"not_picked":["rmod:desperatesituation","rmod:intelligenceanalysis"],"picked":"rmod:selfconfidence","floor":14},{"not_picked":["rmod:fletcher","rmod:u235"],"picked":"rmod:acesubmarine","floor":16},{"not_picked":["rmod:intelligenceanalysis","rmod:unsinkable+1"],"picked":"rmod:fuelsupply+1","floor":18},{"not_picked":["rmod:robin","rmod:unsinkable"],"picked":"rmod:goodsister","floor":21}],"player_experience":244232,"relics_obtained":[{"floor":6,"key":"Dead Branch"},{"floor":9,"key":"Huge Egg"}],"event_choices":[{"damage_healed":0,"gold_gain":75,"player_choice":"Gather Gold","damage_taken":11,"max_hp_gain":0,"max_hp_loss":0,"event_name":"World of Goop","floor":3,"gold_loss":0},{"damage_healed":0,"gold_gain":0,"player_choice":"Bought 0 Potions","damage_taken":0,"max_hp_gain":0,"max_hp_loss":0,"event_name":"The Woman in Blue","floor":4,"gold_loss":0},{"damage_healed":0,"gold_gain":200,"player_choice":"Gold","damage_taken":0,"max_hp_gain":0,"max_hp_loss":0,"event_name":"Wheel of Change","floor":20,"gold_loss":0}],"is_beta":false,"boss_relics":[{"not_picked":["Pandora\u0027s Box","RedLine:ReiMu"],"picked":"SacredBark"}],"items_purged_floors":[19,19,19,19],"is_endless":false,"potions_floor_spawned":[1,8,12,14,16,18],"killed_by":"Book of Stabbing","ascension_level":0}}