{"host":"yecadp3kwkksam5a","time":1613194699,"event":{"mods":["100% Spire Juice","BaseMod","Minty Spire (QoL Compilation)","StSLib","SuperFastMode","The Cursed","WarShipGirlsR/??á´Ò³R mod"],"gold_per_floor":[113,125,115,125,144,172,172,197,250,250,250,250,250,250,250,324,324,340,60,73,105,105,105,120,146,197,197,197],"floor_reached":27,"language":"KOR","playtime":858,"items_purged":[],"score":462,"play_id":"ce2d7add-76fe-4f9a-95c8-56b25dc8f2c2","local_time":"20210213143819","is_ascension_mode":true,"campfire_choices":[{"data":"Reprogram","floor":7.0,"key":"SMITH"},{"data":"Hologram","floor":10.0,"key":"SMITH"},{"floor":13.0,"key":"REST"},{"data":"Turbo","floor":15.0,"key":"SMITH"},{"data":"Apotheosis","floor":23,"key":"SMITH"}],"circlet_count":0,"master_deck":["AscendersBane","Strike_B","Strike_B","Strike_B","Strike_B","Defend_B","Defend_B","Defend_B","Defend_B","Zap","Dualcast","Leap","Sweeping Beam","Beam Cell+1","Hyperbeam","Reprogram+1","Hologram+1","Turbo+1","Undo","Echo Form","Purity","Apotheosis+1","Self Repair"],"relics":["SacredBark","Matryoshka","Sundial","Strawberry","Art of War","Runic Pyramid","Red Mask","Nilry\u0027s Codex","Symbiotic Virus","White Beast Statue","Bronze Scales"],"acts_visited":["Exordium","TheCity"],"potions_floor_usage":[18,21,27],"damage_taken":[{"damage":1.0,"enemies":"Cultist","floor":1.0,"turns":4.0},{"damage":1.0,"enemies":"Small Slimes","floor":2.0,"turns":4.0},{"damage":0.0,"enemies":"2 Louse","floor":4.0,"turns":1.0},{"damage":16.0,"enemies":"Large Slime","floor":5.0,"turns":6.0},{"damage":13.0,"enemies":"Gremlin Nob","floor":6.0,"turns":3.0},{"damage":9.0,"enemies":"Lagavulin","floor":8.0,"turns":6.0},{"damage":16.0,"enemies":"Slime Boss","floor":16.0,"turns":10.0},{"damage":10,"enemies":"Spheric Guardian","floor":18,"turns":5},{"damage":13,"enemies":"Chosen","floor":20,"turns":6},{"damage":7,"enemies":"Masked Bandits","floor":21,"turns":3},{"damage":0,"enemies":"3 Cultists","floor":24,"turns":2},{"damage":45,"enemies":"Slavers","floor":25,"turns":4},{"damage":12,"enemies":"Snake Plant","floor":27,"turns":2}],"seed_played":"-6940586005551529787","potions_obtained":[{"floor":5.0,"key":"FearPotion"},{"floor":8.0,"key":"SpeedPotion"},{"floor":18,"key":"Fruit Juice"},{"floor":21,"key":"GamblersBrew"}],"is_trial":false,"path_per_floor":["M","M","?","M","M","E","R","E","T","R","?","?","R","?","R","B",null,"M","$","M","?","?","R","M","E","T","M"],"character_chosen":"DEFECT","items_purchased":["Purity","Apotheosis"],"campfire_rested":1,"item_purchase_floors":[19,19],"current_hp_per_floor":[63,62,62,62,46,33,33,24,31,31,31,31,54,54,54,38,68,68,68,55,68,47,47,47,9,9,0,0],"gold":197,"neow_bonus":"BOSS_RELIC","is_daily":false,"chose_seed":false,"campfire_upgraded":4,"win_rate":0.0,"timestamp":1613194699,"path_taken":["M","M","?","M","?","E","R","E","T","R","?","?","R","?","R","BOSS","M","$","M","?","?","R","M","E","T","M"],"items_purchased_type":["Card","Card"],"build_version":"2020-12-22","purchased_purges":0,"victory":false,"max_hp_per_floor":[71,71,71,71,71,71,71,71,78,78,78,78,78,78,78,78,78,88,88,88,88,88,88,88,88,88,88,88],"card_choices":[{"not_picked":["Go for the Eyes","Sweeping Beam"],"picked":"Leap","floor":1.0},{"not_picked":["Rip and Tear","Skim"],"picked":"Sweeping Beam","floor":2.0},{"not_picked":[],"picked":"Beam Cell","floor":3.0},{"not_picked":[],"picked":"Hyperbeam","floor":3.0},{"not_picked":["Streamline","Auto Shields"],"picked":"Reprogram","floor":4.0},{"not_picked":["Barrage","Redo"],"picked":"Hologram","floor":5.0},{"not_picked":["Defragment","Rip and Tear"],"picked":"Turbo","floor":6.0},{"not_picked":["Beam Cell","Doom and Gloom"],"picked":"Undo","floor":8.0},{"not_picked":["Fission","Creative AI"],"picked":"Echo Form","floor":16.0},{"not_picked":["Chaos+1","Rebound","Streamline"],"picked":"SKIP","floor":18},{"not_picked":["Stack+1","Conserve Battery"],"picked":"Self Repair","floor":20},{"not_picked":["Rebound","Go for the Eyes","Beam Cell"],"picked":"SKIP","floor":24},{"not_picked":["Redo","Biased Cognition","Go for the Eyes"],"picked":"SKIP","floor":25}],"player_experience":626779,"relics_obtained":[{"floor":6.0,"key":"Matryoshka"},{"floor":8.0,"key":"Sundial"},{"floor":9.0,"key":"Strawberry"},{"floor":9.0,"key":"Art of War"},{"floor":21,"key":"Red Mask"},{"floor":22,"key":"Nilry\u0027s Codex"},{"floor":25,"key":"Symbiotic Virus"},{"floor":26,"key":"White Beast Statue"},{"floor":26,"key":"Bronze Scales"}],"event_choices":[{"damage_healed":0.0,"max_hp_gain":0.0,"max_hp_loss":0.0,"gold_gain":0.0,"event_name":"Liars Game","player_choice":"Ignored","floor":11.0,"gold_loss":0.0,"damage_taken":0.0},{"damage_healed":0.0,"max_hp_gain":0.0,"max_hp_loss":0.0,"gold_gain":0.0,"event_name":"Shining Light","player_choice":"Ignored","floor":12.0,"gold_loss":0.0,"damage_taken":0.0},{"damage_healed":0.0,"max_hp_gain":0.0,"max_hp_loss":0.0,"gold_gain":0.0,"event_name":"Upgrade Shrine","player_choice":"Upgraded","floor":14.0,"gold_loss":0.0,"damage_taken":0.0,"cards_upgraded":["Beam Cell"]},{"damage_healed":0,"gold_gain":0,"player_choice":"Fought Bandits","damage_taken":0,"max_hp_gain":0,"max_hp_loss":0,"event_name":"Masked Bandits","floor":21,"gold_loss":0},{"damage_healed":0,"gold_gain":0,"player_choice":"Obtained Book","damage_taken":21,"max_hp_gain":0,"max_hp_loss":0,"event_name":"Cursed Tome","floor":22,"gold_loss":0}],"is_beta":false,"boss_relics":[{"not_picked":["SlaversCollar","Cursed Key"],"picked":"Runic Pyramid"}],"items_purged_floors":[],"is_endless":false,"potions_floor_spawned":[5,8,18,21],"killed_by":"Snake Plant","ascension_level":15}}