{"host":"cykg0g4pphyxjwkn","time":1613228003,"event":{"mods":["AchievementEnabler","BaseMod","Bestiary","Colored Map","Colored Powertips","Curses Come First","Highlight Path","Minty Spire (QoL Compilation)","Relic Stats","StSLib","SuperFastMode"],"gold_per_floor":[111,121,140,155,168,168,203,203,203,223,223,257,234,252,252,351,351,368,382,382,393,393,393],"floor_reached":22,"language":"ENG","playtime":1213,"items_purged":[],"score":200,"play_id":"e7df7315-a586-4683-b138-5fec3d916d37","local_time":"20210213095323","is_ascension_mode":false,"campfire_choices":[{"data":"Deflect","floor":6.0,"key":"SMITH"},{"data":"Footwork","floor":11.0,"key":"SMITH"},{"floor":15.0,"key":"REST"}],"circlet_count":0,"master_deck":["Strike_G+1","Strike_G+1","Strike_G+1","Strike_G+1","Strike_G+1","Defend_G+1","Defend_G+1","Defend_G+1","Defend_G+1","Defend_G+1","Survivor+1","Neutralize","Backflip","Deadly Poison+1","Tools of the Trade","Deflect+1","All Out Attack","Poisoned Stab","Footwork+1","Expertise","Catalyst","Corpse Explosion","CurseOfTheBell","Deadly Poison","Blur+1"],"relics":["Ring of the Snake","Smiling Mask","PreservedInsect","Regal Pillow","White Beast Statue","Calling Bell","War Paint","Letter Opener","The Specimen"],"acts_visited":["Exordium","TheCity"],"potions_floor_usage":[],"damage_taken":[{"damage":0.0,"enemies":"Jaw Worm","floor":1.0,"turns":6.0},{"damage":0.0,"enemies":"Small Slimes","floor":2.0,"turns":5.0},{"damage":0.0,"enemies":"2 Louse","floor":3.0,"turns":2.0},{"damage":0.0,"enemies":"Blue Slaver","floor":4.0,"turns":6.0},{"damage":2.0,"enemies":"Looter","floor":5.0,"turns":4.0},{"damage":29.0,"enemies":"3 Sentries","floor":7.0,"turns":8.0},{"damage":10.0,"enemies":"3 Louse","floor":10.0,"turns":3.0},{"damage":20.0,"enemies":"Gremlin Nob","floor":12.0,"turns":4.0},{"damage":0.0,"enemies":"Large Slime","floor":14.0,"turns":8.0},{"damage":31.0,"enemies":"Slime Boss","floor":16.0,"turns":14.0},{"damage":22,"enemies":"Shell Parasite","floor":18,"turns":8},{"damage":15,"enemies":"Spheric Guardian","floor":19,"turns":7},{"damage":27,"enemies":"3 Cultists","floor":21,"turns":5},{"damage":16,"enemies":"Snake Plant","floor":22,"turns":5}],"seed_played":"5107733943479516417","potions_obtained":[{"floor":3.0,"key":"DistilledChaos"},{"floor":4.0,"key":"Swift Potion"},{"floor":14.0,"key":"Swift Potion"},{"floor":16.0,"key":"FearPotion"},{"floor":19,"key":"CunningPotion"}],"is_trial":false,"path_per_floor":["M","M","M","M","M","R","E","?","T","M","R","E","?","M","R","B",null,"M","M","?","M","M"],"character_chosen":"THE_SILENT","items_purchased":[],"campfire_rested":1,"item_purchase_floors":[],"current_hp_per_floor":[77,77,77,77,75,75,46,43,43,33,33,13,13,13,51,20,77,55,40,40,13,0,0],"gold":393,"neow_bonus":"TEN_PERCENT_HP_BONUS","is_daily":false,"chose_seed":false,"campfire_upgraded":2,"win_rate":0.0,"timestamp":1613228003,"path_taken":["M","M","M","M","M","R","E","?","T","M","R","E","?","M","R","BOSS","M","M","?","M","M"],"items_purchased_type":[],"build_version":"2020-12-22","purchased_purges":0,"victory":false,"max_hp_per_floor":[77,77,77,77,77,77,77,77,77,77,77,77,77,77,77,77,77,77,77,77,77,77,77],"relic_stats":{"Regal Pillow":15,"counters":[14,85],"PreservedInsect":21,"Letter Opener":[35],"War Paint":["Survivor","Deadly Poison"],"Smiling Mask":0,"obtain_stats":[{"Calling Bell":17,"Regal Pillow":9,"The Specimen":17,"PreservedInsect":8,"Letter Opener":17,"War Paint":17,"Smiling Mask":7,"White Beast Statue":12,"Ring of the Snake":0},{"Calling Bell":10,"Regal Pillow":6,"The Specimen":10,"PreservedInsect":6,"Letter Opener":10,"War Paint":10,"Smiling Mask":6,"White Beast Statue":8,"Ring of the Snake":0},{"Calling Bell":60,"Regal Pillow":31,"The Specimen":60,"PreservedInsect":31,"Letter Opener":60,"War Paint":60,"Smiling Mask":31,"White Beast Statue":38,"Ring of the Snake":0}],"Ring of the Snake":[28]},"card_choices":[{"not_picked":["Acrobatics","Outmaneuver"],"picked":"Backflip","floor":1.0},{"not_picked":["Backflip","Deflect"],"picked":"Deadly Poison","floor":2.0},{"not_picked":["Calculated Gamble","Quick Slash"],"picked":"Tools of the Trade","floor":3.0},{"not_picked":["Outmaneuver","Escape Plan"],"picked":"Deflect","floor":4.0},{"not_picked":["Leg Sweep","Slice"],"picked":"All Out Attack","floor":5.0},{"not_picked":["Dodge and Roll","Slice"],"picked":"Poisoned Stab","floor":7.0},{"not_picked":["Choke","Dodge and Roll"],"picked":"Footwork","floor":10.0},{"not_picked":["Distraction","Outmaneuver"],"picked":"Expertise","floor":12.0},{"not_picked":["Backflip","Crippling Poison"],"picked":"Catalyst","floor":14.0},{"not_picked":["Phantasmal Killer","Doppelganger"],"picked":"Corpse Explosion","floor":16.0},{"not_picked":["Calculated Gamble","Sucker Punch","Acrobatics"],"picked":"SKIP","floor":18},{"not_picked":["Bane","Quick Slash+1"],"picked":"Deadly Poison","floor":19},{"not_picked":["Dagger Throw","Deflect"],"picked":"Blur+1","floor":21}],"player_experience":49445,"relics_obtained":[{"floor":7.0,"key":"Smiling Mask"},{"floor":9.0,"key":"Regal Pillow"},{"floor":12.0,"key":"White Beast Statue"},{"floor":17.0,"key":"War Paint"},{"floor":17.0,"key":"Letter Opener"},{"floor":17.0,"key":"The Specimen"}],"event_choices":[{"damage_healed":0.0,"max_hp_gain":0.0,"max_hp_loss":0.0,"gold_gain":0.0,"event_name":"Scrap Ooze","player_choice":"Success","floor":8.0,"gold_loss":0.0,"damage_taken":3.0,"relics_obtained":["PreservedInsect"]},{"damage_healed":0.0,"max_hp_gain":0.0,"max_hp_loss":0.0,"gold_gain":0.0,"event_name":"World of Goop","player_choice":"Left Gold","floor":13.0,"gold_loss":23.0,"damage_taken":0.0},{"damage_healed":0,"gold_gain":0,"player_choice":"Simplicity","damage_taken":0,"max_hp_gain":0,"max_hp_loss":0,"event_name":"Back to Basics","floor":20,"gold_loss":0,"cards_upgraded":["Strike_G","Strike_G","Strike_G","Strike_G","Strike_G","Defend_G","Defend_G","Defend_G","Defend_G","Defend_G"]}],"is_beta":false,"boss_relics":[{"not_picked":["Astrolabe","Empty Cage"],"picked":"Calling Bell"}],"items_purged_floors":[],"is_endless":false,"potions_floor_spawned":[3,4,14,16,18,19,21],"killed_by":"Snake Plant","ascension_level":0}}