{"host":"Bilverbakes","time":1613236594,"event":{"mods":["2.2 Compatiblity","AchievementEnabler","BaseMod","Bestiary","Colored Map","Minty Spire (QoL Compilation)","Relic Stats","StSLib","ojb\u0027s Info Mod"],"gold_per_floor":[115,65,84,99,99,127,145,177,203,238,238,31,48,60,60,132,132,145,160,160,171,14,46,73,85,97,109,148,175,187,226,238,324,336,365,377,405,432,249,249,283,283,283,293,347,367,367,395,395,395,395,395,395,75,108,108],"floor_reached":57,"language":"ENG","playtime":3967,"items_purged":["Defend_P","Decay"],"score":3159,"play_id":"3cb674c4-e5dc-4889-9b66-bf5ea6bb52a6","local_time":"20210213111634","is_ascension_mode":true,"campfire_choices":[{"data":"LikeWater","floor":15.0,"key":"SMITH"},{"data":"LikeWater","floor":25.0,"key":"SMITH"},{"data":"Eruption","floor":27.0,"key":"SMITH"},{"floor":32.0,"key":"RECALL"},{"data":"SpiritShield","floor":40.0,"key":"SMITH"},{"data":"EmptyFist","floor":42.0,"key":"SMITH"},{"data":"Vault","floor":49.0,"key":"SMITH"}],"circlet_count":0,"master_deck":["AscendersBane","Strike_P+1","Strike_P+1","Strike_P+1","Defend_P+1","Eruption+1","Vigilance+1","ClearTheMind+1","SashWhip+1","Wireheading+1","LikeWater+1","LessonLearned+1","LikeWater+1","Weave+1","BowlingBash+1","Conclude+1","Indignation+1","Blasphemy+1","LikeWater+1","FearNoEvil+1","CutThroughFate+1","Scrawl+1","Weave+1","EmptyFist+1","SpiritShield+1","WaveOfTheHand+1","Evaluate+1","Meditate+1","Vault+1","CutThroughFate+1"],"relics":["Runic Pyramid","Bag of Preparation","Centennial Puzzle","Anchor","Coffee Dripper","PreservedInsect","MawBank","Ginger","Gambling Chip","Eternal Feather","VioletLotus","HornCleat","Unceasing Top","MealTicket","Nunchaku","Ice Cream"],"acts_visited":["Exordium","TheCity","TheBeyond","TheEnding"],"potions_floor_usage":[56,56],"damage_taken":[{"damage":0.0,"enemies":"Cultist","floor":1.0,"turns":3.0},{"damage":4.0,"enemies":"2 Louse","floor":3.0,"turns":2.0},{"damage":0.0,"enemies":"Jaw Worm","floor":4.0,"turns":3.0},{"damage":15.0,"enemies":"3 Sentries","floor":6.0,"turns":11.0},{"damage":15.0,"enemies":"Exordium Thugs","floor":7.0,"turns":3.0},{"damage":13.0,"enemies":"Gremlin Nob","floor":8.0,"turns":4.0},{"damage":0.0,"enemies":"Lagavulin","floor":10.0,"turns":7.0},{"damage":0.0,"enemies":"Looter","floor":13.0,"turns":3.0},{"damage":4.0,"enemies":"3 Louse","floor":14.0,"turns":3.0},{"damage":2.0,"enemies":"Hexaghost","floor":16.0,"turns":8.0},{"damage":4.0,"enemies":"Shell Parasite","floor":18.0,"turns":3.0},{"damage":0.0,"enemies":"2 Thieves","floor":19.0,"turns":3.0},{"damage":0.0,"enemies":"Centurion and Healer","floor":21.0,"turns":3.0},{"damage":7.0,"enemies":"Book of Stabbing","floor":23.0,"turns":4.0},{"damage":0.0,"enemies":"3 Cultists","floor":24.0,"turns":3.0},{"damage":0.0,"enemies":"Slavers","floor":28.0,"turns":1.0},{"damage":0.0,"enemies":"Chosen and Byrds","floor":29.0,"turns":2.0},{"damage":0.0,"enemies":"Gremlin Leader","floor":31.0,"turns":2.0},{"damage":1.0,"enemies":"Collector","floor":33.0,"turns":4.0},{"damage":0.0,"enemies":"3 Shapes","floor":35.0,"turns":4.0},{"damage":5.0,"enemies":"3 Darklings","floor":37.0,"turns":3.0},{"damage":28.0,"enemies":"4 Shapes","floor":38.0,"turns":6.0},{"damage":0.0,"enemies":"Giant Head","floor":41.0,"turns":4.0},{"damage":0.0,"enemies":"Maw","floor":44.0,"turns":3.0},{"damage":0.0,"enemies":"2 Orb Walkers","floor":45.0,"turns":2.0},{"damage":0.0,"enemies":"Writhing Mass","floor":46.0,"turns":4.0},{"damage":0.0,"enemies":"Reptomancer","floor":48.0,"turns":2.0},{"damage":0.0,"enemies":"Time Eater","floor":50.0,"turns":11.0},{"damage":4.0,"enemies":"Awakened One","floor":51.0,"turns":15.0},{"damage":0.0,"enemies":"Shield and Spear","floor":55.0,"turns":2.0},{"damage":14,"enemies":"The Heart","floor":56,"turns":9}],"seed_played":"5931014453076016781","potions_obtained":[{"floor":1.0,"key":"Energy Potion"},{"floor":3.0,"key":"LiquidMemories"},{"floor":6.0,"key":"BlessingOfTheForge"},{"floor":7.0,"key":"DistilledChaos"},{"floor":10.0,"key":"Block Potion"},{"floor":18.0,"key":"GamblersBrew"},{"floor":19.0,"key":"Energy Potion"},{"floor":29.0,"key":"Regen Potion"},{"floor":41.0,"key":"ColorlessPotion"},{"floor":44.0,"key":"Ancient Potion"},{"floor":55.0,"key":"CultistPotion"}],"is_trial":false,"path_per_floor":["M","$","M","M","?","E","M","E","T","E","?","$","M","M","R","B",null,"M","M","?","M","$","E","M","R","T","R","E","M","?","E","R","B",null,"M","$","M","M","$","R","E","R","T","M","?","M","?","E","R","B","B",null,"R","$","E","B",null],"character_chosen":"WATCHER","items_purchased":["SashWhip","Conclude","Indignation","PreservedInsect","SpiritShield","WaveOfTheHand","SteroidPotion","Nunchaku"],"campfire_rested":0,"item_purchase_floors":[2,12,12,22,39,39,54,54],"current_hp_per_floor":[61,61,57,57,57,42,27,14,14,14,14,14,14,10,10,8,53,49,49,49,49,49,42,42,42,42,42,42,42,42,42,54,53,64,64,64,59,31,31,46,58,68,68,68,68,68,68,68,68,68,64,67,68,68,68,54],"gold":108,"neow_bonus":"BOSS_RELIC","is_daily":false,"chose_seed":false,"campfire_upgraded":6,"win_rate":0.0,"timestamp":1613236594,"path_taken":["M","?","M","?","?","E","M","E","T","E","?","$","?","M","R","BOSS","M","M","?","M","?","E","M","R","T","R","E","M","?","E","R","BOSS","M","$","M","M","$","R","E","R","T","M","?","M","?","E","R","BOSS","BOSS","R","$","E","BOSS"],"items_purchased_type":["Card","Card","Card","Relic","Card","Card","Potion","Relic"],"build_version":"2020-12-18","purchased_purges":2,"victory":true,"max_hp_per_floor":[68,68,68,68,68,68,68,68,68,68,68,68,68,68,68,68,68,68,68,68,68,68,68,68,68,68,68,68,68,68,68,68,68,68,68,68,68,68,68,68,68,68,68,68,68,68,68,68,68,68,68,68,68,68,68,68],"relic_stats":{"counters":[31,137],"Eternal Feather":38,"PreservedInsect":400,"Bag of Preparation":[50],"Ginger":[12],"MawBank":192,"Centennial Puzzle":[24],"Nunchaku":[3],"Gambling Chip":[53],"MealTicket":0,"VioletLotus":[35],"obtain_stats":[{"Ice Cream":55,"Eternal Feather":31,"PreservedInsect":22,"Bag of Preparation":8,"Ginger":26,"MawBank":23,"Centennial Puzzle":9,"Anchor":10,"Nunchaku":54,"HornCleat":41,"Gambling Chip":28,"MealTicket":48,"VioletLotus":34,"Coffee Dripper":17,"PureWater":0,"Unceasing Top":45,"Runic Pyramid":0},{"Ice Cream":30,"Eternal Feather":18,"PreservedInsect":13,"Bag of Preparation":6,"Ginger":15,"MawBank":14,"Centennial Puzzle":6,"Anchor":7,"Nunchaku":29,"HornCleat":23,"Gambling Chip":16,"MealTicket":27,"VioletLotus":19,"Coffee Dripper":10,"PureWater":0,"Unceasing Top":25,"Runic Pyramid":0},{"Ice Cream":128,"Eternal Feather":68,"PreservedInsect":56,"Bag of Preparation":26,"Ginger":63,"MawBank":60,"Centennial Puzzle":26,"Anchor":33,"Nunchaku":126,"HornCleat":89,"Gambling Chip":64,"MealTicket":100,"VioletLotus":72,"Coffee Dripper":47,"PureWater":0,"Unceasing Top":94,"Runic Pyramid":0}],"Unceasing Top":[0]},"card_choices":[{"not_picked":["WheelKick","Protect"],"picked":"ClearTheMind","floor":1.0},{"not_picked":["Pray","EmptyFist"],"picked":"Wireheading","floor":3.0},{"not_picked":["JustLucky","PathToVictory"],"picked":"LikeWater","floor":4.0},{"not_picked":["MasterReality","Perseverance"],"picked":"LessonLearned","floor":6.0},{"not_picked":["WheelKick","EmptyFist"],"picked":"LikeWater","floor":7.0},{"not_picked":["BattleHymn","WindmillStrike"],"picked":"Weave","floor":8.0},{"not_picked":["PathToVictory","Protect"],"picked":"BowlingBash","floor":10.0},{"not_picked":["PathToVictory","Wireheading","SashWhip"],"picked":"SKIP","floor":13.0},{"not_picked":["Evaluate","Nirvana","Vengeance"],"picked":"SKIP","floor":14.0},{"not_picked":["Brilliance","Devotion"],"picked":"Blasphemy","floor":16.0},{"not_picked":["PathToVictory","EmptyBody"],"picked":"LikeWater","floor":18.0},{"not_picked":["CrushJoints","Crescendo+1","JustLucky"],"picked":"SKIP","floor":19.0},{"not_picked":["Brilliance","Pray","Indignation"],"picked":"SKIP","floor":21.0},{"not_picked":["Protect","FollowUp","Consecrate"],"picked":"SKIP","floor":23.0},{"not_picked":["FlurryOfBlows","Halt"],"picked":"FearNoEvil","floor":24.0},{"not_picked":["Weave","Halt+1","Prostrate"],"picked":"SKIP","floor":28.0},{"not_picked":["Brilliance","Perseverance"],"picked":"CutThroughFate+1","floor":29.0},{"not_picked":["PathToVictory","FlyingSleeves","SashWhip"],"picked":"SKIP","floor":31.0},{"not_picked":["Consecrate+1","Vengeance","CarveReality"],"picked":"SKIP","floor":35.0},{"not_picked":["EmptyBody","Crescendo"],"picked":"Weave+1","floor":37.0},{"not_picked":["Evaluate","Collect"],"picked":"EmptyFist","floor":38.0},{"not_picked":["Alpha","EmptyFist"],"picked":"Evaluate+1","floor":41.0},{"not_picked":["FlurryOfBlows","DeceiveReality","Consecrate"],"picked":"SKIP","floor":44.0},{"not_picked":["Wireheading+1","DeceiveReality+1"],"picked":"Meditate","floor":45.0},{"not_picked":["FollowUp+1","ThirdEye+1"],"picked":"Vault","floor":46.0},{"not_picked":["EmptyBody","CutThroughFate","Halt+1"],"picked":"SKIP","floor":48.0},{"not_picked":["FlyingSleeves","FollowUp"],"picked":"CutThroughFate+1","floor":55.0}],"player_experience":955808,"relics_obtained":[{"floor":8.0,"key":"Bag of Preparation"},{"floor":9.0,"key":"Centennial Puzzle"},{"floor":10.0,"key":"Anchor"},{"floor":23.0,"key":"MawBank"},{"floor":26.0,"key":"Ginger"},{"floor":28.0,"key":"Gambling Chip"},{"floor":31.0,"key":"Eternal Feather"},{"floor":41.0,"key":"HornCleat"},{"floor":45.0,"key":"Unceasing Top"},{"floor":48.0,"key":"MealTicket"},{"floor":55.0,"key":"Ice Cream"}],"event_choices":[{"damage_healed":0.0,"max_hp_gain":0.0,"max_hp_loss":0.0,"gold_gain":0.0,"event_name":"Living Wall","player_choice":"Grow","floor":5.0,"gold_loss":0.0,"damage_taken":0.0,"cards_upgraded":["LikeWater"]},{"cards_removed":["Defend_P"],"damage_healed":0.0,"max_hp_gain":0.0,"max_hp_loss":0.0,"gold_gain":0.0,"event_name":"Purifier","player_choice":"Purged","floor":11.0,"gold_loss":0.0,"damage_taken":0.0},{"damage_healed":0.0,"max_hp_gain":0.0,"max_hp_loss":0.0,"gold_gain":0.0,"event_name":"Wheel of Change","player_choice":"Cursed","floor":20.0,"gold_loss":0.0,"damage_taken":0.0,"cards_obtained":["Decay"]},{"damage_healed":0.0,"max_hp_gain":0.0,"max_hp_loss":0.0,"gold_gain":0.0,"cards_transformed":["Strike_P","Defend_P"],"event_name":"Drug Dealer","player_choice":"Became Test Subject","floor":30.0,"gold_loss":0.0,"damage_taken":0.0,"cards_obtained":["WindmillStrike","Scrawl"]},{"damage_healed":0.0,"max_hp_gain":0.0,"max_hp_loss":0.0,"gold_gain":0.0,"event_name":"Mysterious Sphere","player_choice":"Fight","floor":45.0,"gold_loss":0.0,"damage_taken":0.0},{"cards_removed":["WindmillStrike"],"damage_healed":0.0,"max_hp_gain":0.0,"max_hp_loss":0.0,"gold_gain":0.0,"event_name":"Falling","player_choice":"Removed Attack","floor":47.0,"gold_loss":0.0,"damage_taken":0.0}],"is_beta":true,"boss_relics":[{"not_picked":["SacredBark","Fusion Hammer"],"picked":"Coffee Dripper"},{"not_picked":["Empty Cage","Calling Bell"],"picked":"VioletLotus"}],"items_purged_floors":[12,54],"is_endless":false,"potions_floor_spawned":[1,3,6,7,10,18,19,21,29,37,41,44,46,48,55],"ascension_level":20}}