{"host":"313mh4uoe5sucao3","time":1613209748,"event":{"mods":["BaseMod","Dota2Spire","Downfall","Good Game Mod","Hero for Fun","LagranYue(拉格朗・月)","Minty Spire (QoL Compilation)","Quick Restart","Reimu（博丽灵梦）","Remilia（蕾米莉亚）","Ryuuou龙王","Shop Mod","Spicy Shops","StSLib","Td1madao Mod","The Bladedancer","The Invoker Mod","UnlockEverythingMod","WarShipGirlsR/战舰少女R mod","[IsaacMod]以撒尖塔","noobMod"],"gold_per_floor":[116,56,71,71,71,103,103,115,142,142,167,167,182,142,142,242,242,255,235,285,34,50,50,76,76,76,17,17,48,48,75,75,175,175,185,198,215,315,329,364,364,376,403,416,87,87,106,136,136,136],"floor_reached":51,"language":"ZHS","playtime":6703,"items_purged":["Defend_Lin:ReiMu","Strike_Lin:ReiMu","Shame"],"score":848,"play_id":"73b05d68-8592-4ba6-8fc8-2b08028bce0d","local_time":"20210213174908","is_ascension_mode":false,"campfire_choices":[{"data":"EpicFetus","floor":7.0,"key":"SMITH"},{"floor":15.0,"key":"REST"},{"floor":23.0,"key":"REST"},{"data":"EpicFetus","floor":25.0,"key":"SMITH"},{"floor":30.0,"key":"RECALL"},{"floor":32.0,"key":"REST"},{"data":"LagranYue:SkillDevilKissCard","floor":49,"key":"SMITH"}],"circlet_count":0,"master_deck":["Strike_Lin:ReiMu","Strike_Lin:ReiMu","Defend_Lin:ReiMu","Defend_Lin:ReiMu","Defend_Lin:ReiMu","NB:ReiMu","Stagnation:ReiMu","EpicFetus+1","LagranYue:SkillDevilKissCard+1","RainPray2:ReiMu","Revelation:ReiMu","FantasyMoon:ReiMu","SafetyPray:ReiMu","CareerPray:ReiMu+1","PassingAway:ReiMu","EpicFetus+1","OrbThrow:ReiMu","SpreadBorder2:ReiMu","Injury","ManaGlint:ReiMu","PrayRite:ReiMu","CareerPray:ReiMu+1","CareerPray:ReiMu+1","AirStrike:ReiMu","EpicFetus+1","LearningPray:ReiMu","LovePray:ReiMu","FantasyMoon:ReiMu+1"],"relics":["FlyPower:ReiMu","REME:ComplimentaryCards","HushsDoor","ice","YumHeart","ClockworkSouvenir","SkyOrb:ReiMu","Happy Flower","PreservedInsect","PaintedHorse:ReiMu","LagranYue:SoulBurningRelic","HowToJump","Boot","TheBattery","BodyOfKamiR:ReiMu","Mastiff:ReiMu","Dota2Spire:Bloodstone","SatanicBible","D6","TungstenRod","Art of War","MerchantsRug","TuHaoJin"],"acts_visited":["Exordium","TheCity","TheBeyond"],"potions_floor_usage":[48,50],"damage_taken":[{"damage":0.0,"enemies":"Cultist","floor":1.0,"turns":4.0},{"damage":9.0,"enemies":"Small Slimes","floor":3.0,"turns":7.0},{"damage":38.0,"enemies":"Lagavulin","floor":6.0,"turns":10.0},{"damage":10.0,"enemies":"2 Louse","floor":8.0,"turns":4.0},{"damage":20.0,"enemies":"3 Sentries","floor":11.0,"turns":5.0},{"damage":7.0,"enemies":"Exordium Thugs","floor":13.0,"turns":4.0},{"damage":2.0,"enemies":"Slime Boss","floor":16.0,"turns":6.0},{"damage":39.0,"enemies":"3 Byrds","floor":18.0,"turns":6.0},{"damage":10.0,"enemies":"2 Thieves","floor":19.0,"turns":4.0},{"damage":22.0,"enemies":"Hiden Room Battle","floor":20.0,"turns":5.0},{"damage":16.0,"enemies":"Shelled Parasite and Fungi","floor":22.0,"turns":6.0},{"damage":15.0,"enemies":"Book of Stabbing","floor":24.0,"turns":5.0},{"damage":41.0,"enemies":"Slavers","floor":29.0,"turns":4.0},{"damage":39.0,"enemies":"Gremlin Leader","floor":31.0,"turns":4.0},{"damage":0.0,"enemies":"Automaton","floor":33.0,"turns":6.0},{"damage":24.0,"enemies":"3 Darklings","floor":35.0,"turns":14.0},{"damage":0.0,"enemies":"Orb Walker","floor":36.0,"turns":2.0},{"damage":20,"enemies":"Transient","floor":37,"turns":5},{"damage":12,"enemies":"Writhing Mass","floor":39,"turns":5},{"damage":32,"enemies":"Giant Head","floor":40,"turns":6},{"damage":0,"enemies":"Sphere and 2 Shapes","floor":42,"turns":3},{"damage":19,"enemies":"4 Shapes","floor":44,"turns":4},{"damage":2,"enemies":"Spire Growth","floor":47,"turns":4},{"damage":7,"enemies":"Reptomancer","floor":48,"turns":4},{"damage":29,"enemies":"Time Eater","floor":50,"turns":9}],"seed_played":"1857132816823288046","potions_obtained":[{"floor":6.0,"key":"Explosive Potion"},{"floor":13.0,"key":"MagicPotion:ReiMu"},{"floor":16.0,"key":"bronze:BurnAndBuffPotion"},{"floor":19.0,"key":"champ:CounterPotion"},{"floor":22.0,"key":"SmokeBomb"},{"floor":33.0,"key":"DuplicationPotion"},{"floor":35.0,"key":"FairyPotion"},{"floor":39,"key":"Fire Potion"},{"floor":48,"key":"EssenceOfSteel"}],"is_trial":false,"path_per_floor":["M","$","M","?","$","E","R","M","T","?","E","?","M","?","R","B",null,"M","M","?","$","M","R","E","R","T","$","?","E","R","E","R","B",null,"M","M","M","?","M","E","?","M","T","M","$","?","M","E","R","B",null],"character_chosen":"REIMU","items_purchased":["ClockworkSouvenir","EpicFetus","TheBattery","SatanicBible","DollysMirror","MerchantsRug","LearningPray:ReiMu"],"campfire_rested":3,"item_purchase_floors":[2,21,27,34,45,45,45],"current_hp_per_floor":[71,71,62,67,67,54,54,44,44,37,17,17,10,10,32,55,76,37,27,14,38,22,46,31,31,31,31,31,74,74,35,62,62,86,62,62,42,42,54,46,46,46,46,51,51,51,49,42,42,13],"gold":136,"neow_bonus":"TEN_PERCENT_HP_BONUS","is_daily":false,"chose_seed":false,"campfire_upgraded":3,"win_rate":0.0,"timestamp":1613209748,"path_taken":["M","?","M","?","$","E","R","?","T","?","E","?","M","?","R","BOSS","M","M","?","$","M","R","E","R","T","?","?","E","R","E","R","BOSS","M","M","M","?","M","E","?","M","T","M","$","?","M","E","R","BOSS"],"items_purchased_type":["Relic","Card","Relic","Relic","Relic","Relic","Card"],"build_version":"2020-12-22","purchased_purges":3,"victory":true,"max_hp_per_floor":[71,71,71,76,76,76,76,76,76,76,76,76,76,76,76,76,76,76,76,86,86,86,86,86,86,86,86,86,87,87,95,95,101,86,97,98,98,98,98,98,98,98,98,98,98,98,98,98,98,98],"card_choices":[{"not_picked":[],"picked":"EpicFetus","floor":0.0},{"not_picked":["OrbThrow:ReiMu","WonderfulDomain:ReiMu"],"picked":"Meditation:ReiMu","floor":1.0},{"not_picked":["SafetyPray:ReiMu","FantasyBorder:ReiMu"],"picked":"RainPray2:ReiMu","floor":3.0},{"not_picked":["OctopathSalyBorderN:ReiMu","SealNeedle:ReiMu","OctopathBindingBorder2:ReiMu"],"picked":"SKIP","floor":6.0},{"not_picked":["SpreadBorder2:ReiMu","SubcavityInstant:ReiMu","PhosphorusFlame:ReiMu"],"picked":"SKIP","floor":8.0},{"not_picked":["YinYangSange:ReiMu","AlertArray:ReiMu"],"picked":"Revelation:ReiMu","floor":11.0},{"not_picked":["SpringWay:ReiMu","SubAcupoint:ReiMu"],"picked":"FantasyMoon:ReiMu","floor":13.0},{"not_picked":["PhosphorusFlame:ReiMu","TakeOff:ReiMu"],"picked":"SafetyPray:ReiMu","floor":18.0},{"not_picked":["SubcavityInstant:ReiMu","SubAcupoint:ReiMu"],"picked":"CareerPray:ReiMu+1","floor":19.0},{"not_picked":["Enchanting:ReiMu","SpringWay:ReiMu"],"picked":"PassingAway:ReiMu","floor":20.0},{"not_picked":["Intuition:ReiMu","Amulet:ReiMu"],"picked":"OrbThrow:ReiMu","floor":22.0},{"not_picked":["YinYangSange:ReiMu","Dreaming2:ReiMu+1"],"picked":"SpreadBorder2:ReiMu","floor":24.0},{"not_picked":["ShadowOfCrow2:ReiMu","EmergencyTakeOff:ReiMu"],"picked":"ManaGlint:ReiMu","floor":29.0},{"not_picked":["SubcavityInstant:ReiMu","SubAcupoint:ReiMu","AirManeuver:ReiMu"],"picked":"SKIP","floor":31.0},{"not_picked":["CeremonyResonance:ReiMu","Determination:ReiMu"],"picked":"PrayRite:ReiMu","floor":33.0},{"not_picked":["Conquer:ReiMu+1","FoulBorder2:ReiMu","Enchanting:ReiMu+1"],"picked":"SKIP","floor":35.0},{"not_picked":["Mountainwind:ReiMu","NineCharacters:ReiMu+1","Amulet:ReiMu+1"],"picked":"SKIP","floor":36.0},{"not_picked":["SpreadBorder2:ReiMu+1","Mountainwind:ReiMu+1","CollectionFlower2:ReiMu+1"],"picked":"SKIP","floor":37},{"not_picked":["SpringWay:ReiMu","Intuition:ReiMu+1"],"picked":"CareerPray:ReiMu+1","floor":38},{"not_picked":["Enchanting:ReiMu+1","SafetyPray:ReiMu+1","Meditation:ReiMu+1"],"picked":"SKIP","floor":39},{"not_picked":["PrayRite:ReiMu","Meditation:ReiMu+1"],"picked":"CareerPray:ReiMu+1","floor":40},{"not_picked":["SpringWay:ReiMu+1","WonderfulDomain:ReiMu+1","NineCharacters:ReiMu+1"],"picked":"SKIP","floor":42},{"not_picked":["KamiSacrifice:ReiMu","TightArray:ReiMu"],"picked":"AirStrike:ReiMu","floor":44},{"not_picked":["AirStrike:ReiMu","MountainWay:ReiMu"],"picked":"LovePray:ReiMu","floor":47},{"not_picked":["CareerPray:ReiMu","YinYang:ReiMu"],"picked":"FantasyMoon:ReiMu+1","floor":48}],"player_experience":51025,"relics_obtained":[{"floor":6.0,"key":"SkyOrb:ReiMu"},{"floor":9.0,"key":"Happy Flower"},{"floor":11.0,"key":"PreservedInsect"},{"floor":20.0,"key":"Pear"},{"floor":20.0,"key":"HowToJump"},{"floor":24.0,"key":"Boot"},{"floor":29.0,"key":"Mastiff:ReiMu"},{"floor":31.0,"key":"ScarletDevilRocket"},{"floor":40,"key":"D6"},{"floor":43,"key":"Art of War"},{"floor":48,"key":"TuHaoJin"}],"event_choices":[{"damage_healed":0.0,"max_hp_gain":5.0,"max_hp_loss":0.0,"gold_gain":0.0,"event_name":"Big Fish","player_choice":"Donut","floor":4.0,"gold_loss":0.0,"damage_taken":0.0},{"cards_removed":["Regret"],"damage_healed":0.0,"max_hp_gain":0.0,"max_hp_loss":0.0,"gold_gain":0.0,"event_name":"Golden Wing","player_choice":"Card Removal","floor":10.0,"gold_loss":0.0,"damage_taken":7.0},{"cards_removed":["Meditation:ReiMu"],"damage_healed":0.0,"max_hp_gain":0.0,"max_hp_loss":0.0,"gold_gain":0.0,"event_name":"Living Wall","player_choice":"Forget","floor":12.0,"gold_loss":0.0,"damage_taken":0.0},{"damage_healed":0.0,"max_hp_gain":0.0,"max_hp_loss":0.0,"gold_gain":0.0,"event_name":"yidonshenshe","player_choice":"塞钱","floor":14.0,"gold_loss":40.0,"damage_taken":0.0,"relics_obtained":["PaintedHorse:ReiMu"]},{"damage_healed":0.0,"max_hp_gain":0.0,"max_hp_loss":0.0,"gold_gain":0.0,"event_name":"HidenRoomEvent","player_choice":"Fight","floor":20.0,"gold_loss":0.0,"damage_taken":0.0},{"damage_healed":0.0,"max_hp_gain":0.0,"max_hp_loss":0.0,"gold_gain":0.0,"event_name":"Addict","player_choice":"Stole Relic","floor":28.0,"gold_loss":0.0,"damage_taken":0.0,"relics_obtained":["BodyOfKamiR:ReiMu"],"cards_obtained":["Shame"]},{"damage_healed":0,"gold_gain":0,"player_choice":"Gave Potion","damage_taken":0,"relics_obtained":["TungstenRod"],"max_hp_gain":0,"max_hp_loss":0,"event_name":"WeMeetAgain","floor":41,"gold_loss":0},{"cards_removed":["Strike_Lin:ReiMu"],"damage_healed":0,"gold_gain":0,"player_choice":"Removed Attack","damage_taken":0,"max_hp_gain":0,"max_hp_loss":0,"event_name":"Falling","floor":46,"gold_loss":0}],"is_beta":false,"boss_relics":[{"not_picked":["Black Star","SacredBark"],"picked":"LagranYue:SoulBurningRelic"},{"not_picked":[]},{"not_picked":["LagranYue:ContractPerformanceRelic","RedLine:ReiMu"],"picked":"Dota2Spire:Bloodstone"},{"not_picked":[]}],"items_purged_floors":[21,34,45],"is_endless":false,"potions_floor_spawned":[6,13,16,19,22,33,35,39,40,42,48],"ascension_level":0}}