{"host":"bebwmhhch11ak7yk","time":1613225587,"event":{"mods":["Act Like it!","Arknights","Aspiration","BaseMod","Better Skull","Better Third Choice","Colored Powertips","Elementarium","Fiend Mod","Hermit","Hunter ??","Kratos Character Expansion","Luminous","Minty Spire (QoL Compilation)","Replay The Spire","SIMod","StSLib","The Animator","The Blackbeard","The Bladedancer","The Bug Knight","The Cursed","The Necromancer","The Servant 0.9.4","The Vixen"],"gold_per_floor":[118,131,131,231,241,271,8,8,31,46,56,56,56,73,73,73,73],"floor_reached":16,"language":"ENG","playtime":1130,"items_purged":[],"score":102,"play_id":"e0e987a7-aef4-4962-be68-c1ee1ae8d171","local_time":"20210213151307","is_ascension_mode":false,"campfire_choices":[{"floor":8,"key":"REST"},{"floor":13,"key":"REST"},{"floor":15,"key":"REST"}],"circlet_count":0,"master_deck":["HollowMod:NailStrikeStart","HollowMod:NailStrikeStart","HollowMod:NailStrikeStart","HollowMod:NailStrikeStart","HollowMod:QuickDashStart","HollowMod:QuickDashStart","HollowMod:QuickDashStart","HollowMod:QuickDashStart","HollowMod:FocusHealStart","HollowMod:PogoStrike","HollowMod:NewGlowingWomb","HollowMod:GoodIntentions","HollowMod:TaintedHusks","HollowMod:DesolateDive","HollowMod:BrokenVessel+1","HollowMod:MidwifesHunger","HollowMod:LifebloodCocoon","HollowMod:GoodIntentions","HollowMod:GrimmsGift","HollowMod:MidwifesHunger"],"relics":["HollowMod:VesselMask","NeowsBlessing","aspiration:SeaSaltIceCream","Vampire_Amulet","KratosMod:amulet","HollowMod:LumaflyLanternRelic","KratosMod:chalice","FrozenCore"],"acts_visited":["Exordium"],"potions_floor_usage":[6,6,11],"damage_taken":[{"damage":0,"enemies":"Cultist","floor":1,"turns":1},{"damage":0,"enemies":"Small Slimes","floor":2,"turns":1},{"damage":0,"enemies":"2 Louse","floor":5,"turns":1},{"damage":47,"enemies":"Gremlin Nob","floor":6,"turns":6},{"damage":39,"enemies":"Large Slime","floor":10,"turns":11},{"damage":13,"enemies":"Red Slaver","floor":11,"turns":4},{"damage":53,"enemies":"Gremlin Gang","floor":14,"turns":6},{"damage":55,"enemies":"HollowMod:FalseKnight","floor":16,"turns":6}],"seed_played":"1228156123107080817","potions_obtained":[{"floor":2,"key":"Block Potion"},{"floor":5,"key":"Venom Potion"},{"floor":10,"key":"Weak Potion"}],"is_trial":false,"path_per_floor":["M","M","?","?","M","E","$","R","T","M","M","?","R","M","R","B"],"character_chosen":"THE_BUGKNIGHT","items_purchased":["HollowMod:BrokenVessel+1","HollowMod:MidwifesHunger","HollowMod:LifebloodCocoon"],"campfire_rested":3,"item_purchase_floors":[7,7,7],"current_hp_per_floor":[75,75,64,64,70,33,33,56,56,35,25,25,48,19,42,0,0],"gold":73,"neow_bonus":"THREE_ENEMY_KILL","is_daily":false,"chose_seed":false,"campfire_upgraded":0,"win_rate":0.0,"timestamp":1613225587,"path_taken":["M","M","?","?","M","E","$","R","T","?","M","?","R","M","R","BOSS"],"items_purchased_type":["Card","Card","Card"],"build_version":"2020-12-22","purchased_purges":0,"victory":false,"max_hp_per_floor":[75,75,75,75,75,75,75,75,75,75,75,75,75,75,75,75,75],"card_choices":[{"not_picked":["HollowMod:InfectedAttack","HollowMod:GreatSlash"],"picked":"HollowMod:NewGlowingWomb","floor":1},{"not_picked":["HollowMod:DoubleDash","HollowMod:HeavyBlow"],"picked":"HollowMod:GoodIntentions","floor":2},{"not_picked":["HollowMod:MantisMark","HollowMod:SoulStrike"],"picked":"HollowMod:TaintedHusks","floor":5},{"not_picked":["HollowMod:InfectedAttack","HollowMod:BlackTendrils"],"picked":"HollowMod:DesolateDive","floor":6},{"not_picked":["HollowMod:ChannelNail","HollowMod:DescendingDark"],"picked":"HollowMod:GoodIntentions","floor":10},{"not_picked":["HollowMod:LifebloodCocoon","HollowMod:SharpenedNail"],"picked":"HollowMod:GrimmsGift","floor":11},{"not_picked":["HollowMod:WraithStrike","HollowMod:HeavyBlow"],"picked":"HollowMod:MidwifesHunger","floor":14}],"player_experience":355350,"relics_obtained":[{"floor":6,"key":"HollowMod:LumaflyLanternRelic"}],"event_choices":[{"damage_healed":0,"gold_gain":1,"player_choice":"Relic Relic ","damage_taken":11,"max_hp_gain":0,"max_hp_loss":0,"event_name":"betterThird:BetterScrap","floor":3,"gold_loss":0,"cards_obtained":["Shockwave"]},{"damage_healed":0,"gold_gain":100,"player_choice":"Pray","damage_taken":0,"max_hp_gain":0,"max_hp_loss":0,"event_name":"Golden Shrine","floor":4,"gold_loss":0}],"is_beta":false,"boss_relics":[],"items_purged_floors":[],"is_endless":false,"potions_floor_spawned":[2,5,10],"killed_by":"HollowMod:FalseKnight","ascension_level":0}}