{"host":"uexz8m6e0pxi7xat","time":1613204963,"event":{"mods":["BaseMod","Bestiary","Minty Spire (QoL Compilation)","Relic Stats","ojb\u0027s Info Mod"],"gold_per_floor":[216,24,43,61,32,32,62,62,88,88,138,155,175,210,210,210,210],"floor_reached":16,"language":"ENG","playtime":938,"items_purged":[],"score":220,"play_id":"33c42119-822f-4e56-9a34-c2e4608c770a","local_time":"20210213212923","is_ascension_mode":true,"campfire_choices":[{"data":"Neutralize","floor":6,"key":"SMITH"},{"data":"Dagger Spray","floor":8,"key":"SMITH"},{"floor":10,"key":"REST"},{"data":"WheelKick","floor":15,"key":"SMITH"}],"circlet_count":0,"master_deck":["AscendersBane","Strike_G","Strike_G","Strike_G","Strike_G","Strike_G","Defend_G","Defend_G","Defend_G","Defend_G","Defend_G","Survivor","Neutralize+1","Underhanded Strike","Dagger Throw","Swift Strike","WheelKick+1","Dagger Spray+1","Good Instincts","Finesse"],"relics":["Ring of the Snake","PrismaticShard","Juzu Bracelet","MealTicket","Nunchaku"],"acts_visited":["Exordium"],"potions_floor_usage":[14,16,16],"damage_taken":[{"damage":0,"enemies":"Cultist","floor":1,"turns":3},{"damage":1,"enemies":"Small Slimes","floor":3,"turns":3},{"damage":0,"enemies":"2 Louse","floor":4,"turns":3},{"damage":31,"enemies":"Lagavulin","floor":7,"turns":7},{"damage":0,"enemies":"Large Slime","floor":12,"turns":3},{"damage":2,"enemies":"3 Louse","floor":13,"turns":3},{"damage":6,"enemies":"3 Sentries","floor":14,"turns":5},{"damage":35,"enemies":"Slime Boss","floor":16,"turns":11}],"seed_played":"4774313735314403523","potions_obtained":[{"floor":12,"key":"SkillPotion"},{"floor":13,"key":"Weak Potion"},{"floor":14,"key":"SteroidPotion"}],"is_trial":false,"path_per_floor":["M","$","M","M","$","R","E","R","T","R","?","M","M","E","R","B"],"character_chosen":"THE_SILENT","items_purchased":["PrismaticShard","Dagger Throw","Dagger Spray"],"campfire_rested":1,"item_purchase_floors":[2,2,5],"current_hp_per_floor":[59,59,58,58,58,58,27,27,27,46,40,40,38,32,32,0,0],"gold":210,"neow_bonus":"HUNDRED_GOLD","is_daily":false,"chose_seed":false,"campfire_upgraded":3,"win_rate":0.0,"timestamp":1613204963,"path_taken":["M","$","M","M","?","R","E","R","T","R","?","M","M","E","R","BOSS"],"items_purchased_type":["Relic","Card","Card"],"build_version":"2020-12-22","purchased_purges":0,"victory":false,"max_hp_per_floor":[66,66,66,66,66,66,66,66,66,66,66,66,66,66,66,66,66],"relic_stats":{"Nunchaku":[2],"counters":[8,38],"MealTicket":0,"Juzu Bracelet":1,"obtain_stats":[{"Nunchaku":14,"MealTicket":9,"Juzu Bracelet":7,"PrismaticShard":2,"Ring of the Snake":0},{"Nunchaku":7,"MealTicket":4,"Juzu Bracelet":4,"PrismaticShard":1,"Ring of the Snake":0},{"Nunchaku":27,"MealTicket":16,"Juzu Bracelet":16,"PrismaticShard":3,"Ring of the Snake":0}],"Ring of the Snake":[16]},"card_choices":[{"not_picked":["Deflect","Heel Hook"],"picked":"Underhanded Strike","floor":1},{"not_picked":["Poisoned Stab","Distraction"],"picked":"Swift Strike","floor":3},{"not_picked":["WreathOfFlame","Melter"],"picked":"WheelKick","floor":4},{"not_picked":["Study","Go for the Eyes"],"picked":"Good Instincts","floor":7},{"not_picked":["Quick Slash","Perfected Strike"],"picked":"Finesse","floor":12},{"not_picked":["ClearTheMind","Consume","Ball Lightning"],"picked":"SKIP","floor":13},{"not_picked":["Steam","FollowUp","Redo"],"picked":"SKIP","floor":14}],"player_experience":1006398,"relics_obtained":[{"floor":7,"key":"Juzu Bracelet"},{"floor":9,"key":"MealTicket"},{"floor":14,"key":"Nunchaku"}],"event_choices":[{"damage_healed":0,"gold_gain":50,"player_choice":"Touch","damage_taken":6,"max_hp_gain":0,"max_hp_loss":0,"event_name":"FaceTrader","floor":11,"gold_loss":0}],"is_beta":false,"boss_relics":[],"items_purged_floors":[],"is_endless":false,"potions_floor_spawned":[12,13,14],"killed_by":"Slime Boss","ascension_level":20}}