{"host":"urzvr6030gsf1sd7","time":1613183966,"event":{"mods":["AchievementEnabler","BaseMod","Block Reminder","Colored Powertips","Minty Spire (QoL Compilation)","Permanent Neow","StSLib"],"gold_per_floor":[116,136,61,78,78,78,118,130,169,181,193,230,242,292,304,444,456,488,415,442,60,73,107,107,141,141,159,159,203,217,217,217,336,336,355,206,269,282,22,22,63,63,89,109,109,69,69,108,108,108,108,108,24,57,57,57],"floor_reached":55,"language":"ENG","playtime":4614,"items_purged":["Strike_R","Berserk"],"score":878,"play_id":"f619d183-6e4a-4324-b388-91d0277c3e96","local_time":"20210212213926","is_ascension_mode":true,"campfire_choices":[{"data":"Demon Form","floor":6.0,"key":"SMITH"},{"data":"Shockwave","floor":13.0,"key":"SMITH"},{"data":"Flame Barrier","floor":15.0,"key":"SMITH"},{"data":"Whirlwind","floor":24.0,"key":"SMITH"},{"floor":28.0,"key":"REST"},{"data":"Havoc","floor":32.0,"key":"SMITH"},{"data":"Offering","floor":40,"key":"SMITH"},{"floor":42,"key":"RECALL"},{"data":"True Grit","floor":47,"key":"SMITH"},{"data":"Heavy Blade","floor":49,"key":"SMITH"},{"data":"Disarm","floor":52,"key":"SMITH"}],"circlet_count":0,"master_deck":["Bash","Demon Form+1","Dual Wield","Heavy Blade+1","Shockwave+1","Whirlwind+1","Clothesline","Flame Barrier+1","Limit Break","Feel No Pain","Rage","Heavy Blade","Immolate","Exhume+1","Feel No Pain","Brutality","Bloodletting+1","True Grit+1","Panacea","Metallicize","Dark Embrace+1","Armaments+1","Havoc+1","Disarm+1","Uppercut","Corruption+1","Spot Weakness+1","Offering+1","Seeing Red+1","Entrench","Dark Embrace+1","Juggernaut+1","Reckless Charge+1","Heavy Blade+1","Headbutt","Rupture+1","Metallicize+1"],"relics":["Burning Blood","Golden Idol","MawBank","MealTicket","Bottled Tornado","Red Skull","Pandora\u0027s Box","HornCleat","Orichalcum","Frozen Egg 2","Toy Ornithopter","Turnip","Bird Faced Urn","SacredBark","Charon\u0027s Ashes","Anchor","Prayer Wheel","Potion Belt","Pen Nib","Eternal Feather"],"acts_visited":["Exordium","TheCity","TheBeyond","TheEnding"],"potions_floor_usage":[33,33,48,50,50,50,55,55],"damage_taken":[{"damage":10.0,"enemies":"Cultist","floor":1.0,"turns":4.0},{"damage":7.0,"enemies":"Small Slimes","floor":2.0,"turns":4.0},{"damage":11.0,"enemies":"Jaw Worm","floor":4.0,"turns":4.0},{"damage":26.0,"enemies":"Lagavulin","floor":7.0,"turns":7.0},{"damage":15.0,"enemies":"Looter","floor":12.0,"turns":4.0},{"damage":14.0,"enemies":"Gremlin Nob","floor":14.0,"turns":4.0},{"damage":31.0,"enemies":"Hexaghost","floor":16.0,"turns":7.0},{"damage":28.0,"enemies":"Shell Parasite","floor":18.0,"turns":4.0},{"damage":13.0,"enemies":"Chosen","floor":20.0,"turns":3.0},{"damage":24.0,"enemies":"Snake Plant","floor":22.0,"turns":4.0},{"damage":23.0,"enemies":"Book of Stabbing","floor":23.0,"turns":6.0},{"damage":13.0,"enemies":"Slavers","floor":25.0,"turns":4.0},{"damage":5.0,"enemies":"Sentry and Sphere","floor":27.0,"turns":7.0},{"damage":13.0,"enemies":"Book of Stabbing","floor":29.0,"turns":6.0},{"damage":0.0,"enemies":"Snecko","floor":30.0,"turns":5.0},{"damage":21,"enemies":"Automaton","floor":33,"turns":7},{"damage":46,"enemies":"3 Shapes","floor":35,"turns":6},{"damage":17,"enemies":"Mind Bloom Boss Battle","floor":37,"turns":4},{"damage":26,"enemies":"3 Darklings","floor":38,"turns":4},{"damage":15,"enemies":"Giant Head","floor":41,"turns":4},{"damage":15,"enemies":"4 Shapes","floor":44,"turns":3},{"damage":19,"enemies":"Reptomancer","floor":48,"turns":3},{"damage":27,"enemies":"Awakened One","floor":50,"turns":5},{"damage":64,"enemies":"Shield and Spear","floor":54,"turns":5},{"damage":63,"enemies":"The Heart","floor":55,"turns":6}],"seed_played":"-8648039077213260540","potions_obtained":[{"floor":1.0,"key":"BlessingOfTheForge"},{"floor":2.0,"key":"BloodPotion"},{"floor":12.0,"key":"ElixirPotion"},{"floor":16.0,"key":"ColorlessPotion"},{"floor":20.0,"key":"PowerPotion"},{"floor":23.0,"key":"Fruit Juice"},{"floor":25.0,"key":"Block Potion"},{"floor":27.0,"key":"Strength Potion"},{"floor":30.0,"key":"ColorlessPotion"},{"floor":37,"key":"Dexterity Potion"},{"floor":41,"key":"Regen Potion"},{"floor":44,"key":"ColorlessPotion"},{"floor":54,"key":"ElixirPotion"}],"is_trial":false,"path_per_floor":["M","M","$","M","?","R","E","?","T","T","T","M","R","E","R","B",null,"M","?","M","$","M","E","R","E","T","M","R","E","M","?","R","B",null,"M","$","?","M","$","R","E","R","T","M","?","?","R","E","R","B",null,"R","$","E","B"],"character_chosen":"IRONCLAD","items_purchased":["Orichalcum","Block Potion","Panacea","Offering","Anchor","Dark Embrace+1","DistilledChaos","Rupture+1","Block Potion"],"campfire_rested":1,"item_purchase_floors":[21,21,21,36,39,39,39,53,53],"current_hp_per_floor":[68,67,67,62,62,62,55,55,55,55,55,46,46,38,38,13,67,45,45,38,53,35,23,23,16,16,17,38,31,43,43,43,50,72,37,52,53,45,60,60,67,67,67,68,68,68,68,72,72,72,72,72,72,28,0,0],"gold":57,"neow_bonus":"THREE_RARE_CARDS","is_daily":false,"chose_seed":false,"campfire_upgraded":9,"win_rate":0.0,"timestamp":1613183966,"path_taken":["M","M","$","M","?","R","E","?","T","?","?","M","R","E","R","BOSS","M","?","M","$","M","E","R","E","T","M","R","E","M","?","R","BOSS","M","$","?","M","$","R","E","R","T","M","?","?","R","E","R","BOSS","R","$","E","BOSS"],"items_purchased_type":["Relic","Potion","Card","Card","Relic","Card","Potion","Card","Potion"],"build_version":"2020-12-22","purchased_purges":2,"victory":false,"max_hp_per_floor":[72,72,72,72,67,67,67,67,67,67,67,67,67,67,67,67,67,67,67,67,67,67,72,72,72,72,72,72,72,72,72,72,72,72,72,72,72,72,72,72,72,72,72,72,72,72,72,72,72,72,72,72,72,72,72,72],"card_choices":[{"not_picked":["Immolate","Reaper"],"picked":"Demon Form","floor":0.0},{"not_picked":["Carnage","Dropkick"],"picked":"Dual Wield","floor":1.0},{"not_picked":["Carnage","Clash"],"picked":"Heavy Blade","floor":2.0},{"not_picked":["Rage","Fire Breathing"],"picked":"Shockwave","floor":4.0},{"not_picked":["Pummel","Dual Wield"],"picked":"Whirlwind","floor":7.0},{"not_picked":["True Grit","Shrug It Off"],"picked":"Clothesline","floor":12.0},{"not_picked":["Feel No Pain","Immolate"],"picked":"Flame Barrier","floor":14.0},{"not_picked":["Barricade","Brutality"],"picked":"Limit Break","floor":16.0},{"not_picked":["Flex","Combust"],"picked":"Bloodletting+1","floor":18.0},{"not_picked":["Havoc","Wild Strike+1"],"picked":"True Grit","floor":20.0},{"not_picked":["Intimidate","Armaments"],"picked":"Metallicize","floor":22.0},{"not_picked":["Heavy Blade+1","Wild Strike"],"picked":"Dark Embrace+1","floor":23.0},{"not_picked":["Pommel Strike","Seeing Red+1"],"picked":"Armaments+1","floor":25.0},{"not_picked":["Flex","Perfected Strike"],"picked":"Havoc","floor":27.0},{"not_picked":["Intimidate","Warcry"],"picked":"Disarm","floor":29.0},{"not_picked":["Searing Blow","Iron Wave"],"picked":"Uppercut","floor":30.0},{"not_picked":["Limit Break","Barricade+1"],"picked":"Corruption+1","floor":33},{"not_picked":["Fire Breathing+1","Blood for Blood"],"picked":"Spot Weakness+1","floor":35},{"not_picked":["Perfected Strike+1","Flex+1"],"picked":"Seeing Red+1","floor":37},{"not_picked":["Sword Boomerang+1","Reckless Charge"],"picked":"Entrench","floor":38},{"not_picked":["Dual Wield+1","Clash"],"picked":"Juggernaut+1","floor":41},{"not_picked":["Wild Strike","Body Slam"],"picked":"Reckless Charge+1","floor":44},{"not_picked":["Anger","Ghostly Armor"],"picked":"Heavy Blade+1","floor":44},{"not_picked":["Havoc","Dropkick+1"],"picked":"Headbutt","floor":48},{"not_picked":["Flex","Pommel Strike+1"],"picked":"Metallicize+1","floor":54}],"player_experience":235806,"relics_obtained":[{"floor":7.0,"key":"MawBank"},{"floor":9.0,"key":"MealTicket"},{"floor":10.0,"key":"Bottled Tornado"},{"floor":14.0,"key":"Red Skull"},{"floor":23.0,"key":"Frozen Egg 2"},{"floor":25.0,"key":"Toy Ornithopter"},{"floor":26.0,"key":"Turnip"},{"floor":29.0,"key":"Bird Faced Urn"},{"floor":37,"key":"Charon\u0027s Ashes"},{"floor":41,"key":"Prayer Wheel"},{"floor":43,"key":"Potion Belt"},{"floor":48,"key":"Pen Nib"},{"floor":54,"key":"Eternal Feather"}],"event_choices":[{"damage_healed":0.0,"max_hp_gain":0.0,"max_hp_loss":5.0,"gold_gain":0.0,"event_name":"Golden Idol","player_choice":"Lose Max HP","floor":5.0,"gold_loss":0.0,"damage_taken":0.0,"relics_obtained":["Golden Idol"]},{"damage_healed":0.0,"max_hp_gain":0.0,"max_hp_loss":0.0,"gold_gain":0.0,"event_name":"Liars Game","player_choice":"Ignored","floor":8.0,"gold_loss":0.0,"damage_taken":0.0},{"damage_healed":0.0,"max_hp_gain":0.0,"max_hp_loss":0.0,"gold_gain":0.0,"event_name":"Addict","player_choice":"Obtained Relic","floor":19.0,"gold_loss":85.0,"damage_taken":0.0,"relics_obtained":["HornCleat"]},{"damage_healed":0.0,"max_hp_gain":0.0,"max_hp_loss":0.0,"gold_gain":0.0,"event_name":"Vampires","player_choice":"Ignored","floor":31.0,"gold_loss":0.0,"damage_taken":0.0},{"damage_healed":0,"gold_gain":0,"player_choice":"Fight","damage_taken":0,"max_hp_gain":0,"max_hp_loss":0,"event_name":"MindBloom","floor":37,"gold_loss":0},{"damage_healed":0,"gold_gain":0,"player_choice":"Ignored","damage_taken":0,"max_hp_gain":0,"max_hp_loss":0,"event_name":"Tomb of Lord Red Mask","floor":45,"gold_loss":0},{"damage_healed":0,"gold_gain":0,"player_choice":"Upgrade","damage_taken":0,"max_hp_gain":0,"max_hp_loss":0,"event_name":"Designer","floor":46,"gold_loss":40,"cards_upgraded":["Exhume"]}],"is_beta":false,"boss_relics":[{"not_picked":["Tiny House","Philosopher\u0027s Stone"],"picked":"Pandora\u0027s Box"},{"not_picked":["Black Blood","Runic Dome"],"picked":"SacredBark"}],"items_purged_floors":[3,21],"is_endless":false,"potions_floor_spawned":[1,2,12,16,20,23,25,27,30,37,41,44,54],"killed_by":"The Heart","ascension_level":1}}