{"host":"7j2n82b2zha9fuyn","time":1613255374,"event":{"mods":["BaseMod","Block Reminder","Minty Spire (QoL Compilation)","StSLib"],"gold_per_floor":[209,225,225,243,64,98,98,153,153,107,107,152,188,50,50,70,70],"floor_reached":16,"language":"ENG","playtime":720,"items_purged":[],"score":215,"play_id":"d138f9d3-465d-4c52-a894-50085b523448","local_time":"20210213152934","is_ascension_mode":true,"campfire_choices":[{"floor":7,"key":"REST"},{"data":"Defragment","floor":11,"key":"SMITH"},{"floor":15,"key":"REST"}],"circlet_count":0,"master_deck":["AscendersBane","Strike_B","Strike_B","Strike_B","Strike_B","Defend_B","Defend_B","Defend_B","Defend_B","Zap","Dualcast","Conserve Battery","Defragment+1","Ball Lightning","HandOfGreed","Leap","Cold Snap","Hologram","Consume"],"relics":["Cracked Core","Strawberry","The Courier","Peace Pipe","Orichalcum"],"acts_visited":["Exordium"],"potions_floor_usage":[],"damage_taken":[{"damage":5,"enemies":"Small Slimes","floor":1,"turns":4},{"damage":1,"enemies":"Cultist","floor":2,"turns":3},{"damage":14,"enemies":"Jaw Worm","floor":4,"turns":4},{"damage":36,"enemies":"Gremlin Nob","floor":6,"turns":4},{"damage":21,"enemies":"Exordium Thugs","floor":8,"turns":4},{"damage":13,"enemies":"Lagavulin","floor":12,"turns":6},{"damage":1,"enemies":"Looter","floor":13,"turns":3},{"damage":32,"enemies":"Slime Boss","floor":16,"turns":10}],"seed_played":"-4693393142235860148","potions_obtained":[{"floor":2,"key":"Swift Potion"},{"floor":3,"key":"SteroidPotion"}],"is_trial":false,"path_per_floor":["M","M","?","M","$","E","R","M","T","?","R","E","M","$","R","B"],"character_chosen":"DEFECT","items_purchased":["HandOfGreed","Orichalcum"],"campfire_rested":2,"item_purchase_floors":[5,14],"current_hp_per_floor":[59,58,58,44,44,15,38,17,17,17,17,4,3,3,26,0,0],"gold":70,"neow_bonus":"HUNDRED_GOLD","is_daily":false,"chose_seed":false,"campfire_upgraded":1,"win_rate":0.0,"timestamp":1613255374,"path_taken":["M","M","?","?","$","E","R","M","T","?","R","E","M","?","R","BOSS"],"items_purchased_type":["Card","Relic"],"build_version":"2020-12-22","purchased_purges":0,"victory":false,"max_hp_per_floor":[71,71,71,71,71,78,78,78,78,78,78,78,78,78,78,78,78],"card_choices":[{"not_picked":["Go for the Eyes","Coolheaded"],"picked":"Conserve Battery","floor":1},{"not_picked":["Storm","Rebound"],"picked":"Defragment","floor":2},{"not_picked":["Go for the Eyes","Turbo"],"picked":"Ball Lightning","floor":4},{"not_picked":["Steam","Sunder"],"picked":"Leap","floor":6},{"not_picked":["Blizzard","Leap"],"picked":"Cold Snap","floor":8},{"not_picked":["All For One","Storm"],"picked":"Hologram","floor":12},{"not_picked":["Streamline","Conserve Battery"],"picked":"Consume","floor":13}],"player_experience":2030211,"relics_obtained":[{"floor":6,"key":"Strawberry"},{"floor":9,"key":"The Courier"},{"floor":12,"key":"Peace Pipe"}],"event_choices":[{"damage_healed":0,"gold_gain":0,"player_choice":"Got Potions","damage_taken":0,"max_hp_gain":0,"max_hp_loss":0,"event_name":"Lab","floor":3,"gold_loss":0},{"damage_healed":0,"gold_gain":0,"player_choice":"Left Gold","damage_taken":0,"max_hp_gain":0,"max_hp_loss":0,"event_name":"World of Goop","floor":10,"gold_loss":46}],"is_beta":false,"boss_relics":[],"items_purged_floors":[],"is_endless":false,"potions_floor_spawned":[2,13],"killed_by":"Slime Boss","ascension_level":19}}