{"host":"6rz02yiipefhcw4r","time":1613214594,"event":{"mods":["2.2 Compatiblity","BaseMod","Block Reminder","Colored Map","Curses Come First","DeckTracker","Googly Eyes","Minty Spire (QoL Compilation)","Quick Restart","Rare Cards Sparkle","StSLib"],"gold_per_floor":[19,19,32,32,47,72,72,72,72,85,11,11,22,47,47,123,123,139,64,23,37,37,37,68,0,0,19,19,39,39,57,57,133,133,153,198,0,12,32,32,32],"floor_reached":40,"language":"ENG","playtime":3608,"items_purged":[],"score":832,"play_id":"583dd5a9-e775-4daf-b891-3fcbbc099085","local_time":"20210213090954","is_ascension_mode":true,"campfire_choices":[{"floor":12.0,"key":"REST"},{"floor":15.0,"key":"REST"},{"floor":23.0,"key":"REST"},{"floor":28.0,"key":"REST"},{"floor":30.0,"key":"REST"},{"floor":32.0,"key":"RECALL"}],"circlet_count":0,"master_deck":["AscendersBane","Strike_G","Strike_G","Strike_G","Strike_G","Defend_G","Defend_G","Defend_G","Defend_G","Defend_G","Survivor","Neutralize","Corpse Explosion","Skewer+1","Dagger Spray","Deadly Poison","Footwork","Wraith Form v2","Backflip","Footwork","Terror","Acrobatics","Deflect+1","Dodge and Roll","After Image","CurseOfTheBell","PiercingWail","Deflect","Backstab"],"relics":["Ring of the Snake","Blue Candle","Akabeko","Dead Branch","Ninja Scroll","Fusion Hammer","Calipers","StoneCalendar","Torii","Calling Bell","Boot","Question Card","FossilizedHelix","Thread and Needle","Red Mask"],"acts_visited":["Exordium","TheCity","TheBeyond"],"potions_floor_usage":[36,40],"damage_taken":[{"damage":0.0,"enemies":"2 Louse","floor":1.0,"turns":2.0},{"damage":9.0,"enemies":"Small Slimes","floor":3.0,"turns":6.0},{"damage":1.0,"enemies":"Cultist","floor":5.0,"turns":3.0},{"damage":11.0,"enemies":"3 Sentries","floor":6.0,"turns":3.0},{"damage":12.0,"enemies":"Exordium Thugs","floor":10.0,"turns":5.0},{"damage":0.0,"enemies":"Lots of Slimes","floor":13.0,"turns":1.0},{"damage":42.0,"enemies":"Gremlin Nob","floor":14.0,"turns":5.0},{"damage":30.0,"enemies":"Slime Boss","floor":16.0,"turns":9.0},{"damage":0.0,"enemies":"Spheric Guardian","floor":18.0,"turns":1.0},{"damage":9.0,"enemies":"Shell Parasite","floor":21.0,"turns":6.0},{"damage":45.0,"enemies":"Gremlin Leader","floor":24.0,"turns":11.0},{"damage":0.0,"enemies":"Centurion and Healer","floor":27.0,"turns":3.0},{"damage":0.0,"enemies":"Shelled Parasite and Fungi","floor":29.0,"turns":2.0},{"damage":2.0,"enemies":"3 Cultists","floor":31.0,"turns":4.0},{"damage":26.0,"enemies":"Collector","floor":33.0,"turns":10.0},{"damage":0,"enemies":"3 Shapes","floor":35,"turns":5},{"damage":45,"enemies":"2 Orb Walkers","floor":36,"turns":7},{"damage":0,"enemies":"Orb Walker","floor":38,"turns":5},{"damage":8,"enemies":"Sphere and 2 Shapes","floor":39,"turns":6},{"damage":0,"enemies":"Giant Head","floor":40,"turns":6}],"seed_played":"-4572451649231664182","potions_obtained":[{"floor":3.0,"key":"EssenceOfSteel"},{"floor":5.0,"key":"Weak Potion"},{"floor":10.0,"key":"Regen Potion"},{"floor":16.0,"key":"Dexterity Potion"},{"floor":21.0,"key":"FearPotion"},{"floor":27.0,"key":"Fire Potion"},{"floor":33,"key":"SpeedPotion"},{"floor":35,"key":"Weak Potion"},{"floor":38,"key":"FearPotion"}],"is_trial":false,"path_per_floor":["M","?","M","?","M","E","$","T","T","M","$","R","M","E","R","B",null,"M","?","$","M","T","R","E","?","T","M","R","M","R","M","R","B",null,"M","?","?","M","M","E"],"character_chosen":"THE_SILENT","items_purchased":["Footwork","Footwork"],"campfire_rested":5,"item_purchase_floors":[11,20],"current_hp_per_floor":[59,59,50,50,49,38,38,38,38,26,26,45,45,3,22,7,51,51,51,51,42,42,61,16,16,16,16,35,35,54,52,52,26,56,56,11,11,11,3,3,3],"gold":32,"neow_bonus":"THREE_RARE_CARDS","is_daily":false,"chose_seed":false,"campfire_upgraded":0,"win_rate":0.0,"timestamp":1613214594,"path_taken":["M","?","M","?","?","E","?","?","T","?","?","R","M","E","R","BOSS","M","?","$","M","?","R","E","?","T","M","R","M","R","M","R","BOSS","BOSS","M","?","?","M","M","E"],"items_purchased_type":["Card","Card"],"build_version":"2020-12-22","purchased_purges":0,"victory":false,"max_hp_per_floor":[66,66,66,66,66,66,66,66,66,66,66,66,66,66,66,66,66,66,66,66,66,66,66,66,66,66,66,66,66,66,66,66,66,66,66,66,66,66,66,66,66],"card_choices":[{"not_picked":["Bullet Time","Adrenaline"],"picked":"Corpse Explosion","floor":0.0},{"not_picked":["Sucker Punch","Slice"],"picked":"Skewer","floor":1.0},{"not_picked":["Outmaneuver","Quick Slash"],"picked":"Dagger Spray","floor":3.0},{"not_picked":["Sucker Punch","Acrobatics","Quick Slash"],"picked":"SKIP","floor":5.0},{"not_picked":["Deflect","Reflex","Eviscerate"],"picked":"SKIP","floor":6.0},{"not_picked":["Masterful Stab","All Out Attack"],"picked":"Deadly Poison","floor":10.0},{"not_picked":["Slice","Heel Hook","All Out Attack"],"picked":"SKIP","floor":13.0},{"not_picked":["Corpse Explosion","Expertise","Caltrops"],"picked":"SKIP","floor":14.0},{"not_picked":["Malaise","Doppelganger"],"picked":"Wraith Form v2","floor":16.0},{"not_picked":["Poisoned Stab","Distraction"],"picked":"Backflip","floor":18.0},{"not_picked":["Flechettes+1","Slice+1","Underhanded Strike"],"picked":"SKIP","floor":21.0},{"not_picked":["Dagger Throw","Flechettes"],"picked":"Terror","floor":24.0},{"not_picked":["Reflex","Dash"],"picked":"Acrobatics","floor":27.0},{"not_picked":["Doppelganger","Quick Slash"],"picked":"Deflect+1","floor":29.0},{"not_picked":["Sucker Punch","Dagger Spray"],"picked":"Dodge and Roll","floor":31.0},{"not_picked":["Phantasmal Killer","Unload"],"picked":"After Image","floor":33},{"not_picked":["Backflip","Prepared","Finisher"],"picked":"PiercingWail","floor":35},{"not_picked":["Acrobatics","Dagger Throw+1","Riddle With Holes+1"],"picked":"Deflect","floor":36},{"not_picked":["Bane","Dagger Spray","Escape Plan"],"picked":"Backstab","floor":38},{"not_picked":["Dagger Spray","Finisher","Well Laid Plans","Deflect"],"picked":"SKIP","floor":39},{"not_picked":["Dagger Spray","Finisher","Well Laid Plans","Deflect"],"picked":"SKIP","floor":39}],"player_experience":807324,"relics_obtained":[{"floor":6.0,"key":"Blue Candle"},{"floor":8.0,"key":"Akabeko"},{"floor":9.0,"key":"Dead Branch"},{"floor":14.0,"key":"Ninja Scroll"},{"floor":22.0,"key":"Calipers"},{"floor":24.0,"key":"StoneCalendar"},{"floor":26.0,"key":"Torii"},{"floor":34,"key":"Boot"},{"floor":34,"key":"Question Card"},{"floor":34,"key":"FossilizedHelix"},{"floor":36,"key":"Thread and Needle"}],"event_choices":[{"damage_healed":0.0,"max_hp_gain":0.0,"max_hp_loss":0.0,"gold_gain":0.0,"event_name":"Living Wall","player_choice":"Grow","floor":2.0,"gold_loss":0.0,"damage_taken":0.0,"cards_upgraded":["Skewer"]},{"damage_healed":0.0,"max_hp_gain":0.0,"max_hp_loss":0.0,"gold_gain":0.0,"event_name":"Match and Keep!","player_choice":"0 cards matched","floor":4.0,"gold_loss":0.0,"damage_taken":0.0,"cards_obtained":[]},{"cards_removed":["Strike_G"],"damage_healed":0.0,"max_hp_gain":0.0,"max_hp_loss":0.0,"gold_gain":0.0,"event_name":"Beggar","player_choice":"Gave Gold","floor":19.0,"gold_loss":75.0,"damage_taken":0.0},{"damage_healed":0.0,"max_hp_gain":0.0,"max_hp_loss":0.0,"gold_gain":0.0,"event_name":"Masked Bandits","player_choice":"Paid Fearfully","floor":25.0,"gold_loss":68.0,"damage_taken":0.0},{"damage_healed":0,"gold_gain":0,"player_choice":"Fight","damage_taken":0,"max_hp_gain":0,"max_hp_loss":0,"event_name":"Mysterious Sphere","floor":36,"gold_loss":0},{"damage_healed":0,"gold_gain":0,"player_choice":"Paid","damage_taken":0,"relics_obtained":["Red Mask"],"max_hp_gain":0,"max_hp_loss":0,"event_name":"Tomb of Lord Red Mask","floor":37,"gold_loss":198}],"is_beta":false,"boss_relics":[{"not_picked":["Runic Dome","Ring of the Serpent"],"picked":"Fusion Hammer"},{"not_picked":["Empty Cage","Philosopher\u0027s Stone"],"picked":"Calling Bell"}],"items_purged_floors":[],"is_endless":false,"potions_floor_spawned":[3,5,10,16,21,27,33,35,38,39],"killed_by":"Giant Head","ascension_level":20}}