{"host":"q57ekfojy3i00x9o","time":1613220574,"event":{"mods":["Act Like it!","Arknights","Aspiration","BaseMod","Colored Map","Energized Spire","Hermit","Minty Spire (QoL Compilation)","Quick Restart","Spicy Shops","Spikes Relics","StSLib","slay the spire mod where everything is the same but ironclad has a cowboy hat"],"gold_per_floor":[110,110,110,11,11,11,11,43,43,77,77,91,91,15,15,112,112,130,130,141,141,17,51,51,84,84,47,60,105,105,125,125,226,226,245,264,37,53,108,139,139,139,139],"floor_reached":42,"language":"RUS","playtime":754,"items_purged":["Shame"],"score":776,"play_id":"89a23f81-0db4-40b2-a5a4-a7b45ed24f49","local_time":"20210213174934","is_ascension_mode":true,"campfire_choices":[{"data":"ats:Closed Bolt Burst Fire","floor":6,"key":"SMITH"},{"data":"ats:Emotion Absorption","floor":13,"key":"SMITH"},{"data":"ats:Defend","floor":15,"key":"SMITH"},{"floor":30,"key":"REST"},{"floor":41,"key":"REST"}],"circlet_count":0,"master_deck":["ats:Strike C+1","ats:Strike G+1","ats:Strike S+1","ats:Strike V+1","ats:Armor Crushing Shot+1","ats:Defend+1","ats:Defend+1","ats:Defend+1","ats:Defend+1","ats:Emotion Absorption+1","ats:Closed Bolt Burst Fire+1","Injury","ats:Consecutive Shot Auto+1","ats:Powerful Strike+1","ats:Powerful Strike+1","ats:Consecutive Shot Auto+1","ats:Explosion Area Strengthen+1","ats:Consecutive Shot Auto+1","ats:Flexible Camouflage","ats:Explosion Area Strengthen+1","ats:Blood Oath+1","ats:Red Shift+1","ats:Revitalization","ats:Consecutive Shot Auto+1","ats:Echo Reverb","ats:Consecutive Shot Auto+1","ats:Nebulous Foxfire","ats:Part Time Job+1","ats:Revitalization+1"],"relics":["ats:Sanity","NeowsBlessing","Molten Egg 2","ats:Originium","FossilizedHelix","Singing Bowl","BicycleWheel","DollysMirror","aspiration:RitualDagger","aspiration:RitualStick","Omamori","BrokenLever","Tiny Chest","Art of War","Toy Ornithopter","Black Star","PreservedInsect","aspiration:Lifesprig","Gremlin Horn","MiniBlackHole"],"acts_visited":["Exordium","TheCity","TheBeyond"],"potions_floor_usage":[16,23,33,35],"damage_taken":[{"damage":0,"enemies":"Jaw Worm","floor":1,"turns":1},{"damage":0,"enemies":"Gremlin Nob","floor":8,"turns":1},{"damage":0,"enemies":"Lagavulin","floor":10,"turns":1},{"damage":0,"enemies":"2 Louse","floor":12,"turns":2},{"damage":43,"enemies":"Hexaghost","floor":16,"turns":8},{"damage":17,"enemies":"Spheric Guardian","floor":18,"turns":3},{"damage":27,"enemies":"Shell Parasite","floor":20,"turns":3},{"damage":30,"enemies":"Gremlin Leader","floor":23,"turns":5},{"damage":62,"enemies":"Slavers","floor":25,"turns":4},{"damage":16,"enemies":"Snecko","floor":28,"turns":3},{"damage":18,"enemies":"Cultist and Chosen","floor":31,"turns":3},{"damage":103,"enemies":"Champ","floor":33,"turns":9},{"damage":6,"enemies":"3 Shapes","floor":35,"turns":3},{"damage":14,"enemies":"Orb Walker","floor":36,"turns":2},{"damage":38,"enemies":"3 Darklings","floor":38,"turns":4},{"damage":64,"enemies":"Reptomancer","floor":40,"turns":4},{"damage":88,"enemies":"Writhing Mass","floor":42,"turns":5}],"seed_played":"1999387625657046091","potions_obtained":[{"floor":1,"key":"AttackPotion"},{"floor":16,"key":"CultistPotion"},{"floor":18,"key":"DuplicationPotion"},{"floor":31,"key":"Weak Potion"},{"floor":33,"key":"PowerPotion"},{"floor":40,"key":"SneckoOil"}],"is_trial":false,"path_per_floor":["M","?","?","$","$","R","?","E","T","E","?","M","R","$","R","B",null,"M","?","M","?","$","E","?","E","T","$","M","T","R","M","R","B",null,"M","M","$","M","T","E","R","M"],"character_chosen":"DOCTOR_CLASS","items_purchased":["ats:Consecutive Shot Auto+1","ats:Powerful Strike+1","DollysMirror","ats:Explosion Area Strengthen+1","ats:Red Shift+1","ats:Nebulous Foxfire","PreservedInsect"],"campfire_rested":2,"item_purchase_floors":[4,4,14,22,27,37,37],"current_hp_per_floor":[65,65,51,51,51,51,51,51,51,51,51,51,51,51,51,10,58,43,28,1,1,1,78,78,32,32,32,34,34,57,61,61,20,64,76,71,71,60,60,28,52,0,0],"gold":139,"neow_bonus":"THREE_ENEMY_KILL","is_daily":false,"chose_seed":false,"campfire_upgraded":3,"win_rate":0.0,"timestamp":1613220574,"path_taken":["M","?","?","?","$","R","?","E","T","E","?","M","R","$","R","BOSS","M","?","M","?","$","E","?","E","T","?","?","?","R","M","R","BOSS","M","M","$","M","?","E","R","M"],"items_purchased_type":["Card","Card","Relic","Card","Card","Card","Relic"],"build_version":"2020-12-22","purchased_purges":1,"victory":false,"max_hp_per_floor":[72,72,72,72,72,72,72,72,72,72,72,72,72,72,72,74,74,76,76,76,76,76,78,78,78,78,78,78,78,78,78,78,78,78,78,80,80,80,80,80,80,80,80],"card_choices":[{"not_picked":["ats:LN2 Cannon","ats:Curse Doll"],"picked":"ats:Closed Bolt Burst Fire","floor":1},{"not_picked":["ats:Absolute Focus","ats:Collapsing Strike+1"],"picked":"ats:Powerful Strike+1","floor":8},{"not_picked":["ats:Absolute Focus","ats:Revitalization"],"picked":"ats:Consecutive Shot Auto+1","floor":10},{"not_picked":["ats:Healing Drone","ats:Flexible Camouflage"],"picked":"ats:Explosion Area Strengthen+1","floor":12},{"not_picked":["ats:Wolf Pack+1","ats:Fractured Body","ats:Shadow Assault+1"],"picked":"Singing Bowl","floor":16},{"not_picked":["ats:Encircling Forest","ats:Collapsing Strike+1","ats:Leaping Hammer+1"],"picked":"Singing Bowl","floor":18},{"not_picked":["ats:Shell Defense","ats:Shadow Raid"],"picked":"ats:Flexible Camouflage","floor":20},{"not_picked":["ats:Sunburst+1","ats:Blood Oath+1","ats:Very Hot Blade+1"],"picked":"Singing Bowl","floor":23},{"not_picked":["ats:Beaten Up","ats:Hook Shot"],"picked":"ats:Blood Oath+1","floor":25},{"not_picked":["ats:Curse Doll","ats:Leaping Hammer+1"],"picked":"ats:Revitalization","floor":28},{"not_picked":["ats:Serious Mode","ats:Phantom+1"],"picked":"ats:Consecutive Shot Auto+1","floor":31},{"not_picked":["ats:True Silver Slash+1","ats:Volcano+1"],"picked":"ats:Echo Reverb","floor":33},{"not_picked":["ats:Absolute Focus+1","ats:Collapsing Strike+1"],"picked":"ats:Consecutive Shot Auto+1","floor":35},{"not_picked":["ats:Guard Mode","ats:Ignite+1","ats:Flame Of Heaven"],"picked":"Singing Bowl","floor":36},{"not_picked":["ats:Explosion Area Strengthen+1","ats:Cat Scratch+1"],"picked":"ats:Part Time Job+1","floor":38},{"not_picked":["ats:Flame Of Heaven+1","ats:Support Order+1"],"picked":"ats:Revitalization+1","floor":40}],"player_experience":764541,"relics_obtained":[{"floor":8,"key":"ats:Originium"},{"floor":8,"key":"FossilizedHelix"},{"floor":9,"key":"Singing Bowl"},{"floor":10,"key":"ats:Originium"},{"floor":10,"key":"BicycleWheel"},{"floor":23,"key":"ats:Originium"},{"floor":23,"key":"BrokenLever"},{"floor":25,"key":"ats:Originium"},{"floor":25,"key":"Tiny Chest"},{"floor":26,"key":"Art of War"},{"floor":29,"key":"Toy Ornithopter"},{"floor":39,"key":"aspiration:Lifesprig"},{"floor":40,"key":"Gremlin Horn"},{"floor":40,"key":"MiniBlackHole"}],"event_choices":[{"damage_healed":0,"gold_gain":0,"player_choice":"Entered Light","damage_taken":14,"max_hp_gain":0,"max_hp_loss":0,"event_name":"Shining Light","floor":3,"gold_loss":0,"cards_upgraded":["ats:Strike C","ats:Defend"]},{"damage_healed":0,"gold_gain":0,"player_choice":"Searched \u00270\u0027 times","damage_taken":0,"max_hp_gain":0,"max_hp_loss":0,"event_name":"Dead Adventurer","floor":7,"gold_loss":0},{"damage_healed":0,"gold_gain":0,"player_choice":"Grow","damage_taken":0,"max_hp_gain":0,"max_hp_loss":0,"event_name":"Living Wall","floor":11,"gold_loss":0,"cards_upgraded":["ats:Armor Crushing Shot"]},{"damage_healed":0,"gold_gain":0,"player_choice":"Stole Relic","damage_taken":0,"relics_obtained":["Omamori"],"max_hp_gain":0,"max_hp_loss":0,"event_name":"Addict","floor":21,"gold_loss":0,"cards_obtained":["Shame"]},{"damage_healed":0,"gold_gain":0,"player_choice":"Simplicity","damage_taken":0,"max_hp_gain":0,"max_hp_loss":0,"event_name":"Back to Basics","floor":24,"gold_loss":0,"cards_upgraded":["ats:Strike G","ats:Strike S","ats:Strike V","ats:Defend","ats:Defend"]}],"is_beta":false,"boss_relics":[{"not_picked":["Runic Pyramid","energizedSpire:DeadBattery"],"picked":"aspiration:RitualDagger"},{"not_picked":["Empty Cage","energizedSpire:RedRose"],"picked":"Black Star"}],"items_purged_floors":[22],"is_endless":false,"potions_floor_spawned":[1,16,18,31,33,40],"killed_by":"Writhing Mass","ascension_level":9}}