{"host":"o221npfsfw6z66k1","time":1613196684,"event":{"mods":["BaseMod","Downfall","Googly Eyes","Hermit","Hero for Fun","Minty Spire (QoL Compilation)","Random Character Button","Replay The Spire","Robot Space Explorer","StSLib","The Animator","The Cursed","The Hierophant","The Jungle","The Runesmith","The Servant 0.9.4"],"gold_per_floor":[111,125,125,13,29,63,63,79,149,159,159,228,85,117,117,117,117],"floor_reached":16,"language":"ENG","playtime":1724,"items_purged":[],"score":112,"play_id":"05b7e12b-d2c3-404d-b75b-b243258024a5","local_time":"20210212231124","is_ascension_mode":false,"campfire_choices":[{"data":"hermit:Combo","floor":7,"key":"SMITH"},{"data":"hermit:Manifest","floor":11,"key":"SMITH"},{"floor":15,"key":"REST"}],"circlet_count":0,"master_deck":["hermit:Strike_Hermit","hermit:Strike_Hermit","hermit:Strike_Hermit","hermit:Strike_Hermit","hermit:Defend_Hermit","hermit:Defend_Hermit+1","hermit:Defend_Hermit","hermit:Defend_Hermit","hermit:Snapshot","hermit:Covet","hermit:Misfire","hermit:GhostlyPresence","hermit:Combo+1","hermit:HighCaliber+1","hermit:Quickdraw","hermit:TakeAim","hermit:Manifest+1","hermit:DeadOrAlive","hermit:ShadowCloak","hermit:Cheat","hermit:Deadeye"],"relics":["hermit:Momento","Replay:Wax Seal","Peace Pipe","White Beast Statue","Gremlin Food","Orrery"],"acts_visited":["Exordium"],"potions_floor_usage":[6,6,16,16],"damage_taken":[{"damage":4,"enemies":"Jaw Worm","floor":1,"turns":4},{"damage":1,"enemies":"Cultist","floor":2,"turns":4},{"damage":1,"enemies":"2 Louse","floor":5,"turns":2},{"damage":14,"enemies":"Gremlin Nob","floor":6,"turns":4},{"damage":0,"enemies":"Large Slime","floor":8,"turns":4},{"damage":11,"enemies":"Exordium Thugs","floor":10,"turns":6},{"damage":22,"enemies":"Lagavulin","floor":12,"turns":10},{"damage":0,"enemies":"3 Louse","floor":14,"turns":3},{"damage":63,"enemies":"Slime Boss","floor":16,"turns":9}],"seed_played":"-4603769651096601073","potions_obtained":[{"floor":2,"key":"ColorlessPotion"},{"floor":5,"key":"Block Potion"},{"floor":10,"key":"Energy Potion"},{"floor":12,"key":"champ:CounterPotion"},{"floor":14,"key":"SpeedPotion"}],"is_trial":false,"path_per_floor":["M","M","?","$","M","E","R","M","T","M","R","E","$","M","R","B"],"character_chosen":"HERMIT","items_purchased":["hermit:HighCaliber+1","Replay:Wax Seal","Orrery"],"campfire_rested":1,"item_purchase_floors":[4,4,13],"current_hp_per_floor":[78,77,77,77,76,62,62,62,62,51,51,29,29,29,53,0,0],"gold":117,"neow_bonus":"TEN_PERCENT_HP_BONUS","is_daily":false,"chose_seed":false,"campfire_upgraded":2,"win_rate":0.0,"timestamp":1613196684,"path_taken":["M","M","?","$","M","E","R","M","T","M","R","E","$","?","R","BOSS"],"items_purchased_type":["Card","Relic","Relic"],"build_version":"2020-12-22","purchased_purges":0,"victory":false,"max_hp_per_floor":[82,82,82,82,82,82,82,82,82,82,82,82,82,82,82,82,82],"card_choices":[{"not_picked":["hermit:Desperado","hermit:TakeAim"],"picked":"hermit:Misfire","floor":1},{"not_picked":["hermit:BigShot","hermit:Ricochet"],"picked":"hermit:GhostlyPresence","floor":2},{"not_picked":["hermit:Scavenge","hermit:BodyArmor"],"picked":"hermit:Quickdraw","floor":5},{"not_picked":["hermit:GhostlyPresence","hermit:Quickdraw"],"picked":"hermit:TakeAim","floor":6},{"not_picked":["hermit:Gestalt","hermit:Malice"],"picked":"hermit:Manifest","floor":8},{"not_picked":["hermit:LowProfile","hermit:LuckOfTheDraw"],"picked":"hermit:DeadOrAlive","floor":10},{"not_picked":["hermit:ItchyTrigger","hermit:BodyArmor"],"picked":"hermit:ShadowCloak","floor":12},{"not_picked":["hermit:Maintenance","hermit:BodyArmor"],"picked":"hermit:Cheat","floor":13},{"not_picked":["hermit:Virtue","hermit:Desperado"],"picked":"hermit:Deadeye","floor":13},{"not_picked":["hermit:Feint","hermit:TakeCover","hermit:Coalescence"],"picked":"SKIP","floor":14}],"player_experience":412216,"relics_obtained":[{"floor":6,"key":"Peace Pipe"},{"floor":9,"key":"White Beast Statue"},{"floor":12,"key":"Gremlin Food"}],"event_choices":[{"damage_healed":0,"gold_gain":0,"player_choice":"1 cards matched","damage_taken":0,"max_hp_gain":0,"max_hp_loss":0,"event_name":"Match and Keep!","floor":3,"gold_loss":0,"cards_obtained":["hermit:Combo"]}],"is_beta":false,"boss_relics":[],"items_purged_floors":[],"is_endless":false,"potions_floor_spawned":[2,5,10,12,14],"killed_by":"Slime Boss","ascension_level":0}}