{"host":"ws4y0tr7jc7plfod","time":1613188344,"event":{"mods":["AchievementEnabler","BaseMod","Bestiary","Colored Map","Downfall","Duelist Mod","Friendly Minions","GifTheSpireLib","Googly Eyes","Infinite Spire","Marisa????????","Minty Spire (QoL Compilation)","Quick Restart","Replay The Spire","Robot Space Explorer","StSLib","The Blackbeard","The Construct","The Cursed","The Disciple","The Mystic","The Servant 0.9.4"],"gold_per_floor":[113,129,149,149,160,186,186,205,205,215,245,245,257,182,182,279,279,294,194,212,65,78,105,105,136,162,177,209,221,241,261,261,356,356,373,373,386,397,397,412,462,462,462,462,480,480,507,554,554,554,554,554,108,140,140,140],"floor_reached":55,"language":"ENG","playtime":5791,"items_purged":["Pain","RobotSpaceExplorer:Defend","RobotSpaceExplorer:Defend","RobotSpaceExplorer:Blitz"],"score":573,"play_id":"3712d538-0b28-4d3f-b81e-ba080230be4c","local_time":"20210212225224","is_ascension_mode":false,"campfire_choices":[{"floor":7,"key":"REST"},{"floor":12,"key":"REST"},{"data":"RobotSpaceExplorer:DoubleFind","floor":15,"key":"SMITH"},{"floor":24,"key":"RECALL"},{"data":"RobotSpaceExplorer:Multitool","floor":32,"key":"SMITH"},{"data":"RobotSpaceExplorer:Scanner","floor":32,"key":"SMITH"},{"floor":44,"key":"REST"},{"data":"infinitespire:Menacing","floor":46,"key":"SMITH"},{"data":"RobotSpaceExplorer:Blaster","floor":46,"key":"SMITH"},{"floor":49,"key":"REST"},{"data":"RobotSpaceExplorer:Probe","floor":52,"key":"SMITH"},{"data":"RobotSpaceExplorer:MiniLasers","floor":52,"key":"SMITH"}],"circlet_count":0,"master_deck":["RobotSpaceExplorer:Strike","RobotSpaceExplorer:Scan","RobotSpaceExplorer:MiniLasers+1","RobotSpaceExplorer:MetalStrike","RobotSpaceExplorer:Probe+1","RobotSpaceExplorer:SurgingShield","RobotSpaceExplorer:DoubleFind+1","RobotSpaceExplorer:Explosion","RobotSpaceExplorer:GearShield","RobotSpaceExplorer:SurgingStrike","RobotSpaceExplorer:MiniDrones","RobotSpaceExplorer:StunGrenade","RobotSpaceExplorer:Multitool+1","RobotSpaceExplorer:Reload+1","RobotSpaceExplorer:Multitool+1","RobotSpaceExplorer:DroneSwarm+1","RobotSpaceExplorer:LaserBurst","RobotSpaceExplorer:Blaster+1","RobotSpaceExplorer:Scanner+1","RobotSpaceExplorer:Calculate+1","RobotSpaceExplorer:StarLightning","RobotSpaceExplorer:SlimeMissile+1","RobotSpaceExplorer:TrailblazerForm+1","RobotSpaceExplorer:DualCore+1","infinitespire:Menacing+1","RobotSpaceExplorer:Autoloader+1","RobotSpaceExplorer:Blitz","Panache+1"],"relics":["RobotSpaceExplorer:RoboCore","WarpedTongs","infinitespire:Lucky Rock","infinitespire:Broken Mirror","Astrolabe","Chemical X","infinitespire:Joker Card","Replay:Arrowhead","Orichalcum","Frozen Egg 2","construct:WeddingRing","Turnip","Turnip","infinitespire:BottledMercury","Replay:PocketPolymizer","Regal Pillow","BargainBundle","Replay:Baseball","ReplayFunnel"],"acts_visited":["Exordium","TheCity","TheBeyond","TheEnding"],"potions_floor_usage":[10,16,16,16,27,33,33,41,41,47,50,50,54,55],"damage_taken":[{"damage":9,"enemies":"infinitespire:Voidling","floor":1,"turns":5},{"damage":2,"enemies":"Small Slimes","floor":2,"turns":3},{"damage":1,"enemies":"Cultist","floor":3,"turns":3},{"damage":14,"enemies":"Lots of Slimes","floor":5,"turns":4},{"damage":15,"enemies":"3 Sentries","floor":6,"turns":7},{"damage":5,"enemies":"Looter","floor":8,"turns":3},{"damage":5,"enemies":"2 Fungi Beasts","floor":10,"turns":5},{"damage":8,"enemies":"Lagavulin","floor":11,"turns":6},{"damage":0,"enemies":"3 Louse","floor":13,"turns":2},{"damage":19,"enemies":"Slime Boss","floor":16,"turns":11},{"damage":0,"enemies":"3 Byrds","floor":18,"turns":4},{"damage":5,"enemies":"Shell Parasite","floor":20,"turns":3},{"damage":0,"enemies":"Snecko","floor":22,"turns":4},{"damage":7,"enemies":"theDuelist:KaibaA2","floor":23,"turns":5},{"damage":3,"enemies":"Nightmare","floor":25,"turns":7},{"damage":0,"enemies":"Chosen and Byrds","floor":27,"turns":3},{"damage":16,"enemies":"Slavers","floor":28,"turns":4},{"damage":0,"enemies":"Cultist and Chosen","floor":29,"turns":4},{"damage":0,"enemies":"3 Cultists","floor":30,"turns":3},{"damage":0,"enemies":"Centurion and Healer","floor":31,"turns":6},{"damage":15,"enemies":"Collector","floor":33,"turns":6},{"damage":0,"enemies":"3 Darklings","floor":35,"turns":3},{"damage":0,"enemies":"Orb Walker","floor":37,"turns":3},{"damage":6,"enemies":"Jaw Worm Horde","floor":38,"turns":3},{"damage":4,"enemies":"Transient","floor":40,"turns":5},{"damage":6,"enemies":"Mind Bloom Boss Battle","floor":41,"turns":4},{"damage":0,"enemies":"Spire Growth","floor":45,"turns":5},{"damage":2,"enemies":"Reptomancer","floor":47,"turns":6},{"damage":14,"enemies":"Replay:Hell Engine","floor":50,"turns":8},{"damage":25,"enemies":"Shield and Spear","floor":54,"turns":6},{"damage":57,"enemies":"The Heart","floor":55,"turns":6}],"seed_played":"3492500669815468926","potions_obtained":[{"floor":1,"key":"Block Potion"},{"floor":6,"key":"Cursed Concoction"},{"floor":8,"key":"RobotSpaceExplorer:RecyclePotion"},{"floor":11,"key":"ColorlessPotion"},{"floor":18,"key":"Swift Potion"},{"floor":23,"key":"SteroidPotion"},{"floor":30,"key":"Venom Potion"},{"floor":31,"key":"LiquidBronze"},{"floor":33,"key":"Explosive Potion"},{"floor":40,"key":"LiquidMemories"},{"floor":41,"key":"hexamod:SoulburnPotion"},{"floor":45,"key":"SteroidPotion"}],"is_trial":false,"path_per_floor":["M","M","M","?","M","E","R","M","T","M","E","R","M","$","R","B",null,"M","$","M","$","M","E","R","NM","T","M","E","M","M","M","R","B",null,"M","AVR","M","M","?","M","?","?","T","R","M","R","E","T","R","B",null,"R","$","E","B"],"character_chosen":"RobotSpaceExplorer","items_purchased":["Chemical X","BargainBundle","Replay:Baseball","bronze:BurnAndBuffPotion","Fire Potion","Block Potion","Panache+1"],"campfire_rested":4,"item_purchase_floors":[21,53,53,53,53,53,53],"current_hp_per_floor":[80,78,77,77,63,48,72,67,67,62,54,78,78,78,78,59,82,82,82,77,77,77,70,70,67,67,67,51,51,51,51,51,36,82,82,82,82,76,76,72,66,45,45,69,69,69,67,67,82,68,82,82,82,57,0,0],"gold":140,"neow_bonus":"TEN_PERCENT_HP_BONUS","is_daily":false,"chose_seed":false,"campfire_upgraded":7,"win_rate":0.0,"timestamp":1613188344,"path_taken":["M","?","M","?","M","E","R","M","T","?","E","R","M","$","R","BOSS","M","?","M","$","M","E","R","NM","T","M","E","M","M","M","R","BOSS","M","AVR","M","M","?","M","?","?","T","R","M","R","E","?","R","BOSS","R","$","E","BOSS"],"items_purchased_type":["Relic","Relic","Relic","Potion","Potion","Potion","Card"],"build_version":"2020-12-22","purchased_purges":4,"victory":false,"max_hp_per_floor":[82,82,82,82,82,82,82,82,82,82,82,82,82,82,82,82,82,82,82,82,82,82,82,82,82,82,82,82,82,82,82,82,82,82,82,82,82,82,82,82,82,82,82,82,82,82,82,82,82,82,82,82,82,82,82,82],"card_choices":[{"not_picked":["RobotSpaceExplorer:MiniBoosters","RobotSpaceExplorer:ScrapMissile"],"picked":"RobotSpaceExplorer:MetalStrike","floor":1},{"not_picked":["RobotSpaceExplorer:StarDust","RobotSpaceExplorer:ScrapMissile"],"picked":"RobotSpaceExplorer:Probe","floor":2},{"not_picked":["RobotSpaceExplorer:DoubleFind","RobotSpaceExplorer:StunGrenade"],"picked":"RobotSpaceExplorer:SurgingShield","floor":3},{"not_picked":["RobotSpaceExplorer:ShovelStrike","RobotSpaceExplorer:GlueSpray"],"picked":"RobotSpaceExplorer:DoubleFind","floor":5},{"not_picked":["RobotSpaceExplorer:SwiftStep","RobotSpaceExplorer:MiniDrones"],"picked":"RobotSpaceExplorer:Explosion","floor":6},{"not_picked":["RobotSpaceExplorer:SwiftStep","RobotSpaceExplorer:Electroshield"],"picked":"RobotSpaceExplorer:GearShield","floor":8},{"not_picked":["RobotSpaceExplorer:FrostMissile","RobotSpaceExplorer:FranticSearch"],"picked":"RobotSpaceExplorer:SurgingStrike","floor":10},{"not_picked":["RobotSpaceExplorer:FranticSearch","RobotSpaceExplorer:MiniBoosters"],"picked":"RobotSpaceExplorer:MiniDrones","floor":11},{"not_picked":["RobotSpaceExplorer:SurgingShield","RobotSpaceExplorer:ShockKick"],"picked":"RobotSpaceExplorer:StunGrenade","floor":13},{"not_picked":["RobotSpaceExplorer:ShockMissile","RobotSpaceExplorer:DroneSwarm"],"picked":"RobotSpaceExplorer:Multitool","floor":16},{"not_picked":["RobotSpaceExplorer:SurgingShield+1","RobotSpaceExplorer:GlueSpray"],"picked":"RobotSpaceExplorer:LaserBurst","floor":18},{"not_picked":["RobotSpaceExplorer:Counterblock","RobotSpaceExplorer:ShovelStrike","RobotSpaceExplorer:Probe+1"],"picked":"SKIP","floor":20},{"not_picked":["RobotSpaceExplorer:ScrapMissile","RobotSpaceExplorer:Pulsar+1"],"picked":"RobotSpaceExplorer:Blaster","floor":22},{"not_picked":["RobotSpaceExplorer:Ammunition+1","RobotSpaceExplorer:GlueShot","RobotSpaceExplorer:Pulsar"],"picked":"SKIP","floor":23},{"not_picked":["RobotSpaceExplorer:Ammunition","RobotSpaceExplorer:ScrapMissile"],"picked":"RobotSpaceExplorer:Scanner","floor":25},{"not_picked":["RobotSpaceExplorer:StunGrenade+1","RobotSpaceExplorer:PlasmaMissile","RobotSpaceExplorer:FranticSearch+1"],"picked":"SKIP","floor":27},{"not_picked":["RobotSpaceExplorer:GlueShot+1","RobotSpaceExplorer:FrostMissile"],"picked":"RobotSpaceExplorer:Calculate+1","floor":28},{"not_picked":["RobotSpaceExplorer:PowerCollector+1","RobotSpaceExplorer:PowerGlove+1"],"picked":"RobotSpaceExplorer:StarLightning","floor":29},{"not_picked":["RobotSpaceExplorer:FrostMissile+1","RobotSpaceExplorer:SurgingStrike","RobotSpaceExplorer:LaserBurst"],"picked":"SKIP","floor":30},{"not_picked":["RobotSpaceExplorer:ShovelStrike+1","RobotSpaceExplorer:FranticSearch"],"picked":"RobotSpaceExplorer:SlimeMissile+1","floor":31},{"not_picked":["RobotSpaceExplorer:Multitool+1","RobotSpaceExplorer:Blaster"],"picked":"RobotSpaceExplorer:TrailblazerForm+1","floor":33},{"not_picked":["RobotSpaceExplorer:ScrapMissile+1","RobotSpaceExplorer:GlueShot+1","RobotSpaceExplorer:MiniDrones+1"],"picked":"SKIP","floor":35},{"not_picked":["RobotSpaceExplorer:PowerCollector+1","RobotSpaceExplorer:ShockKick+1","RobotSpaceExplorer:StunGrenade+1"],"picked":"SKIP","floor":37},{"not_picked":["RobotSpaceExplorer:MiniDrones","RobotSpaceExplorer:MetalStrike","RobotSpaceExplorer:TurboDodge"],"picked":"SKIP","floor":38},{"not_picked":["RobotSpaceExplorer:LuckyStrike","RobotSpaceExplorer:StunGrenade+1","RobotSpaceExplorer:SwiftStep+1"],"picked":"SKIP","floor":40},{"not_picked":["RobotSpaceExplorer:FrostMissile","RobotSpaceExplorer:BigMissile"],"picked":"RobotSpaceExplorer:DualCore+1","floor":41},{"not_picked":["infinitespire:Starlight","infinitespire:SealOfDarkness+"],"picked":"infinitespire:Menacing","floor":42},{"not_picked":["RobotSpaceExplorer:ShockKick","RobotSpaceExplorer:FreezeRay+1"],"picked":"RobotSpaceExplorer:Autoloader+1","floor":45},{"not_picked":["RobotSpaceExplorer:StunGrenade+1","RobotSpaceExplorer:MiniDrones","RobotSpaceExplorer:TurboDodge+1"],"picked":"SKIP","floor":47},{"not_picked":["RobotSpaceExplorer:Electropulse+1","RobotSpaceExplorer:Probe+1","RobotSpaceExplorer:ShockKick"],"picked":"SKIP","floor":54}],"player_experience":210244,"relics_obtained":[{"floor":6,"key":"infinitespire:Lucky Rock"},{"floor":11,"key":"infinitespire:Broken Mirror"},{"floor":23,"key":"infinitespire:Joker Card"},{"floor":25,"key":"Replay:Arrowhead"},{"floor":26,"key":"Orichalcum"},{"floor":28,"key":"Frozen Egg 2"},{"floor":41,"key":"Turnip"},{"floor":43,"key":"infinitespire:BottledMercury"},{"floor":47,"key":"Replay:PocketPolymizer"},{"floor":48,"key":"Regal Pillow"},{"floor":54,"key":"ReplayFunnel"}],"event_choices":[{"damage_healed":0,"gold_gain":0,"player_choice":"Rummage","damage_taken":0,"relics_obtained":["WarpedTongs"],"max_hp_gain":0,"max_hp_loss":0,"event_name":"Accursed Blacksmith","floor":4,"gold_loss":0,"cards_obtained":["Pain"]},{"damage_healed":0,"gold_gain":0,"player_choice":"Fight","damage_taken":0,"max_hp_gain":0,"max_hp_loss":0,"event_name":"MindBloom","floor":41,"gold_loss":0}],"is_beta":false,"boss_relics":[{"not_picked":["Painkiller Herb","Velvet Choker"],"picked":"Astrolabe"},{"not_picked":["Tiny House","Replay:Drink Me"],"picked":"construct:WeddingRing"}],"items_purged_floors":[14,19,36,53],"is_endless":false,"potions_floor_spawned":[1,6,8,11,18,23,30,31,33,40,41,45],"killed_by":"The Heart","ascension_level":0}}