{"host":"kv06jx36eid0zw4n","time":1613257575,"event":{"mods":["AchievementEnabler","Act Like it!","Aspiration","BaseMod","Beaked The Cultist","Better Note","Better Skull","Better Third Choice","BetterRewards","Block Reminder","CCEM2","Colored Map","Conspire","Curses Come First","Dota2Spire","Elementarium","Energized Spire","Friendly Minions","Gensokyo","GifTheSpireLib","Glutton Mod","GungeonMod","Halation","Hallownest","Hermit","Hubris","Infinite Spire","Key Reminder","KomeijiMod","Lobotomy","LobotomyExtend","Menagerie","Mimic Mod","Minty Spire (QoL Compilation)","MostiFishMod","Pale of the Ancients","Quarter Circle Forward PUNCH!","Rare Cards Sparkle","Replay The Spire","RumiaBox-????????","Small Relic Pack","Spicy Shops","StSLib","Stuff the Spire","The Blue Laboratory","The Cursed","Trackpad","Uncapped","Wandering Minibosses","[IsaacMod]????"],"gold_per_floor":[110,200,216,235,235,235,270,285,361,390,390,405,431,449,449,527,527,544,544,544,556,184,184,214,214,214,214,514,514],"floor_reached":28,"language":"ENG","playtime":1664,"items_purged":[],"score":563,"play_id":"e414ec11-4f51-4526-ab21-dce922269f3a","local_time":"20210214000615","is_ascension_mode":true,"campfire_choices":[{"floor":6,"key":"RECALL"},{"data":"Spot Weakness","floor":11,"key":"SMITH"},{"data":"Inflame","floor":15,"key":"SMITH"},{"data":"Berserk","floor":23,"key":"SMITH"},{"data":"Night Terror","floor":27,"key":"SMITH"}],"circlet_count":0,"master_deck":["AscendersBane","Strike_R+1","Strike_R+1","Strike_R+1","Strike_R+1","Strike_R+1","Defend_R+1","Defend_R","Defend_R","Defend_R+1","Bash+1","ReplayTheSpireMod:Muscle Training+1","Heavy Blade","Clothesline","ReplayTheSpireMod:Muscle Training+1","Cleave+1","Inflame+1","Flex","Bloodletting+1","Intimidate","Berserk+1","Headbutt+1","hubris:DuctTapeCard","Anger+1","Gensokyo:TarnishedGold","Gensokyo:DepletedGenerator","Gensokyo:ScrapIron","Gensokyo:SlitMouthedWoman","Headbutt+1","Flex","Night Terror+1"],"relics":["Burning Blood","DaveBox","HushsDoor","DSteel32","BookofShadows","Lantern","SynthV:TestCard","LetterFromLob","CCEMRelics:CarbonFilter","Gremlin Horn","Dota2Spire:LinkenSphere","CCEMRelics:LatexGloves","Coffee Dripper","hubris:DuctTape","The Courier"],"acts_visited":["Exordium","Gensokyo:Gensokyoer"],"potions_floor_usage":[3,4,12,18,21,24],"damage_taken":[{"damage":0,"enemies":"2 Louse","floor":1,"turns":3},{"damage":1,"enemies":"Cultist","floor":3,"turns":1},{"damage":1,"enemies":"Jaw Worm","floor":4,"turns":2},{"damage":2,"enemies":"Gremlin Nob","floor":7,"turns":4},{"damage":18,"enemies":"3 Louse","floor":8,"turns":3},{"damage":26,"enemies":"Lagavulin","floor":10,"turns":6},{"damage":0,"enemies":"2 Fungi Beasts","floor":12,"turns":2},{"damage":0,"enemies":"Gremlin Nob","floor":13,"turns":3},{"damage":0,"enemies":"Lots of Slimes","floor":14,"turns":1},{"damage":8,"enemies":"Fading Forest","floor":16,"turns":11},{"damage":14,"enemies":"Gensokyo:CosmicMonolith","floor":18,"turns":3},{"damage":0,"enemies":"Gensokyo:Chomper","floor":21,"turns":3},{"damage":37,"enemies":"Gensokyo:Koishi","floor":24,"turns":6},{"damage":21,"enemies":"hubris:Merchant","floor":28,"turns":5}],"seed_played":"-8705356466103241183","potions_obtained":[{"floor":1,"key":"AttackPotion"},{"floor":3,"key":"blueLaboratory:FruitPunch"},{"floor":7,"key":"Milkshake"},{"floor":10,"key":"blueLaboratory:BottleOfRum"},{"floor":16,"key":"blueLaboratory:BottleOfVodka"},{"floor":18,"key":"Swift Potion"},{"floor":21,"key":"blueLaboratory:Moonshine"}],"is_trial":false,"path_per_floor":["M","?","M","M","?","R","E","M","T","E","R","M","E","M","R","B",null,"M","AVR","?","M","COS","R","E","?","T","R","$"],"character_chosen":"IRONCLAD","items_purchased":["Spot Weakness"],"campfire_rested":0,"item_purchase_floors":[17],"current_hp_per_floor":[74,59,64,71,71,71,75,63,63,43,43,49,55,61,61,71,73,65,65,61,67,67,67,36,27,27,27,6,6],"gold":514,"neow_bonus":"RANDOM_COMMON_RELIC","is_daily":false,"chose_seed":false,"campfire_upgraded":4,"win_rate":0.0,"timestamp":1613257575,"path_taken":["M","?","?","M","?","R","E","M","T","E","R","M","E","M","R","BOSS","M","AVR","?","M","COS","R","E","?","T","R","?"],"items_purchased_type":["Card"],"build_version":"2020-12-22","purchased_purges":0,"victory":false,"max_hp_per_floor":[75,75,75,77,77,77,77,77,77,77,77,77,77,77,77,77,74,74,74,74,74,74,74,74,74,74,74,74,74],"card_choices":[{"not_picked":[],"picked":"ChaosCard","floor":0},{"not_picked":["Double Tap","Second Wind"],"picked":"ReplayTheSpireMod:Muscle Training","floor":1},{"not_picked":["Iron Wave","Clash","ReplayTheSpireMod:Strike From Hell","hubris:CleavingFinish"],"picked":"Heavy Blade","floor":3},{"not_picked":["Pommel Strike","Bomb","Shrug It Off","Perfected Strike"],"picked":"Clothesline","floor":4},{"not_picked":["StuffTheSpire:Incineration","ReplayTheSpireMod:Corrosion Curse","MostiFishMod:KnuckleDown","hubris:SharpeningStone"],"picked":"Cleave","floor":7},{"not_picked":["hubris:CleavingFinish","Run Through","Perfected Strike","Warcry"],"picked":"Spot Weakness","floor":8},{"not_picked":["MostiFishMod:DoubleSword","Hemokinesis","Havoc","Replay:Undeath\u0027s Touch"],"picked":"Inflame","floor":10},{"not_picked":["Twin Strike","Wild Strike","StuffTheSpire:Slingshot","Replay:Undeath\u0027s Touch"],"picked":"Flex","floor":12},{"not_picked":["ReplayTheSpireMod:Strike From Hell","MostiFishMod:NewArrival","Cleave","Body Slam"],"picked":"Bloodletting","floor":13},{"not_picked":["ReplayTheSpireMod:Strike From Hell","Uppercut","Iron Wave","Replay:Undeath\u0027s Touch"],"picked":"Intimidate","floor":14},{"not_picked":["MostiFishMod:WingOfPhoenix","Feed","MostiFishMod:DarkDeal","Immolate"],"picked":"Berserk","floor":16},{"not_picked":["Thunderclap","Havoc","Iron Wave","Cleave"],"picked":"Headbutt+1","floor":18},{"not_picked":["MostiFishMod:OrdinaryWorld","Pommel Strike","Sword Boomerang","Bloodletting"],"picked":"Anger","floor":21},{"not_picked":["DemoMod:WhiteBlade+1","Armaments+1","Reckless Charge+1","StuffTheSpire:BloodClot+1"],"picked":"Headbutt+1","floor":24},{"not_picked":["Pommel Strike","Massacre","MostiFishMod:BrandingRite","Perfected Strike"],"picked":"Flex","floor":24}],"player_experience":1653800,"relics_obtained":[{"floor":1,"key":"SynthV:TestCard"},{"floor":1,"key":"LetterFromLob"},{"floor":7,"key":"CCEMRelics:CarbonFilter"},{"floor":9,"key":"Gremlin Horn"},{"floor":10,"key":"Dota2Spire:LinkenSphere"},{"floor":13,"key":"CCEMRelics:LatexGloves"},{"floor":24,"key":"The Courier"}],"event_choices":[{"damage_healed":0,"gold_gain":0,"player_choice":"Leave","damage_taken":0,"max_hp_gain":0,"max_hp_loss":0,"event_name":"conspire:Investor","floor":20,"gold_loss":0}],"is_beta":false,"boss_relics":[{"not_picked":["qcfpunch:Dark_Gi","energizedSpire:CursedPentagram"],"picked":"Coffee Dripper"},{"not_picked":[]}],"items_purged_floors":[],"is_endless":false,"potions_floor_spawned":[1,3,7,10,16,18,21],"killed_by":"hubris:Merchant","ascension_level":18}}