{"host":"w8xisjf5mgmfjvmt","time":1613192556,"event":{"mods":["ATMod(°¢èªMod)","BaseMod","BetterRewards","Challenge The Spire","Conspire","Energized Spire","Filter the Spire","Minty Spire (QoL Compilation)","Quarter Circle Forward PUNCH!","Quick Restart","Relic Filter Mod","Relic Stats","Reliquary","Replay The Spire","Say the Spire","Shop Mod","Spicy Shops","StSLib","Thieving Mod","¡¾ÒÅÎï¿¨ÅÆ¡¿REMEMod","óô»ðÖ¸ÄÏ"],"gold_per_floor":[19,38,50,68,86,118,118,118,118,145,159,159,169,204,204,280,280,291,291,291,291,53,53,87,99,122,137,167,167,184,213,213,285,285,295,295,295,33,46,46,75,85,85,85,101,101,101,135,135,135,135,135,135,49,78,78],"floor_reached":57,"language":"ZHS","playtime":2638,"items_purged":["Strike_R","Strike_R"],"score":3105,"play_id":"fd1381e2-3d36-42ff-bfdc-6f8b64aa4ee8","local_time":"20210213130236","is_ascension_mode":true,"campfire_choices":[{"data":"AT_FamilyPortrait","floor":8.0,"key":"SMITH"},{"data":"Limit Break","floor":15.0,"key":"SMITH"},{"data":"Burning Pact","floor":23.0,"key":"SMITH"},{"data":"Body Slam","floor":32.0,"key":"SMITH"},{"data":"Armaments","floor":40.0,"key":"SMITH"},{"data":"Barricade","floor":47.0,"key":"SMITH"},{"floor":49.0,"key":"RECALL"},{"data":"Impervious","floor":53.0,"key":"SMITH"}],"circlet_count":0,"master_deck":["AscendersBane","Strike_R","Strike_R","Defend_R","Defend_R","Defend_R","Defend_R+1","Bash","AT_FamilyPortrait+1","REME_Flogging","Cleave","Burning Pact+1","Shrug It Off","Feel No Pain+1","Limit Break+1","ReplayTheSpireMod:Muscle Training","AT_ShrugMaster","AT_CaressingTears","Fiend Fire","Ghostly+1","Ghostly+1","Ghostly+1","Feel No Pain","Body Slam+1","Flame Barrier","REME_SingleHolding+1","Berserk+1","Madness","Madness","Impervious+1","Shrug It Off","Shrug It Off+1","Armaments+1","Barricade+1","True Grit+1"],"relics":["Burning Blood","REME_ComplimentaryCards","AT_ATBox","Pocketwatch","Snack Pack","conspire:TopHat","AT_ArcaneBoots","conspire:DecoderRing","REME_DuelDisc","Enchiridion","Replay:WaspNest","AT_SunfireAegis","Oddly Smooth Stone","Replay:Bottled Eggs","energizedSpire:RedRose","Orrery","Mango","Iron Hammer","Ornamental Fan","Medical Kit","reliquary:TuningFork"],"acts_visited":["Exordium","TheCity","TheBeyond","TheEnding"],"potions_floor_usage":[56,56,56],"damage_taken":[{"damage":0.0,"enemies":"Cultist","floor":1.0,"turns":2.0},{"damage":3.0,"enemies":"2 Louse","floor":2.0,"turns":2.0},{"damage":7.0,"enemies":"Jaw Worm","floor":3.0,"turns":3.0},{"damage":0.0,"enemies":"2 Fungi Beasts","floor":4.0,"turns":2.0},{"damage":7.0,"enemies":"3 Louse","floor":5.0,"turns":4.0},{"damage":16.0,"enemies":"Lagavulin","floor":6.0,"turns":6.0},{"damage":0.0,"enemies":"Replay:BlueRogue","floor":10.0,"turns":5.0},{"damage":2.0,"enemies":"Looter","floor":11.0,"turns":3.0},{"damage":1.0,"enemies":"Exordium Thugs","floor":13.0,"turns":2.0},{"damage":12.0,"enemies":"3 Sentries","floor":14.0,"turns":7.0},{"damage":4.0,"enemies":"Hexaghost","floor":16.0,"turns":8.0},{"damage":2.0,"enemies":"3 Byrds","floor":18.0,"turns":4.0},{"damage":6.0,"enemies":"conspire:SneckoGhost","floor":24.0,"turns":4.0},{"damage":1.0,"enemies":"conspire:FuzzyDice","floor":25.0,"turns":5.0},{"damage":0.0,"enemies":"Shelled Parasite and Fungi","floor":27.0,"turns":5.0},{"damage":1.0,"enemies":"conspire:Head Lice","floor":28.0,"turns":5.0},{"damage":1.0,"enemies":"conspire:HollyBat","floor":30.0,"turns":8.0},{"damage":3.0,"enemies":"Slavers","floor":31.0,"turns":4.0},{"damage":13.0,"enemies":"conspire:MysteriousRune","floor":33.0,"turns":5.0},{"damage":2.0,"enemies":"Orb Walker","floor":35.0,"turns":4.0},{"damage":1.0,"enemies":"3 Shapes","floor":39.0,"turns":2.0},{"damage":9.0,"enemies":"Nemesis","floor":41.0,"turns":5.0},{"damage":3.0,"enemies":"Transient","floor":42.0,"turns":6.0},{"damage":6.0,"enemies":"Writhing Mass","floor":45.0,"turns":4.0},{"damage":0.0,"enemies":"R_Hoarder","floor":48.0,"turns":7.0},{"damage":3.0,"enemies":"Donu and Deca","floor":50.0,"turns":5.0},{"damage":11.0,"enemies":"Time Eater","floor":51.0,"turns":7.0},{"damage":15,"enemies":"Shield and Spear","floor":55,"turns":7},{"damage":29,"enemies":"The Heart","floor":56,"turns":8}],"seed_played":"7574685053327446747","potions_obtained":[{"floor":3.0,"key":"PowerPotion"},{"floor":5.0,"key":"ColorlessPotion"},{"floor":6.0,"key":"BlessingOfTheForge"},{"floor":27.0,"key":"REME_GoldPotion"},{"floor":28.0,"key":"Fire Potion"},{"floor":42.0,"key":"EssenceOfSteel"},{"floor":45.0,"key":"Weak Potion"}],"is_trial":false,"path_per_floor":["M","M","M","M","M","E","?","R","T","E","M","?","M","E","R","B",null,"M","?","?","?","$","R","E","M","T","M","E","T","M","E","R","B",null,"M","?","?","$","M","R","E","M","T","?","M","?","R","E","R","B","B",null,"R","$","E","B",null],"character_chosen":"IRONCLAD","items_purchased":["Whirlwind","Feel No Pain","Orrery","Medical Kit"],"campfire_rested":0,"item_purchase_floors":[22,22,38,54],"current_hp_per_floor":[74,75,74,75,74,64,41,41,41,49,53,53,60,54,54,62,72,75,37,16,16,16,16,20,25,25,31,36,36,37,37,37,30,35,37,30,30,30,35,35,46,49,49,46,46,46,46,51,51,51,46,50,50,50,47,24],"gold":78,"neow_bonus":"ONE_RARE_RELIC","is_daily":false,"chose_seed":false,"campfire_upgraded":7,"win_rate":0.0,"timestamp":1613192556,"path_taken":["M","?","M","?","M","E","?","R","T","E","M","?","M","E","R","BOSS","M","?","?","?","$","R","E","M","T","M","E","?","?","E","R","BOSS","M","?","?","$","M","R","E","?","T","?","M","?","R","E","R","BOSS","BOSS","R","$","E","BOSS"],"items_purchased_type":["Card","Card","Relic","Relic"],"build_version":"2020-12-22","purchased_purges":2,"victory":true,"max_hp_per_floor":[75,75,75,75,75,75,75,75,75,75,75,75,75,75,75,75,75,75,37,37,37,37,37,37,37,37,37,37,37,37,37,37,37,37,37,37,37,37,37,37,51,51,51,51,51,51,51,51,51,51,51,51,51,51,51,51],"relic_stats":{"counters":[29,139],"Ornamental Fan":[0],"Medical Kit":[2],"obtain_stats":[{"energizedSpire:RedRose":34,"AT_ATBox":0,"Enchiridion":20,"Oddly Smooth Stone":28,"Mango":41,"REME_DuelDisc":17,"AT_ArcaneBoots":18,"Replay:WaspNest":24,"Medical Kit":54,"Burning Blood":0,"conspire:TopHat":9,"AT_SpeedBoots":10,"Ornamental Fan":48,"conspire:DecoderRing":14,"Orrery":38,"Iron Hammer":43,"Snack Pack":6,"reliquary:TuningFork":55,"AT_SunfireAegis":26,"Replay:Bottled Eggs":31,"REME_ComplimentaryCards":0,"Pocketwatch":0},{"energizedSpire:RedRose":19,"AT_ATBox":0,"Enchiridion":12,"Oddly Smooth Stone":16,"Mango":22,"REME_DuelDisc":11,"AT_ArcaneBoots":12,"Replay:WaspNest":13,"Medical Kit":27,"Burning Blood":0,"conspire:TopHat":6,"AT_SpeedBoots":7,"Ornamental Fan":25,"conspire:DecoderRing":10,"Orrery":20,"Iron Hammer":23,"Snack Pack":6,"reliquary:TuningFork":28,"AT_SunfireAegis":14,"Replay:Bottled Eggs":18,"REME_ComplimentaryCards":0,"Pocketwatch":0},{"energizedSpire:RedRose":84,"AT_ATBox":0,"Enchiridion":48,"Oddly Smooth Stone":67,"Mango":95,"REME_DuelDisc":44,"AT_ArcaneBoots":45,"Replay:WaspNest":52,"Medical Kit":124,"Burning Blood":0,"conspire:TopHat":19,"AT_SpeedBoots":24,"Ornamental Fan":112,"conspire:DecoderRing":36,"Orrery":88,"Iron Hammer":101,"Snack Pack":19,"reliquary:TuningFork":131,"AT_SunfireAegis":57,"Replay:Bottled Eggs":79,"REME_ComplimentaryCards":0,"Pocketwatch":0}],"Burning Blood":148,"Pocketwatch":[101]},"card_choices":[{"not_picked":["Anger","Perfected Strike","Thunderclap"],"picked":"SKIP","floor":1.0},{"not_picked":["Iron Wave","ReplayTheSpireMod:LeadingStrike"],"picked":"Cleave","floor":2.0},{"not_picked":["Searing Blow","REME_SingleHolding"],"picked":"Burning Pact","floor":3.0},{"not_picked":["Intimidate","Warcry"],"picked":"Shrug It Off","floor":4.0},{"not_picked":["Warcry","ReplayTheSpireMod:Limb From Limb"],"picked":"Feel No Pain","floor":5.0},{"not_picked":["Corruption","Searing Blow"],"picked":"Rage","floor":6.0},{"not_picked":["Clothesline","Heavy Blade"],"picked":"Limit Break","floor":10.0},{"not_picked":["Armaments","Run Through"],"picked":"ReplayTheSpireMod:Muscle Training","floor":11.0},{"not_picked":["Pommel Strike","Warcry"],"picked":"AT_ShrugMaster","floor":13.0},{"not_picked":["Dark Embrace","Iron Wave"],"picked":"AT_CaressingTears","floor":14.0},{"not_picked":["Exhume","REME_Fury"],"picked":"Fiend Fire","floor":16.0},{"not_picked":["ReplayTheSpireMod:Stacked","Warcry","AT_ShrugMaster"],"picked":"SKIP","floor":18.0},{"not_picked":["Cleave","Feed"],"picked":"Body Slam","floor":24.0},{"not_picked":["AT_BodySlamDance","Infernal Blade","Thunderclap"],"picked":"SKIP","floor":25.0},{"not_picked":["Heavy Blade","Carnage"],"picked":"Flame Barrier","floor":27.0},{"not_picked":["Sever Soul","Warcry","Spot Weakness"],"picked":"SKIP","floor":28.0},{"not_picked":["Sever Soul","Warcry","Spot Weakness"],"picked":"SKIP","floor":28.0},{"not_picked":["Perfected Strike","Cleave","Twin Strike"],"picked":"SKIP","floor":30.0},{"not_picked":["Rage","REME_SingleHolding+1","AT_IchimonjiDouble"],"picked":"SKIP","floor":31.0},{"not_picked":["Rage","AT_IchimonjiDouble"],"picked":"REME_SingleHolding+1","floor":31.0},{"not_picked":["Feed","conspire:HitWhereItHurts"],"picked":"Berserk","floor":33.0},{"not_picked":["Havoc","Pommel Strike+1","AT_BodySlamDance"],"picked":"SKIP","floor":35.0},{"not_picked":["Perfected Strike","Fire Breathing+1"],"picked":"Impervious","floor":38.0},{"not_picked":["Sword Boomerang","Spot Weakness+1"],"picked":"Shrug It Off","floor":38.0},{"not_picked":["AT_IchimonjiDouble","True Grit"],"picked":"Shrug It Off+1","floor":38.0},{"not_picked":["Brutality","Twin Strike"],"picked":"Armaments","floor":39.0},{"not_picked":["Sword Boomerang","conspire:Purge"],"picked":"Barricade","floor":41.0},{"not_picked":["Sword Boomerang+1","Wild Strike+1"],"picked":"True Grit+1","floor":42.0},{"not_picked":["True Grit+1","REME_Cut+1","AT_CaressingTears"],"picked":"SKIP","floor":45.0},{"not_picked":["ReplayTheSpireMod:Limb From Limb","AT_DrawKnifeCut","REME_Cut"],"picked":"SKIP","floor":48.0},{"not_picked":["Sword Boomerang+1","True Grit","Clothesline"],"picked":"SKIP","floor":55}],"player_experience":1348084,"relics_obtained":[{"floor":6.0,"key":"Snack Pack"},{"floor":9.0,"key":"conspire:TopHat"},{"floor":10.0,"key":"AT_SpeedBoots"},{"floor":14.0,"key":"conspire:DecoderRing"},{"floor":20.0,"key":"Enchiridion"},{"floor":24.0,"key":"Replay:WaspNest"},{"floor":26.0,"key":"AT_SunfireAegis"},{"floor":28.0,"key":"Oddly Smooth Stone"},{"floor":31.0,"key":"Replay:Bottled Eggs"},{"floor":41.0,"key":"Mango"},{"floor":43.0,"key":"Iron Hammer"},{"floor":48.0,"key":"Ornamental Fan"},{"floor":55,"key":"reliquary:TuningFork"}],"event_choices":[{"damage_healed":0.0,"max_hp_gain":0.0,"max_hp_loss":0.0,"gold_gain":0.0,"event_name":"Shining Light","player_choice":"Entered Light","floor":7.0,"gold_loss":0.0,"damage_taken":23.0,"cards_upgraded":["Feel No Pain","Defend_R"]},{"damage_healed":0.0,"max_hp_gain":0.0,"max_hp_loss":0.0,"gold_gain":0.0,"event_name":"Liars Game","player_choice":"Ignored","floor":12.0,"gold_loss":0.0,"damage_taken":0.0},{"damage_healed":0.0,"max_hp_gain":0.0,"max_hp_loss":38.0,"gold_gain":0.0,"event_name":"Ghosts","player_choice":"Became a Ghost","floor":19.0,"gold_loss":0.0,"damage_taken":0.0,"cards_obtained":["Ghostly","Ghostly","Ghostly"]},{"damage_healed":0.0,"max_hp_gain":0.0,"max_hp_loss":0.0,"gold_gain":0.0,"event_name":"Cursed Tome","player_choice":"Obtained Book","floor":20.0,"gold_loss":0.0,"damage_taken":21.0},{"damage_healed":0.0,"max_hp_gain":0.0,"max_hp_loss":0.0,"gold_gain":0.0,"event_name":"Vampires","player_choice":"Ignored","floor":21.0,"gold_loss":0.0,"damage_taken":0.0},{"damage_healed":0.0,"max_hp_gain":0.0,"max_hp_loss":0.0,"gold_gain":0.0,"event_name":"Winding Halls","player_choice":"Embrace Madness","floor":36.0,"gold_loss":0.0,"damage_taken":7.0,"cards_obtained":["Madness","Madness"]},{"damage_healed":0.0,"max_hp_gain":0.0,"max_hp_loss":0.0,"gold_gain":0.0,"event_name":"Upgrade Shrine","player_choice":"Upgraded","floor":37.0,"gold_loss":0.0,"damage_taken":0.0,"cards_upgraded":["Berserk"]},{"damage_healed":0.0,"max_hp_gain":0.0,"max_hp_loss":0.0,"gold_gain":0.0,"event_name":"conspire:Investor","player_choice":"Leave","floor":44.0,"gold_loss":0.0,"damage_taken":0.0},{"damage_healed":0.0,"max_hp_gain":0.0,"max_hp_loss":0.0,"gold_gain":0.0,"event_name":"Tomb of Lord Red Mask","player_choice":"Ignored","floor":46.0,"gold_loss":0.0,"damage_taken":0.0}],"is_beta":false,"boss_relics":[{"not_picked":["Tiny House","reliquary:Ember"],"picked":"REME_DuelDisc"},{"not_picked":["energizedSpire:StickyHand","Abe\u0027s Treasure"],"picked":"energizedSpire:RedRose"}],"items_purged_floors":[22,38],"is_endless":false,"potions_floor_spawned":[3,5,6,11,27,28,33,42,45,55],"ascension_level":20}}