{"host":"farxtl2u8hmkbdo2","time":1613246357,"event":{"mods":["A Magickal Journey","BaseMod","Better Altar","Better Note","Better Sensory Stone","Better Skull","Better Third Choice","Challenge The Spire","Colored Map","Colored Powertips","Current Relic Mod","Downfall","Energized Spire","Fox Events","Gremlin Mod","Hermit","Hubris","Mimic Mod","Minty Spire (QoL Compilation)","Quick Restart","READ ME - Guardian Mod","Rare Cards Sparkle","StSLib","The Bladedancer","The Bug Knight","The Cursed","The Disciple","The Hierophant","The Marked","The Necromancer","The Runesmith","Transform Curses"],"gold_per_floor":[99,117,131,150,150,184,184,197,231,231,13,29,29,39,59,157,157,157,174,184,184,184,184,223,242,342,372,33,33,47,25,45,143,143,143,157,157,0,16,50,122,137,187,221,371,1,1,35,47,47],"floor_reached":51,"language":"SPA","playtime":61916,"items_purged":["downfall:Malfunctioning","downfall:Malfunctioning"],"score":1065,"play_id":"7454cca2-c935-4c50-8577-e2c597daf1d2","local_time":"20210213165917","is_ascension_mode":true,"campfire_choices":[{"data":"Guardian:TwinSlam","floor":1,"key":"SMITH"},{"data":"Guardian:DecasProtection","floor":13,"key":"SMITH"},{"data":"Guardian:FierceBash","floor":18,"key":"SMITH"},{"floor":29,"key":"RECALL"},{"data":"Guardian:BaubleBeam","floor":35,"key":"SMITH"},{"data":"Guardian:PrismaticBeam","floor":47,"key":"SMITH"}],"circlet_count":0,"master_deck":["Guardian:Strike_Guardian","Guardian:Strike_Guardian","Guardian:Strike_Guardian","Guardian:Defend_Guardian","Guardian:Defend_Guardian","Guardian:CurlUp","Guardian:TwinSlam+1","Guardian:ArmoredProtocol","Guardian:Recover","Guardian:DecasProtection+1","Guardian:ChargeCore","Guardian:Planning","Guardian:FierceBash+1","Guardian:CompilePackage","Guardian:GuardianWhirl","Guardian:BodySlam","Guardian:ShieldSpikes","Guardian:StasisStrike","Guardian:Gem_Lightblue","Guardian:FastForward","Guardian:ChargeUp","Guardian:BodySlam","Guardian:TemporalShield+1","CurseOfTheBell","CurseOfTheBell","Guardian:GemFinder","hubris:Wrath","blademaster:WrongfulFootwork","Guardian:BronzeOrb","Guardian:BronzeOrb","Guardian:GatlingBeam","Guardian:Gem_Red","Guardian:Emergency+1","Guardian:BaubleBeam+1","Guardian:Gem_Red","Guardian:CrystalBeam+1","Guardian:TimeCapacitor","Guardian:CrystalBeam","Guardian:ShieldSpikes","Guardian:PolyBeam","Guardian:PrimingBeam+1","Guardian:PrimingBeam+1","Guardian:SpikerProtocol+1","Guardian:PrismaticBeam+1","Jack Of All Trades+1","Guardian:ChargeUp+1","Guardian:Clone+1","Guardian:VentSteam+1","Guardian:Planning+1"],"relics":["Guardian:ModeShifterPlus","PreservedInsect","hubris:Icosahedron","hubris:FunFungus","White Beast Statue","Bottled Lightning","Matryoshka","downfall:ExtraCursedBell","Runesmith:AutoHammer","HollowMod:LifeEnderRelic","Du-Vu Doll","MealTicket","Shuriken","Sling","energizedSpire:DeadBattery","Bag of Marbles","Toxic Egg 2","Prayer Wheel","hubris:CrystalStatue","Art of War","Oddly Smooth Stone"],"acts_visited":["Exordium","TheCity","TheBeyond"],"potions_floor_usage":[6,16,16,27,27,33,33,40,44,44,50,50],"damage_taken":[{"damage":0,"enemies":"Small Slimes","floor":2,"turns":3},{"damage":5,"enemies":"Jaw Worm","floor":3,"turns":4},{"damage":0,"enemies":"Cultist","floor":4,"turns":4},{"damage":22,"enemies":"Gremlin Nob","floor":6,"turns":6},{"damage":8,"enemies":"Lots of Slimes","floor":8,"turns":4},{"damage":0,"enemies":"Lagavulin","floor":9,"turns":7},{"damage":0,"enemies":"downfall:FleeingMerchant","floor":11,"turns":4},{"damage":7,"enemies":"2 Fungi Beasts","floor":12,"turns":3},{"damage":0,"enemies":"Exordium Wildlife","floor":14,"turns":2},{"damage":0,"enemies":"Blue Slaver","floor":15,"turns":3},{"damage":13,"enemies":"WA_ARCHETYPE_RETAIN","floor":16,"turns":7},{"damage":0,"enemies":"Spheric Guardian","floor":19,"turns":3},{"damage":0,"enemies":"Chosen","floor":20,"turns":3},{"damage":0,"enemies":"Shelled Parasite and Fungi","floor":24,"turns":3},{"damage":5,"enemies":"Shelled Parasite and Fungi","floor":25,"turns":3},{"damage":0,"enemies":"Book of Stabbing","floor":27,"turns":2},{"damage":0,"enemies":"downfall:FleeingMerchant","floor":28,"turns":4},{"damage":0,"enemies":"Centurion and Healer","floor":30,"turns":3},{"damage":0,"enemies":"Snake Plant","floor":32,"turns":2},{"damage":0,"enemies":"IC_MUSHROOM_ARCHETYPE","floor":33,"turns":4},{"damage":0,"enemies":"3 Darklings","floor":36,"turns":4},{"damage":0,"enemies":"3 Shapes","floor":39,"turns":3},{"damage":0,"enemies":"Reptomancer","floor":40,"turns":3},{"damage":0,"enemies":"Transient","floor":42,"turns":5},{"damage":0,"enemies":"Transient","floor":43,"turns":4},{"damage":0,"enemies":"HollowMod:StalkingDevout","floor":44,"turns":2},{"damage":0,"enemies":"Reptomancer","floor":48,"turns":4},{"damage":4,"enemies":"Jaw Worm Horde","floor":49,"turns":3},{"damage":3,"enemies":"SI_POISON_ARCHETYPE","floor":50,"turns":5}],"seed_played":"151948240473896921","potions_obtained":[{"floor":4,"key":"Swift Potion"},{"floor":8,"key":"SpeedPotion"},{"floor":9,"key":"Ancient Potion"},{"floor":11,"key":"Dexterity Potion"},{"floor":12,"key":"DuplicationPotion"},{"floor":14,"key":"SkillPotion"},{"floor":16,"key":"LiquidMemories"},{"floor":19,"key":"SneckoOil"},{"floor":20,"key":"ColorlessPotion"},{"floor":25,"key":"LiquidMemories"},{"floor":27,"key":"AttackPotion"},{"floor":28,"key":"Ancient Potion"},{"floor":32,"key":"Guardian:BlockOnCardUsePotion"},{"floor":33,"key":"sneckomod:MuddlingPotion"},{"floor":36,"key":"Explosive Potion"},{"floor":39,"key":"AttackPotion"},{"floor":40,"key":"SmokeBomb"},{"floor":42,"key":"SpeedPotion"},{"floor":43,"key":"Guardian:AcceleratePotion"},{"floor":44,"key":"bronze:BurnAndBuffPotion"},{"floor":48,"key":"Block Potion"},{"floor":49,"key":"AttackPotion"}],"is_trial":false,"path_per_floor":["R","M","M","M","?","E","T","M","E","?","$","M","R","M","M","B",null,"R","M","M","?","T","?","MIM","M","?","E","$","R","M","$","M","B",null,"R","M","?","$","M","E","T","M","?","E","?","$","R","E","M","B",null],"character_chosen":"GUARDIAN","items_purchased":["Guardian:Gem_Red","Guardian:BodySlam","Shuriken","Sling","Guardian:GatlingBeam","Guardian:Gem_Green","Guardian:TimeCapacitor","Guardian:Gem_Yellow","Guardian:CrystalBeam","Guardian:PrismaticBeam","Art of War","Jack Of All Trades+1","Guardian:ChargeUp+1"],"campfire_rested":0,"item_purchase_floors":[11,11,28,28,28,31,38,38,38,46,46,46,46],"current_hp_per_floor":[80,80,75,75,75,53,53,45,49,49,50,44,44,44,44,31,80,80,80,80,80,80,65,67,64,69,69,87,87,89,90,90,90,90,90,90,90,90,90,90,90,90,90,90,90,90,90,90,90,87],"gold":47,"neow_bonus":"RANDOM_COMMON_RELIC","is_daily":false,"chose_seed":false,"campfire_upgraded":5,"win_rate":0.0,"timestamp":1613246357,"path_taken":["R","M","M","M","?","E","T","M","E","?","$","?","R","?","M","BOSS","R","M","M","?","?","?","MIM","M","?","E","$","R","M","?","M","BOSS","R","M","?","$","M","E","T","M","?","E","?","$","R","E","M","BOSS"],"items_purchased_type":["Card","Card","Relic","Relic","Card","Card","Card","Card","Card","Card","Relic","Card","Card"],"build_version":"2020-12-22","purchased_purges":2,"victory":true,"max_hp_per_floor":[80,80,80,80,80,80,80,80,80,80,80,80,80,80,80,80,80,80,80,80,80,80,85,85,85,90,90,90,90,90,90,90,90,90,90,90,90,90,90,90,90,90,90,90,90,90,90,90,90,90],"card_choices":[{"not_picked":["Guardian:Gem_Lightblue","Guardian:PrimingBeam"],"picked":"Guardian:ArmoredProtocol","floor":2},{"not_picked":["Guardian:PiercingHide","Guardian:RollAttack"],"picked":"Guardian:Recover","floor":3},{"not_picked":["Guardian:Reroute","Guardian:PiercingHide"],"picked":"Guardian:DecasProtection","floor":4},{"not_picked":["Guardian:TemporalStrike","Guardian:WalkerClaw"],"picked":"Guardian:ChargeCore","floor":6},{"not_picked":["Guardian:Recover","Guardian:Gem_Lightblue"],"picked":"Guardian:Planning","floor":8},{"not_picked":["Guardian:DecasProtection","Guardian:PiercingHide"],"picked":"Guardian:FierceBash","floor":9},{"not_picked":["Guardian:PiercingHide","Guardian:GuardianWhirl"],"picked":"Guardian:Gem_Red","floor":11},{"not_picked":["Guardian:ShieldCharger","Guardian:Gem_Fragmented"],"picked":"Guardian:ShieldSpikes","floor":12},{"not_picked":["Guardian:Gem_Green","Guardian:TemporalShield"],"picked":"Guardian:StasisStrike","floor":14},{"not_picked":["Guardian:ShieldCharger","Guardian:Planning"],"picked":"Guardian:Gem_Lightblue","floor":15},{"not_picked":["Guardian:StasisEngine","Guardian:AncientConstruct"],"picked":"Guardian:FastForward","floor":16},{"not_picked":["Guardian:RollAttack","Guardian:Repulse"],"picked":"Guardian:ChargeUp","floor":19},{"not_picked":["Guardian:Gem_Green","Guardian:Suspension"],"picked":"Guardian:BodySlam","floor":20},{"not_picked":["Guardian:Gem_Lightblue","Guardian:RollAttack"],"picked":"Guardian:Gem_Blue","floor":24},{"not_picked":["Guardian:DecasProtection","Guardian:PiercingHide"],"picked":"Guardian:TemporalShield+1","floor":25},{"not_picked":["Guardian:BronzeArmor","Guardian:Gem_Blue"],"picked":"Guardian:BronzeOrb","floor":27},{"not_picked":["Guardian:Gem_Green","Guardian:Gem_Red"],"picked":"Guardian:Gem_Cyan","floor":28},{"not_picked":["Guardian:Planning","Guardian:Gem_Lightblue"],"picked":"Guardian:BronzeOrb","floor":28},{"not_picked":["Guardian:Gem_Green","Guardian:Gem_Lightblue"],"picked":"Guardian:Gem_Red","floor":30},{"not_picked":["Guardian:Orbwalk","Guardian:Planning"],"picked":"Guardian:Gem_Crimson","floor":30},{"not_picked":["Guardian:TemporalShield+1","Guardian:Reroute"],"picked":"Guardian:Emergency+1","floor":32},{"not_picked":["Guardian:Gem_Lightblue","Guardian:Gem_Green"],"picked":"Guardian:Gem_Cyan","floor":33},{"not_picked":["Guardian:StasisEngine","Guardian:StasisStrike"],"picked":"Guardian:BaubleBeam","floor":33},{"not_picked":["Guardian:Gem_Green","Guardian:Gem_Cyan"],"picked":"Guardian:Gem_Red","floor":36},{"not_picked":["Guardian:TimeBomb","Guardian:SentryBeam"],"picked":"Guardian:CrystalBeam+1","floor":36},{"not_picked":["Guardian:Suspension+1","Guardian:BronzeArmor"],"picked":"Guardian:ShieldSpikes","floor":39},{"not_picked":["Guardian:Harden+1","Guardian:RollAttack"],"picked":"Guardian:PolyBeam","floor":40},{"not_picked":["Guardian:FuturePlans","Guardian:WalkerClaw"],"picked":"Guardian:PrimingBeam+1","floor":42},{"not_picked":["Guardian:Gem_Red","Guardian:Gem_Lightblue"],"picked":"Guardian:Gem_Green","floor":43},{"not_picked":["Guardian:Preprogram+1","Guardian:Gem_Cyan"],"picked":"Guardian:PrimingBeam+1","floor":43},{"not_picked":["Guardian:Gem_Cyan","Guardian:Incinerate"],"picked":"Guardian:SpikerProtocol+1","floor":44},{"not_picked":["Guardian:BronzeArmor+1","Guardian:PolyBeam"],"picked":"Guardian:Clone+1","floor":48},{"not_picked":["Guardian:Gem_Green","Guardian:PrimingBeam"],"picked":"Guardian:VentSteam+1","floor":49},{"not_picked":["Guardian:ChargeCore+1","Guardian:CrystalBeam+1"],"picked":"Guardian:Planning+1","floor":49}],"player_experience":2133545,"relics_obtained":[{"floor":6,"key":"hubris:FunFungus"},{"floor":7,"key":"White Beast Statue"},{"floor":9,"key":"Bottled Lightning"},{"floor":24,"key":"Matryoshka"},{"floor":26,"key":"Runesmith:AutoHammer"},{"floor":26,"key":"HollowMod:LifeEnderRelic"},{"floor":26,"key":"Du-Vu Doll"},{"floor":27,"key":"MealTicket"},{"floor":40,"key":"Bag of Marbles"},{"floor":41,"key":"Smiling Mask"},{"floor":41,"key":"Toxic Egg 2"},{"floor":43,"key":"Prayer Wheel"},{"floor":44,"key":"hubris:CrystalStatue"},{"floor":48,"key":"Oddly Smooth Stone"}],"event_choices":[],"is_beta":false,"boss_relics":[{"not_picked":["SacredBark","SlaversCollar"],"picked":"Guardian:ModeShifterPlus"},{"not_picked":["hubris:RunicObelisk","Sozu"],"picked":"energizedSpire:DeadBattery"}],"items_purged_floors":[11,28],"is_endless":false,"potions_floor_spawned":[4,8,9,11,12,14,15,16,19,20,24,25,27,28,30,32,33,36,39,40,42,43,44,48,49],"ascension_level":1}}