{"host":"cb9xh4d0ss8ax8yb","time":1613196278,"event":{"mods":["100% Spire Juice","BaseMod","Better Altar","Better Match","Better Note","Better Sensory Stone","Better Skull","Better Third Choice","Bossed Relics","Good Game Mod","Jess\u0027s Bottle","Minty Spire (QoL Compilation)","StSLib","The Cursed","The Dragon Tamer","The Gatherer"],"gold_per_floor":[119,119,119,11,28,62,62,80,80,80,97,109,109,122,122,219,99,113,140,30,48,48,82,82,113,113,213,213,110,110,35,35,131,131,143,143,143,143,156,182,202,230,300,62,82,93,122,139,139,139],"floor_reached":51,"language":"KOR","playtime":3430,"items_purged":[],"score":1110,"play_id":"1a29505e-f91c-4695-bf56-9144e746aabc","local_time":"20210213150438","is_ascension_mode":true,"campfire_choices":[{"data":"Moonworks:NicePresent","floor":10,"key":"SMITH"},{"data":"Moonworks:FinalSurgery","floor":13,"key":"SMITH"},{"floor":15,"key":"REST"},{"data":"Moonworks:Wanted","floor":24,"key":"SMITH"},{"data":"Moonworks:BackdoorTrade","floor":30,"key":"SMITH"},{"data":"Moonworks:AccelHyper","floor":32,"key":"SMITH"},{"floor":49,"key":"REST"}],"circlet_count":0,"master_deck":["Moonworks:Strike","Moonworks:Strike","Moonworks:Strike+1","Moonworks:Defend+1","Moonworks:Defend","Moonworks:Defend","Moonworks:Ambush+1","Moonworks:LongDistanceShot+1","Gatherer:FruitForce+1","Moonworks:NicePresent+1","Moonworks:MiracleRedBeanIceCream","Moonworks:StiffCrystal","Moonworks:SweetBattle","Moonworks:FinalSurgery+1","Moonworks:Wanted+1","Moonworks:NicePresent","Moonworks:EvilSpyWorkPreparation+1","Moonworks:Assault+1","Moonworks:AccelHyper+1","Moonworks:x16BigRocket+2","Moonworks:BackdoorTrade+1","Moonworks:ShieldCounter","Flash of Steel","Panache","Moonworks:IndiscriminateFireSupport+1","Moonworks:NicePresent+1","Moonworks:MiracleWalker+1","Moonworks:BigMagnum+1","Moonworks:EvilSpyWorkPreparation+1"],"relics":["Moonworks:BrokenBomb","Moonworks:Homemark","REME:ComplimentaryCards","Anchor","Mummified Hand","Pandora\u0027s Box","Red Mask","Question Card","Smiling Mask","Vajra","The Courier","Calipers","Mercury Hourglass","Enchiridion","Fusion Hammer","Ancient Tea Set","Bronze Scales","Ornamental Fan","Medical Kit","Whetstone","Toxic Egg 2"],"acts_visited":["Exordium","TheCity","TheBeyond"],"potions_floor_usage":[6,16,16,19,21,23,25,27,33,41,42,50,50,50],"damage_taken":[{"damage":7,"enemies":"Jaw Worm","floor":1,"turns":2},{"damage":1,"enemies":"2 Louse","floor":4,"turns":2},{"damage":0,"enemies":"Small Slimes","floor":5,"turns":3},{"damage":32,"enemies":"Gremlin Nob","floor":6,"turns":4},{"damage":3,"enemies":"Exordium Wildlife","floor":8,"turns":3},{"damage":0,"enemies":"Large Slime","floor":11,"turns":3},{"damage":0,"enemies":"3 Louse","floor":12,"turns":3},{"damage":0,"enemies":"2 Fungi Beasts","floor":14,"turns":3},{"damage":31,"enemies":"The Guardian","floor":16,"turns":7},{"damage":0,"enemies":"Spheric Guardian","floor":18,"turns":3},{"damage":0,"enemies":"Masked Bandits","floor":19,"turns":3},{"damage":0,"enemies":"Shell Parasite","floor":20,"turns":3},{"damage":0,"enemies":"Cultist and Chosen","floor":21,"turns":3},{"damage":13,"enemies":"Slavers","floor":23,"turns":3},{"damage":2,"enemies":"Gremlin Leader","floor":25,"turns":3},{"damage":2,"enemies":"Colosseum Slavers","floor":27,"turns":3},{"damage":25,"enemies":"Colosseum Nobs","floor":27,"turns":4},{"damage":15,"enemies":"Snecko","floor":29,"turns":3},{"damage":11,"enemies":"Automaton","floor":33,"turns":5},{"damage":12,"enemies":"3 Shapes","floor":35,"turns":2},{"damage":0,"enemies":"Orb Walker","floor":39,"turns":2},{"damage":0,"enemies":"Giant Head","floor":40,"turns":4},{"damage":0,"enemies":"Writhing Mass","floor":41,"turns":3},{"damage":0,"enemies":"Nemesis","floor":42,"turns":3},{"damage":0,"enemies":"Spire Growth","floor":45,"turns":2},{"damage":0,"enemies":"Jaw Worm Horde","floor":46,"turns":2},{"damage":0,"enemies":"Giant Head","floor":47,"turns":4},{"damage":0,"enemies":"3 Darklings","floor":48,"turns":1},{"damage":9,"enemies":"Awakened One","floor":50,"turns":4}],"seed_played":"-218932908530744398","potions_obtained":[{"floor":4,"key":"Regen Potion"},{"floor":5,"key":"Regen Potion"},{"floor":8,"key":"Weak Potion"},{"floor":16,"key":"SkillPotion"},{"floor":19,"key":"FearPotion"},{"floor":20,"key":"DistilledChaos"},{"floor":23,"key":"Strength Potion"},{"floor":25,"key":"LiquidBronze"},{"floor":27,"key":"FearPotion"},{"floor":29,"key":"SteroidPotion"},{"floor":40,"key":"Weak Potion"},{"floor":45,"key":"SkillPotion"},{"floor":46,"key":"Energy Potion"},{"floor":48,"key":"ColorlessPotion"}],"is_trial":false,"path_per_floor":["M","?","?","M","M","E","?","M","T","R","M","M","R","M","R","B",null,"M","?","M","M","?","E","R","E","T","?","?","M","R","?","R","B",null,"M","?","?","?","M","E","M","E","T","$","M","M","E","M","R","B",null],"character_chosen":"THE_STARBREAKER","items_purchased":["Medical Kit","Whetstone"],"campfire_rested":2,"item_purchase_floors":[44,44],"current_hp_per_floor":[51,51,44,43,43,23,10,12,12,12,17,22,22,27,46,36,57,62,64,64,64,64,51,51,54,54,37,21,17,17,17,17,15,52,40,40,40,40,40,45,47,52,52,52,52,52,57,57,64,64],"gold":139,"neow_bonus":"UPGRADE_CARD","is_daily":false,"chose_seed":false,"campfire_upgraded":5,"win_rate":0.0,"timestamp":1613196278,"path_taken":["M","?","?","M","M","E","?","?","T","R","M","M","R","M","R","BOSS","M","?","M","M","?","E","R","E","T","?","?","M","R","?","R","BOSS","M","?","?","?","M","E","M","E","T","?","M","M","E","M","R","BOSS"],"items_purchased_type":["Relic","Relic"],"build_version":"2020-12-22","purchased_purges":0,"victory":true,"max_hp_per_floor":[64,64,64,64,64,64,64,64,64,64,64,64,64,64,64,64,64,64,64,64,64,64,64,64,64,64,64,64,64,64,64,64,64,64,64,64,64,64,64,64,64,64,64,64,64,64,64,64,64,64],"card_choices":[{"not_picked":["Moonworks:x16BigRocket","Moonworks:SakisCookie","Moonworks:Assault"],"picked":"SKIP","floor":1},{"not_picked":["Moonworks:ImOnFire","Moonworks:Assault","Moonworks:JonathanRush"],"picked":"SKIP","floor":4},{"not_picked":["Moonworks:SakisCookie","Moonworks:LeapThroughSpace"],"picked":"Moonworks:NicePresent","floor":5},{"not_picked":["Moonworks:Bloodlust","Moonworks:LulusLuckyEgg"],"picked":"Moonworks:MiracleRedBeanIceCream","floor":6},{"not_picked":["Moonworks:SakisCookie","Moonworks:IndiscriminateFireSupport"],"picked":"Moonworks:StiffCrystal","floor":8},{"not_picked":["Moonworks:LulusLuckyEgg","Moonworks:JonathanRush"],"picked":"Moonworks:SweetBattle","floor":11},{"not_picked":["Moonworks:LulusLuckyEgg","Moonworks:Assault"],"picked":"Moonworks:FinalSurgery","floor":12},{"not_picked":["Moonworks:x16BigRocket","Moonworks:LulusLuckyEgg","Moonworks:CloudOfSeagulls"],"picked":"SKIP","floor":14},{"not_picked":["Moonworks:LeapThroughSpace","Moonworks:PlushieMaster"],"picked":"Moonworks:Wanted","floor":16},{"not_picked":["Moonworks:CastOff","Moonworks:JonathanRush+1"],"picked":"Moonworks:NicePresent","floor":18},{"not_picked":["Moonworks:MiracleRedBeanIceCream","Moonworks:SakisCookie+1"],"picked":"Moonworks:EvilSpyWorkPreparation+1","floor":20},{"not_picked":["Moonworks:IntelligenceOfficer","Moonworks:AngelHand","Moonworks:CompletionReward"],"picked":"SKIP","floor":21},{"not_picked":["Moonworks:BigMagnum+1","Moonworks:IndiscriminateFireSupport","Moonworks:ReproductionOfRecords"],"picked":"Moonworks:Assault+1","floor":23},{"not_picked":["Moonworks:LulusLuckyEgg","Moonworks:IndiscriminateFireSupport","Moonworks:AngelHand"],"picked":"Moonworks:AccelHyper","floor":25},{"not_picked":["Moonworks:JonathanRush","Moonworks:BigBangBell","Moonworks:LulusLuckyEgg"],"picked":"Moonworks:x16BigRocket+1","floor":27},{"not_picked":["Moonworks:SakisCookie","Moonworks:JonathanRush","Moonworks:Assault"],"picked":"Moonworks:BackdoorTrade","floor":29},{"not_picked":["Moonworks:FinalBattle","Moonworks:Wanted","Moonworks:GoAway"],"picked":"Moonworks:ShieldCounter","floor":33},{"not_picked":["Moonworks:FinalSurgery+1","Moonworks:NicePresent","Moonworks:ImOnFire+1","Moonworks:Assault+1"],"picked":"SKIP","floor":35},{"not_picked":["Jack Of All Trades","Forethought","Apotheosis"],"picked":"Flash of Steel","floor":36},{"not_picked":["Enlightenment","Bandage Up","Violence"],"picked":"Panache","floor":36},{"not_picked":["Moonworks:BigBangBell","Moonworks:NicePresent","Moonworks:UnluckyCharm","Moonworks:LulusLuckyEgg+1"],"picked":"SKIP","floor":39},{"not_picked":["Moonworks:CookingTime+1","Moonworks:Gamble","Moonworks:CloudOfSeagulls"],"picked":"Moonworks:IndiscriminateFireSupport+1","floor":40},{"not_picked":["Moonworks:ExtendedPhotonRifle+1","Moonworks:CloudOfSeagulls+1","Moonworks:CookingTime+1","Moonworks:BigMagnum+1"],"picked":"SKIP","floor":41},{"not_picked":["Moonworks:UnluckyCharm+1","Moonworks:IndiscriminateFireSupport+1","Moonworks:SelfDestruct","Moonworks:DeployBits"],"picked":"SKIP","floor":42},{"not_picked":["Moonworks:BigMagnum+1","Moonworks:Assault","Moonworks:UnpaidWork+1"],"picked":"Moonworks:NicePresent+1","floor":45},{"not_picked":["Moonworks:ImOnFire","Moonworks:Assault+1","Moonworks:UnpaidWork+1"],"picked":"Moonworks:MiracleWalker+1","floor":46},{"not_picked":["Moonworks:Poppoformation+1","Moonworks:AwakeningOfTalent","Moonworks:BindingChains+1"],"picked":"Moonworks:BigMagnum+1","floor":47},{"not_picked":["Moonworks:FinalSurgery+1","Moonworks:DeployBits+1","Moonworks:OutOfAmmo"],"picked":"Moonworks:EvilSpyWorkPreparation+1","floor":48}],"player_experience":515275,"relics_obtained":[{"floor":6,"key":"Anchor"},{"floor":9,"key":"Mummified Hand"},{"floor":19,"key":"Red Mask"},{"floor":23,"key":"Smiling Mask"},{"floor":25,"key":"Vajra"},{"floor":26,"key":"The Courier"},{"floor":27,"key":"Calipers"},{"floor":27,"key":"Mercury Hourglass"},{"floor":28,"key":"Enchiridion"},{"floor":40,"key":"Ancient Tea Set"},{"floor":42,"key":"Bronze Scales"},{"floor":43,"key":"Ornamental Fan"},{"floor":47,"key":"Toxic Egg 2"}],"event_choices":[{"damage_healed":0,"gold_gain":0,"player_choice":"Grow","damage_taken":0,"max_hp_gain":0,"max_hp_loss":0,"event_name":"Living Wall","floor":2,"gold_loss":0,"cards_upgraded":["Moonworks:LongDistanceShot"]},{"cards_removed":["Moonworks:Strike"],"damage_healed":0,"gold_gain":0,"player_choice":"Card Removal","damage_taken":7,"max_hp_gain":0,"max_hp_loss":0,"event_name":"Golden Wing","floor":3,"gold_loss":0},{"damage_healed":23,"gold_gain":0,"player_choice":"Upgrade","damage_taken":13,"max_hp_gain":0,"max_hp_loss":64,"event_name":"betterThird:BetterShining","floor":7,"gold_loss":0,"cards_upgraded":["Moonworks:Defend","Moonworks:Strike"]},{"damage_healed":0,"gold_gain":0,"player_choice":"Fought Bandits","damage_taken":0,"max_hp_gain":0,"max_hp_loss":0,"event_name":"Masked Bandits","floor":19,"gold_loss":0},{"damage_healed":0,"gold_gain":0,"player_choice":"Opened","damage_taken":0,"relics_obtained":["Question Card"],"max_hp_gain":0,"max_hp_loss":0,"event_name":"The Mausoleum","floor":22,"gold_loss":0,"cards_obtained":["Writhe"]},{"damage_healed":0,"gold_gain":0,"player_choice":"Fight","damage_taken":0,"max_hp_gain":0,"max_hp_loss":0,"event_name":"Colosseum","floor":27,"gold_loss":0},{"damage_healed":0,"gold_gain":0,"player_choice":"Fought Nobs","damage_taken":0,"max_hp_gain":0,"max_hp_loss":0,"event_name":"Colosseum","floor":27,"gold_loss":0},{"damage_healed":0,"gold_gain":0,"player_choice":"Obtained Book","damage_taken":16,"max_hp_gain":0,"max_hp_loss":0,"event_name":"Cursed Tome","floor":28,"gold_loss":0},{"cards_removed":["Writhe"],"damage_healed":0,"gold_gain":0,"player_choice":"Gave Gold","damage_taken":0,"max_hp_gain":0,"max_hp_loss":0,"event_name":"Beggar","floor":31,"gold_loss":75},{"damage_healed":0,"gold_gain":3,"player_choice":"1","damage_taken":0,"max_hp_gain":0,"max_hp_loss":0,"event_name":"betterStone:BetterStone","floor":36,"gold_loss":0},{"cards_removed":["Moonworks:Defend"],"damage_healed":0,"gold_gain":0,"player_choice":"Removed Skill","damage_taken":0,"max_hp_gain":0,"max_hp_loss":0,"event_name":"Falling","floor":37,"gold_loss":0},{"damage_healed":0,"gold_gain":0,"player_choice":"Ignored","damage_taken":0,"max_hp_gain":0,"max_hp_loss":0,"event_name":"Tomb of Lord Red Mask","floor":38,"gold_loss":0}],"is_beta":false,"boss_relics":[{"not_picked":["Ectoplasm","Philosopher\u0027s Stone"],"picked":"Pandora\u0027s Box"},{"not_picked":["jessBottle:WaterBottleRelic","Calling Bell"],"picked":"Fusion Hammer"}],"items_purged_floors":[],"is_endless":false,"potions_floor_spawned":[4,5,8,16,19,20,23,25,27,29,40,45,46,48],"ascension_level":7}}