{"host":"6dypmz777xraikqf","time":1613235410,"event":{"mods":["AchievementEnabler","BaseMod","BetterRewards","Colored Map","Colored Powertips","Downfall","Highlight Path","Hubris","Infinite Spire","Minty Spire (QoL Compilation)","Replay The Spire","StSLib"],"gold_per_floor":[115,127,127,137,155,155,185,185,210,210,229,229,248,280,280,384,384,400,350,370,370,370,396,211,239,313,313,313,331,331,331,331,429,429,448,468,484,502,602,637,637,671,671,671,698,712,712,712,712,712],"floor_reached":51,"language":"ENG","playtime":6528,"items_purged":[],"score":1407,"play_id":"70f0cc74-db6c-459b-ab38-db70f56b21df","local_time":"20210213165650","is_ascension_mode":true,"campfire_choices":[{"data":"Worship","floor":6.0,"key":"SMITH"},{"data":"Eruption","floor":8.0,"key":"SMITH"},{"data":"Vigilance","floor":10.0,"key":"SMITH"},{"data":"FlurryOfBlows","floor":12.0,"key":"SMITH"},{"floor":15.0,"key":"DIG"},{"data":"SpiritShield","floor":27.0,"key":"SMITH"},{"floor":30.0,"key":"REST"},{"data":"Adaptation","floor":32.0,"key":"SMITH"},{"floor":41,"key":"RECALL"},{"data":"infinitespire:Collect","floor":44,"key":"SMITH"},{"floor":49,"key":"REST"}],"circlet_count":0,"master_deck":["Strike_P","Strike_P","Strike_P","Defend_P","Defend_P","Defend_P","Defend_P","Eruption+1","Vigilance+1","MentalFortress+1","EmptyFist+1","InnerPeace","Worship+1","Sanctity","Indignation","FlurryOfBlows+1","LikeWater+1","FlyingSleeves","SpiritShield+1","Vengeance","Meditate","Adaptation+1","Flash of Steel","Protect","Swivel+1","FlurryOfBlows","MentalFortress+1","Replay:AllIn","Halt","InnerPeace+1","Replay:AtTheReady+1","FlyingSleeves+1","infinitespire:Collect+1","EmptyFist","WaveOfTheHand+1","FearNoEvil+1","ClearTheMind+1","EmptyBody+1"],"relics":["PureWater","Torii","Mango","Guide Book","Simple Rune","Strawberry","ReplayTheSpireMod:Lightbulb","hubris:ToyBattleship","Sozu","Bottled Flame","Thread and Needle","Bottled Lightning","Blood Vial","Runic Pyramid","Gambling Chip","Art of War","Chameleon Ring","TeardropLocket","Pocketwatch"],"acts_visited":["Exordium","TheCity","TheBeyond"],"potions_floor_usage":[],"damage_taken":[{"damage":7.0,"enemies":"Jaw Worm","floor":1.0,"turns":2.0},{"damage":0.0,"enemies":"Cultist","floor":2.0,"turns":3.0},{"damage":1.0,"enemies":"Small Slimes","floor":4.0,"turns":3.0},{"damage":0.0,"enemies":"2 Fungi Beasts","floor":5.0,"turns":3.0},{"damage":1.0,"enemies":"Lagavulin","floor":7.0,"turns":5.0},{"damage":0.0,"enemies":"Blue Slaver","floor":11.0,"turns":1.0},{"damage":4.0,"enemies":"Gremlin Gang","floor":13.0,"turns":6.0},{"damage":0.0,"enemies":"3 Sentries","floor":14.0,"turns":8.0},{"damage":0.0,"enemies":"Fading Forest","floor":16.0,"turns":11.0},{"damage":0.0,"enemies":"2 Thieves","floor":18.0,"turns":2.0},{"damage":14.0,"enemies":"Shell Parasite","floor":20.0,"turns":5.0},{"damage":16.0,"enemies":"Book of Stabbing","floor":23.0,"turns":7.0},{"damage":30.0,"enemies":"Slavers","floor":25.0,"turns":8.0},{"damage":0.0,"enemies":"Shelled Parasite and Fungi","floor":29.0,"turns":6.0},{"damage":47.0,"enemies":"hubris:MusketHawk","floor":33.0,"turns":9.0},{"damage":0,"enemies":"3 Darklings","floor":35,"turns":5},{"damage":10,"enemies":"3 Shapes","floor":36,"turns":4},{"damage":0,"enemies":"Jaw Worm Horde","floor":37,"turns":5},{"damage":0,"enemies":"3 Darklings","floor":38,"turns":6},{"damage":10,"enemies":"infinitespire:Three Voidlings","floor":39,"turns":5},{"damage":9,"enemies":"Nightmare_Alpha","floor":39,"turns":15},{"damage":0,"enemies":"R_Hoarder","floor":40,"turns":6},{"damage":12,"enemies":"Giant Head","floor":42,"turns":9},{"damage":0,"enemies":"R_Hoarder","floor":45,"turns":7},{"damage":1,"enemies":"Sphere and 2 Shapes","floor":46,"turns":7},{"damage":8,"enemies":"infinitespire:MassOfShapes","floor":50,"turns":17}],"seed_played":"1800606022602106077","potions_obtained":[{"floor":2.0,"key":"sneckomod:MuddlingPotion"},{"floor":4.0,"key":"ColorlessPotion"},{"floor":5.0,"key":"SmokeBomb"},{"floor":13.0,"key":"BlessingOfTheForge"},{"floor":14.0,"key":"Explosive Potion"}],"is_trial":false,"path_per_floor":["M","M","?","M","M","R","E","R","T","R","M","R","M","E","R_BF","B",null,"M","?","M","?","?","E","$","E","T","R","T","M","R","?","R","B",null,"M","M","M","M","?","E","R","E","T","R","E","M","?","?","R","B",null],"character_chosen":"WATCHER","items_purchased":["Torii","MentalFortress","EmptyFist","Guide Book","Adaptation","Flash of Steel","Protect"],"campfire_rested":2,"item_purchase_floors":[0,0,0,0,24,24,24],"current_hp_per_floor":[65,65,65,64,64,64,63,63,70,70,70,70,66,66,66,66,93,93,93,79,79,79,63,63,33,33,33,33,35,62,62,62,17,93,93,83,85,87,72,74,74,64,64,64,66,67,67,67,88,80],"gold":712,"neow_bonus":"","is_daily":false,"chose_seed":false,"campfire_upgraded":7,"win_rate":0.0,"timestamp":1613235410,"path_taken":["M","M","?","?","M","R","E","R","T","R","M","R","?","E","R_BF","BOSS","M","?","?","?","?","E","?","E","T","R","?","?","R","?","R","BOSS","M","?","M","?","?","E","R","E","T","R","E","M","?","?","R","BOSS"],"items_purchased_type":["Relic","Card","Card","Relic","Card","Card","Card"],"build_version":"2020-12-22","purchased_purges":0,"victory":true,"max_hp_per_floor":[86,86,86,86,86,86,86,86,93,93,93,93,93,93,93,93,93,93,93,93,93,93,93,93,93,93,93,93,93,93,93,93,93,93,93,93,93,93,93,93,93,93,93,93,93,93,93,88,88,88],"card_choices":[{"not_picked":["EmptyBody","Perseverance"],"picked":"InnerPeace","floor":1.0},{"not_picked":["EmptyMind","CutThroughFate"],"picked":"Worship","floor":2.0},{"not_picked":["Prostrate","CrushJoints"],"picked":"Sanctity","floor":4.0},{"not_picked":["ForeignInfluence","Halt"],"picked":"Indignation","floor":5.0},{"not_picked":["Replay:Cycle","Replay:BluntJabs","ThirdEye"],"picked":"SKIP","floor":7.0},{"not_picked":["Crescendo","Halt"],"picked":"FlurryOfBlows","floor":11.0},{"not_picked":["EmptyBody","ThirdEye"],"picked":"LikeWater","floor":13.0},{"not_picked":["BowlingBash","Wallop"],"picked":"FlyingSleeves","floor":14.0},{"not_picked":["ConjureBlade","Alpha"],"picked":"SpiritShield","floor":16.0},{"not_picked":["Replay:ManipulateFuture","CrushJoints+1","Collect"],"picked":"SKIP","floor":18.0},{"not_picked":["Evaluate","BowlingBash"],"picked":"Vengeance","floor":20.0},{"not_picked":["Replay:AllIn","ThirdEye"],"picked":"Meditate","floor":23.0},{"not_picked":["SashWhip+1","Perseverance"],"picked":"Swivel+1","floor":25.0},{"not_picked":["BowlingBash","FlyingSleeves"],"picked":"FlurryOfBlows","floor":29.0},{"not_picked":["MasterReality","Wish"],"picked":"Replay:AllIn","floor":33.0},{"not_picked":["Vengeance+1","Crescendo"],"picked":"Halt","floor":35},{"not_picked":["CutThroughFate","FlurryOfBlows+1"],"picked":"InnerPeace+1","floor":36},{"not_picked":["EmptyBody","SashWhip"],"picked":"Replay:AtTheReady+1","floor":37},{"not_picked":["Replay:ManipulateFuture+1","PathToVictory"],"picked":"FlyingSleeves+1","floor":38},{"not_picked":["infinitespire:Starlight","infinitespire:NeuralNetwork"],"picked":"infinitespire:Collect","floor":39},{"not_picked":["Replay:Cycle","CutThroughFate"],"picked":"EmptyFist","floor":39},{"not_picked":["SpiritShield","FollowUp+1"],"picked":"WaveOfTheHand+1","floor":40},{"not_picked":["Protect+1","ForeignInfluence"],"picked":"FearNoEvil+1","floor":42},{"not_picked":["Protect+1","CarveReality+1"],"picked":"ClearTheMind+1","floor":45},{"not_picked":["Replay:DivineShield+1","SandsOfTime+1"],"picked":"EmptyBody+1","floor":46}],"player_experience":219167,"relics_obtained":[{"floor":7.0,"key":"Simple Rune"},{"floor":9.0,"key":"Strawberry"},{"floor":14.0,"key":"ReplayTheSpireMod:Lightbulb"},{"floor":15.0,"key":"hubris:ToyBattleship"},{"floor":23.0,"key":"Bottled Flame"},{"floor":25.0,"key":"Thread and Needle"},{"floor":26.0,"key":"Bottled Lightning"},{"floor":28.0,"key":"Blood Vial"},{"floor":39,"key":"Gambling Chip"},{"floor":40,"key":"Art of War"},{"floor":42,"key":"Chameleon Ring"},{"floor":43,"key":"TeardropLocket"},{"floor":45,"key":"Pocketwatch"}],"event_choices":[{"cards_removed":["Strike_P"],"damage_healed":0.0,"max_hp_gain":0.0,"max_hp_loss":0.0,"gold_gain":0.0,"event_name":"Bonfire Elementals","player_choice":"Offered Basic","floor":3.0,"gold_loss":0.0,"damage_taken":0.0},{"damage_healed":0.0,"max_hp_gain":0.0,"max_hp_loss":0.0,"gold_gain":0.0,"event_name":"The Joust","player_choice":"Bet on Owner","floor":19.0,"gold_loss":50.0,"damage_taken":0.0},{"damage_healed":0.0,"max_hp_gain":0.0,"max_hp_loss":0.0,"gold_gain":0.0,"event_name":"Back to Basics","player_choice":"Simplicity","floor":22.0,"gold_loss":0.0,"damage_taken":0.0,"cards_upgraded":["Strike_P","Strike_P","Strike_P","Defend_P","Defend_P","Defend_P","Defend_P"]},{"damage_healed":0.0,"max_hp_gain":0.0,"max_hp_loss":0.0,"gold_gain":0.0,"event_name":"Duplicator","player_choice":"Copied","floor":31.0,"gold_loss":0.0,"damage_taken":0.0,"cards_obtained":["MentalFortress"]},{"damage_healed":0,"gold_gain":0,"player_choice":"Max HP","damage_taken":0,"max_hp_gain":0,"max_hp_loss":5,"event_name":"Winding Halls","floor":48,"gold_loss":0}],"is_beta":false,"boss_relics":[{"not_picked":["hubris:Stopwatch","hubris:Backtick"],"picked":"Sozu"},{"not_picked":["Black Star","Runic Dome"],"picked":"Runic Pyramid"}],"items_purged_floors":[],"is_endless":false,"potions_floor_spawned":[2,4,5,13,14,18,23,25,33,35,39,40,42],"ascension_level":3}}