{"host":"y36bp6mnm73x3iob","time":1613203037,"event":{"mods":["2.2 Compatiblity","Aspiration","BaseMod","Bossed Relics","Downfall","GifTheSpireLib","Hermit","Minty Spire (QoL Compilation)","Reliquary","StSLib"],"gold_per_floor":[112,112,112,28,41,71,91,124,124,124,124],"floor_reached":10,"language":"ENG","playtime":248,"items_purged":[],"score":106,"play_id":"ceb33eeb-ebdb-4dd3-9952-552b53145d9b","local_time":"20210213095717","is_ascension_mode":true,"campfire_choices":[],"circlet_count":0,"master_deck":["Strike_B","Strike_B","Strike_B","Strike_B","Defend_B","Defend_B","Defend_B","Defend_B+1","Zap","Dualcast+1","Conserve Battery","Injury","Self Repair","Turbo+1","Melter","Double Energy+1","Genetic Algorithm+1","Conserve Battery+1"],"relics":["Cracked Core","NeowsBlessing","Toxic Egg 2","reliquary:NewFriend","reliquary:ExpiredCoupon","reliquary:IridiumChain"],"acts_visited":["Exordium"],"potions_floor_usage":[8],"damage_taken":[{"damage":0,"enemies":"2 Louse","floor":1,"turns":1},{"damage":0,"enemies":"Jaw Worm","floor":5,"turns":1},{"damage":0,"enemies":"Gremlin Nob","floor":6,"turns":1},{"damage":0,"enemies":"Cultist","floor":7,"turns":4},{"damage":26,"enemies":"Lagavulin","floor":8,"turns":6},{"damage":77,"enemies":"Gremlin Nob","floor":10,"turns":6}],"seed_played":"1474955286149016833","potions_obtained":[{"floor":1,"key":"hexamod:SoulburnPotion"}],"is_trial":false,"path_per_floor":["M","?","?","$","M","E","M","E","T","E"],"character_chosen":"DEFECT","items_purchased":["Self Repair","Turbo+1"],"campfire_rested":0,"item_purchase_floors":[4,4],"current_hp_per_floor":[75,60,60,60,60,67,74,55,55,0,0],"gold":124,"neow_bonus":"THREE_ENEMY_KILL","is_daily":false,"chose_seed":false,"campfire_upgraded":0,"win_rate":0.0,"timestamp":1613203037,"path_taken":["M","?","?","?","?","E","M","E","T","E"],"items_purchased_type":["Card","Card"],"build_version":"2020-12-22","purchased_purges":0,"victory":false,"max_hp_per_floor":[75,75,75,75,75,75,75,75,75,75,75],"card_choices":[{"not_picked":["Steam Power","Recycle"],"picked":"Conserve Battery","floor":1},{"not_picked":["Scrape","Gash"],"picked":"Melter","floor":5},{"not_picked":["Gash","Leap+1"],"picked":"Double Energy+1","floor":6},{"not_picked":["BootSequence+1","Streamline"],"picked":"Genetic Algorithm+1","floor":7},{"not_picked":["Ball Lightning","Barrage"],"picked":"Conserve Battery+1","floor":8}],"player_experience":562885,"relics_obtained":[{"floor":6,"key":"reliquary:NewFriend"},{"floor":8,"key":"reliquary:ExpiredCoupon"},{"floor":9,"key":"reliquary:IridiumChain"}],"event_choices":[{"damage_healed":0,"gold_gain":0,"player_choice":"Entered Light","damage_taken":15,"max_hp_gain":0,"max_hp_loss":0,"event_name":"Shining Light","floor":2,"gold_loss":0,"cards_upgraded":["Dualcast","Defend_B"]}],"is_beta":false,"boss_relics":[],"items_purged_floors":[],"is_endless":false,"potions_floor_spawned":[1],"killed_by":"Gremlin Nob","ascension_level":1}}