{"host":"08ib58efwyqa9h2x","time":1613260454,"event":{"mods":["BaseMod","Minty Spire (QoL Compilation)","Relic Stats"],"gold_per_floor":[118,137,149,169,180,207,217,245,245,262,262,281,315,315,315,392,392,408,420,420,437,449,483,483,483,483],"floor_reached":25,"language":"ENG","playtime":1952,"items_purged":[],"score":498,"play_id":"aab81cd5-77d2-4d0a-a19e-17a72d489a85","local_time":"20210214005414","is_ascension_mode":true,"campfire_choices":[{"data":"Immolate","floor":11,"key":"SMITH"},{"floor":15,"key":"REST"},{"data":"1","floor":24,"key":"LIFT"}],"circlet_count":0,"master_deck":["AscendersBane","Strike_R","Strike_R","Defend_R","Defend_R","Defend_R","Defend_R","Bash","Battle Trance","Iron Wave","Sword Boomerang","Shrug It Off","True Grit","Immolate+1","Fire Breathing","Intimidate","Pummel","Havoc","Pain","Fiend Fire","Battle Trance+1","Exhume+1","Berserk+1","Power Through","Feel No Pain","Disarm","Reaper"],"relics":["Burning Blood","NeowsBlessing","Eternal Feather","The Courier","Girya","Incense Burner","WarpedTongs","Astrolabe","Enchiridion","Bird Faced Urn"],"acts_visited":["Exordium","TheCity"],"potions_floor_usage":[4,8,13,13,23,23,25],"damage_taken":[{"damage":0,"enemies":"2 Louse","floor":1,"turns":1},{"damage":0,"enemies":"Cultist","floor":2,"turns":1},{"damage":0,"enemies":"Jaw Worm","floor":3,"turns":1},{"damage":0,"enemies":"Large Slime","floor":4,"turns":3},{"damage":6,"enemies":"Blue Slaver","floor":5,"turns":6},{"damage":51,"enemies":"Gremlin Nob","floor":6,"turns":6},{"damage":7,"enemies":"Lots of Slimes","floor":7,"turns":2},{"damage":16,"enemies":"3 Sentries","floor":8,"turns":4},{"damage":14,"enemies":"Large Slime","floor":10,"turns":8},{"damage":1,"enemies":"Exordium Thugs","floor":12,"turns":4},{"damage":27,"enemies":"Gremlin Nob","floor":13,"turns":4},{"damage":26,"enemies":"Slime Boss","floor":16,"turns":7},{"damage":24,"enemies":"Chosen","floor":18,"turns":4},{"damage":9,"enemies":"2 Thieves","floor":19,"turns":4},{"damage":5,"enemies":"Snecko","floor":21,"turns":3},{"damage":13,"enemies":"Chosen and Byrds","floor":22,"turns":4},{"damage":21,"enemies":"Slavers","floor":23,"turns":4},{"damage":34,"enemies":"Gremlin Leader","floor":25,"turns":2}],"seed_played":"3521094097206734287","potions_obtained":[{"floor":2,"key":"AttackPotion"},{"floor":7,"key":"Explosive Potion"},{"floor":8,"key":"Ancient Potion"},{"floor":10,"key":"Dexterity Potion"},{"floor":12,"key":"SkillPotion"},{"floor":19,"key":"BloodPotion"},{"floor":22,"key":"Dexterity Potion"},{"floor":23,"key":"Swift Potion"}],"is_trial":false,"path_per_floor":["M","M","M","M","M","E","M","E","T","M","R","M","E","?","R","B",null,"M","M","?","M","M","E","R","E"],"character_chosen":"IRONCLAD","items_purchased":[],"campfire_rested":1,"item_purchase_floors":[],"current_hp_per_floor":[74,75,75,75,75,30,29,19,19,11,23,28,7,7,41,21,62,44,41,20,21,14,14,29,0,0],"gold":483,"neow_bonus":"THREE_ENEMY_KILL","is_daily":false,"chose_seed":false,"campfire_upgraded":1,"win_rate":0.0,"timestamp":1613260454,"path_taken":["M","M","M","M","M","E","M","E","T","M","R","M","E","?","R","BOSS","M","?","?","M","M","E","R","E"],"items_purchased_type":[],"build_version":"2020-12-22","purchased_purges":0,"victory":false,"max_hp_per_floor":[75,75,75,75,75,75,75,75,75,75,75,75,75,75,75,75,75,75,75,75,75,75,75,75,75,75],"relic_stats":{"counters":[18,68],"Astrolabe":["Battle Trance","Exhume","Berserk"],"Bird Faced Urn":[4],"Eternal Feather":39,"obtain_stats":[{"Girya":9,"NeowsBlessing":0,"Astrolabe":17,"Bird Faced Urn":23,"Enchiridion":20,"Eternal Feather":6,"The Courier":8,"Incense Burner":13,"Burning Blood":0,"WarpedTongs":14},{"Girya":8,"NeowsBlessing":0,"Astrolabe":12,"Bird Faced Urn":17,"Enchiridion":14,"Eternal Feather":6,"The Courier":8,"Incense Burner":11,"Burning Blood":0,"WarpedTongs":11},{"Girya":24,"NeowsBlessing":0,"Astrolabe":47,"Bird Faced Urn":66,"Enchiridion":55,"Eternal Feather":18,"The Courier":24,"Incense Burner":40,"Burning Blood":0,"WarpedTongs":40}],"Burning Blood":85,"WarpedTongs":[28]},"card_choices":[{"not_picked":["Clothesline","Blood for Blood"],"picked":"Battle Trance","floor":1},{"not_picked":["Heavy Blade","Blood for Blood"],"picked":"Iron Wave","floor":2},{"not_picked":["Entrench","Thunderclap"],"picked":"Sword Boomerang","floor":3},{"not_picked":["Seeing Red","Juggernaut"],"picked":"Shrug It Off","floor":4},{"not_picked":["Intimidate","Power Through"],"picked":"True Grit","floor":5},{"not_picked":["Havoc","Intimidate"],"picked":"Immolate","floor":6},{"not_picked":["Dual Wield","Wild Strike"],"picked":"Fire Breathing","floor":7},{"not_picked":["Battle Trance","Body Slam"],"picked":"Intimidate","floor":8},{"not_picked":["True Grit","Warcry"],"picked":"Pummel","floor":10},{"not_picked":["Rampage","Pummel","Carnage"],"picked":"SKIP","floor":12},{"not_picked":["Bloodletting","Sword Boomerang"],"picked":"Havoc","floor":13},{"not_picked":["Brutality","Immolate"],"picked":"Fiend Fire","floor":16},{"not_picked":["Hemokinesis","Combust"],"picked":"Power Through","floor":18},{"not_picked":["Warcry","Pummel","Flex"],"picked":"SKIP","floor":19},{"not_picked":["Power Through","Body Slam"],"picked":"Feel No Pain","floor":21},{"not_picked":["Body Slam","Burning Pact"],"picked":"Disarm","floor":22},{"not_picked":["Disarm","Infernal Blade"],"picked":"Reaper","floor":23}],"player_experience":631588,"relics_obtained":[{"floor":6,"key":"Eternal Feather"},{"floor":8,"key":"The Courier"},{"floor":9,"key":"Girya"},{"floor":13,"key":"Incense Burner"},{"floor":20,"key":"Enchiridion"},{"floor":23,"key":"Bird Faced Urn"}],"event_choices":[{"damage_healed":0,"gold_gain":0,"player_choice":"Rummage","damage_taken":0,"relics_obtained":["WarpedTongs"],"max_hp_gain":0,"max_hp_loss":0,"event_name":"Accursed Blacksmith","floor":14,"gold_loss":0,"cards_obtained":["Pain"]},{"damage_healed":0,"gold_gain":0,"player_choice":"Obtained Book","damage_taken":21,"max_hp_gain":0,"max_hp_loss":0,"event_name":"Cursed Tome","floor":20,"gold_loss":0}],"is_beta":false,"boss_relics":[{"not_picked":["Ectoplasm","Runic Cube"],"picked":"Astrolabe"}],"items_purged_floors":[],"is_endless":false,"potions_floor_spawned":[2,7,8,10,12,19,22,23],"killed_by":"Gremlin Leader","ascension_level":20}}