{"host":"xjj3c712op3vq4z0","time":1613253171,"event":{"mods":["BaseMod","Challenge The Spire","Curses Come First","Highlight Path","Minty Spire (QoL Compilation)","Permanent Neow","Quick Restart","Relic Stats","StSLib","Weighted Paths"],"gold_per_floor":[136,189,189,247,300,300,347,347,347,347,407,407,446,488,488,564,564,605,605,25,38,38,97,139,195,247,281,293,430,465,37,37,110,110,125,125,170,170,211,270,270,296,349,76,76,106,120,147,147,147,172,172,172,1,1,1],"floor_reached":55,"language":"ENG","playtime":2035,"items_purged":["Strike_R+1","Blade Dance"],"score":2227,"play_id":"0ebfb1ce-122d-4f31-9e63-d471d761946e","local_time":"20210213225251","is_ascension_mode":true,"campfire_choices":[{"floor":6.0,"key":"REST"},{"data":"HandOfGreed","floor":8.0,"key":"SMITH"},{"floor":10.0,"key":"REST"},{"data":"Demon Form","floor":12.0,"key":"SMITH"},{"data":"Heavy Blade","floor":15.0,"key":"SMITH"},{"data":"Mayhem","floor":28.0,"key":"SMITH"},{"data":"Double Tap","floor":32.0,"key":"SMITH"},{"floor":41.0,"key":"RECALL"},{"data":"Blasphemy","floor":49.0,"key":"SMITH"},{"data":"Shockwave","floor":53.0,"key":"SMITH"}],"circlet_count":0,"master_deck":["AscendersBane","Strike_R+1","Strike_R+1","Strike_R+1","Defend_R+1","Defend_R+1","Defend_R+1","Defend_R+1","Bash+1","HandOfGreed+1","Spot Weakness+1","Headbutt","Heavy Blade+1","Demon Form+1","Bloodletting+1","Shockwave+1","Cleave","Double Tap+1","Battle Trance","Consecrate+1","Mayhem+1","Blasphemy+1","Iron Wave+1","Riddle With Holes","FlyingSleeves","Backflip+1","Reprogram+1"],"relics":["Burning Blood","Anchor","Meat on the Bone","Nunchaku","Toy Ornithopter","Velvet Choker","Orichalcum","Pen Nib","PrismaticShard","Bronze Scales","Prayer Wheel","Vajra","MawBank","Girya","HornCleat","Kunai","Whetstone","Busted Crown","Ancient Tea Set","MealTicket","Juzu Bracelet","War Paint","Toxic Egg 2","Bag of Preparation","Lee\u0027s Waffle"],"acts_visited":["Exordium","TheCity","TheBeyond","TheEnding"],"potions_floor_usage":[],"damage_taken":[{"damage":7.0,"enemies":"Jaw Worm","floor":1.0,"turns":2.0},{"damage":5.0,"enemies":"Small Slimes","floor":2.0,"turns":4.0},{"damage":6.0,"enemies":"2 Louse","floor":4.0,"turns":3.0},{"damage":5.0,"enemies":"Lots of Slimes","floor":5.0,"turns":5.0},{"damage":35.0,"enemies":"Lagavulin","floor":7.0,"turns":6.0},{"damage":36.0,"enemies":"Gremlin Nob","floor":11.0,"turns":4.0},{"damage":1.0,"enemies":"2 Fungi Beasts","floor":13.0,"turns":4.0},{"damage":0.0,"enemies":"Looter","floor":14.0,"turns":2.0},{"damage":31.0,"enemies":"Slime Boss","floor":16.0,"turns":6.0},{"damage":9.0,"enemies":"Chosen","floor":18.0,"turns":3.0},{"damage":19.0,"enemies":"3 Byrds","floor":21.0,"turns":5.0},{"damage":10.0,"enemies":"Slavers","floor":23.0,"turns":6.0},{"damage":2.0,"enemies":"3 Cultists","floor":24.0,"turns":3.0},{"damage":30.0,"enemies":"Gremlin Leader","floor":25.0,"turns":4.0},{"damage":19.0,"enemies":"Book of Stabbing","floor":27.0,"turns":3.0},{"damage":1.0,"enemies":"Colosseum Slavers","floor":29.0,"turns":2.0},{"damage":2.0,"enemies":"Colosseum Nobs","floor":29.0,"turns":3.0},{"damage":8.0,"enemies":"Automaton","floor":33.0,"turns":6.0},{"damage":0.0,"enemies":"3 Darklings","floor":35.0,"turns":2.0},{"damage":0.0,"enemies":"3 Shapes","floor":37.0,"turns":4.0},{"damage":0.0,"enemies":"Maw","floor":39.0,"turns":4.0},{"damage":0.0,"enemies":"Reptomancer","floor":40.0,"turns":2.0},{"damage":3.0,"enemies":"Giant Head","floor":42.0,"turns":4.0},{"damage":0.0,"enemies":"Nemesis","floor":46.0,"turns":3.0},{"damage":3.0,"enemies":"Jaw Worm Horde","floor":47.0,"turns":2.0},{"damage":28.0,"enemies":"Giant Head","floor":48.0,"turns":5.0},{"damage":23.0,"enemies":"Time Eater","floor":50.0,"turns":4.0},{"damage":26.0,"enemies":"Awakened One","floor":51.0,"turns":7.0},{"damage":80,"enemies":"Shield and Spear","floor":55,"turns":3}],"seed_played":"-4064297198435270980","potions_obtained":[{"floor":4.0,"key":"ColorlessPotion"},{"floor":7.0,"key":"Fire Potion"},{"floor":11.0,"key":"FearPotion"},{"floor":21.0,"key":"Explosive Potion"},{"floor":25.0,"key":"Fire Potion"},{"floor":27.0,"key":"ElixirPotion"},{"floor":37.0,"key":"Swift Potion"},{"floor":42.0,"key":"ColorlessPotion"}],"is_trial":false,"path_per_floor":["M","M","?","M","M","R","E","R","T","R","E","R","M","M","R","B",null,"M","?","$","M","?","E","M","E","T","E","R","?","T","$","R","B",null,"M","$","M","?","M","E","R","E","T","$","?","E","M","E","R","B","B",null,"R","$","E"],"character_chosen":"IRONCLAD","items_purchased":["Orichalcum","Pen Nib","PrismaticShard","Kunai","Whetstone","War Paint","Lee\u0027s Waffle"],"campfire_rested":2,"item_purchase_floors":[20,20,20,31,31,44,54],"current_hp_per_floor":[49,50,32,32,33,55,26,26,26,48,30,30,47,58,58,45,68,65,65,65,52,52,53,57,45,45,49,49,63,63,63,63,61,72,75,75,75,75,75,75,75,75,75,75,71,71,71,49,49,49,46,65,65,78,0,0],"gold":1,"neow_bonus":"RANDOM_COLORLESS_2","is_daily":false,"chose_seed":false,"campfire_upgraded":7,"win_rate":0.0,"timestamp":1613253171,"path_taken":["M","M","?","M","M","R","E","R","T","R","E","R","M","M","R","BOSS","M","?","$","M","?","E","M","E","T","E","R","?","?","$","R","BOSS","M","?","M","?","M","E","R","E","T","$","?","E","M","E","R","BOSS","BOSS","R","$","E"],"items_purchased_type":["Relic","Relic","Relic","Relic","Relic","Relic","Relic"],"build_version":"2020-12-22","purchased_purges":2,"victory":false,"max_hp_per_floor":[75,75,75,75,75,75,75,75,75,75,75,75,75,75,75,75,75,75,75,75,75,75,75,75,75,75,75,75,75,75,75,75,75,75,75,75,75,75,75,75,75,75,75,75,71,71,71,71,71,71,71,71,71,78,78,78],"relic_stats":{"Lee\u0027s Waffle":7,"counters":[29,111],"Pen Nib":[14],"Juzu Bracelet":0,"Bag of Preparation":[6],"Whetstone":["Bash","Consecrate"],"Orichalcum":[84],"War Paint":["Spot Weakness","Bloodletting"],"MawBank":48,"Burning Blood":135,"Nunchaku":[16],"Busted Crown":24,"Bronze Scales":[145],"Prayer Wheel":4,"MealTicket":6,"Kunai":[16],"obtain_stats":[{"Vajra":26,"Juzu Bracelet":43,"Bag of Preparation":48,"Whetstone":31,"PrismaticShard":20,"Ancient Tea Set":40,"Burning Blood":0,"Nunchaku":9,"HornCleat":29,"Prayer Wheel":25,"MealTicket":42,"Kunai":31,"Toxic Egg 2":46,"Girya":29,"Lee\u0027s Waffle":54,"Velvet Choker":17,"Pen Nib":20,"Orichalcum":20,"War Paint":44,"MawBank":27,"Anchor":3,"Busted Crown":34,"Bronze Scales":23,"Toy Ornithopter":11,"Meat on the Bone":7},{"Vajra":14,"Juzu Bracelet":23,"Bag of Preparation":26,"Whetstone":17,"PrismaticShard":10,"Ancient Tea Set":22,"Burning Blood":0,"Nunchaku":5,"HornCleat":17,"Prayer Wheel":14,"MealTicket":23,"Kunai":17,"Toxic Egg 2":24,"Girya":17,"Lee\u0027s Waffle":28,"Velvet Choker":9,"Pen Nib":10,"Orichalcum":10,"War Paint":23,"MawBank":15,"Anchor":2,"Busted Crown":18,"Bronze Scales":12,"Toy Ornithopter":6,"Meat on the Bone":5},{"Vajra":57,"Juzu Bracelet":87,"Bag of Preparation":97,"Whetstone":65,"PrismaticShard":39,"Ancient Tea Set":83,"Burning Blood":0,"Nunchaku":20,"HornCleat":65,"Prayer Wheel":57,"MealTicket":87,"Kunai":65,"Toxic Egg 2":90,"Girya":65,"Lee\u0027s Waffle":108,"Velvet Choker":36,"Pen Nib":39,"Orichalcum":39,"War Paint":87,"MawBank":60,"Anchor":6,"Busted Crown":71,"Bronze Scales":50,"Toy Ornithopter":24,"Meat on the Bone":20}],"Toy Ornithopter":30,"Meat on the Bone":84},"card_choices":[{"not_picked":["Secret Weapon","Transmutation"],"picked":"HandOfGreed","floor":0.0},{"not_picked":["Fire Breathing","Dark Embrace"],"picked":"Spot Weakness","floor":1.0},{"not_picked":["Dropkick","Bloodletting"],"picked":"Headbutt","floor":2.0},{"not_picked":["Rampage","Iron Wave"],"picked":"Heavy Blade","floor":4.0},{"not_picked":["Ghostly Armor","Warcry"],"picked":"Demon Form","floor":5.0},{"not_picked":["Dropkick","Rage"],"picked":"Bloodletting","floor":7.0},{"not_picked":["Perfected Strike","Body Slam","Flex"],"picked":"SKIP","floor":11.0},{"not_picked":["Headbutt","Fire Breathing"],"picked":"Shockwave","floor":13.0},{"not_picked":["Blood for Blood","Warcry"],"picked":"Cleave","floor":14.0},{"not_picked":["Offering","Exhume"],"picked":"Double Tap","floor":16.0},{"not_picked":["Flame Barrier","Anger"],"picked":"Battle Trance","floor":18.0},{"not_picked":["Twin Strike","Cleave","Caltrops"],"picked":"SKIP","floor":21.0},{"not_picked":["Sadistic Nature","Spot Weakness"],"picked":"Consecrate","floor":23.0},{"not_picked":["Carnage","Flex","Dagger Throw"],"picked":"SKIP","floor":24.0},{"not_picked":["WindmillStrike+1","Scrape"],"picked":"Blade Dance","floor":25.0},{"not_picked":["Trip","Blizzard"],"picked":"Mayhem","floor":27.0},{"not_picked":["Omniscience","Judgement"],"picked":"Blasphemy","floor":33.0},{"not_picked":[],"picked":"Iron Wave+1","floor":35.0},{"not_picked":["Purity+1"],"picked":"SKIP","floor":35.0},{"not_picked":[],"picked":"Riddle With Holes","floor":37.0},{"not_picked":["Havoc"],"picked":"SKIP","floor":37.0},{"not_picked":[],"picked":"FlyingSleeves","floor":39.0},{"not_picked":["ThirdEye"],"picked":"SKIP","floor":39.0},{"not_picked":["Double Tap"],"picked":"SKIP","floor":40.0},{"not_picked":[],"picked":"Backflip+1","floor":42.0},{"not_picked":["Indignation+1"],"picked":"SKIP","floor":46.0},{"not_picked":[],"picked":"Reprogram+1","floor":47.0},{"not_picked":["Streamline"],"picked":"SKIP","floor":47.0},{"not_picked":["Perfected Strike"],"picked":"SKIP","floor":48.0}],"player_experience":643725,"relics_obtained":[{"floor":7.0,"key":"Meat on the Bone"},{"floor":9.0,"key":"Nunchaku"},{"floor":11.0,"key":"Toy Ornithopter"},{"floor":23.0,"key":"Bronze Scales"},{"floor":25.0,"key":"Prayer Wheel"},{"floor":26.0,"key":"Vajra"},{"floor":27.0,"key":"MawBank"},{"floor":29.0,"key":"Girya"},{"floor":29.0,"key":"HornCleat"},{"floor":40.0,"key":"Ancient Tea Set"},{"floor":42.0,"key":"MealTicket"},{"floor":43.0,"key":"Juzu Bracelet"},{"floor":46.0,"key":"Toxic Egg 2"},{"floor":48.0,"key":"Bag of Preparation"}],"event_choices":[{"damage_healed":0.0,"max_hp_gain":0.0,"max_hp_loss":0.0,"gold_gain":0.0,"event_name":"Scrap Ooze","player_choice":"Success","floor":3.0,"gold_loss":0.0,"damage_taken":18.0,"relics_obtained":["Anchor"]},{"damage_healed":0.0,"max_hp_gain":0.0,"max_hp_loss":0.0,"gold_gain":0.0,"event_name":"Back to Basics","player_choice":"Simplicity","floor":19.0,"gold_loss":0.0,"damage_taken":0.0,"cards_upgraded":["Strike_R","Strike_R","Strike_R","Strike_R","Strike_R","Defend_R","Defend_R","Defend_R","Defend_R"]},{"damage_healed":0.0,"max_hp_gain":0.0,"max_hp_loss":0.0,"gold_gain":0.0,"event_name":"Colosseum","player_choice":"Fight","floor":29.0,"gold_loss":0.0,"damage_taken":0.0},{"damage_healed":0.0,"max_hp_gain":0.0,"max_hp_loss":0.0,"gold_gain":0.0,"event_name":"Colosseum","player_choice":"Fought Nobs","floor":29.0,"gold_loss":0.0,"damage_taken":0.0},{"cards_removed":["Strike_R"],"damage_healed":0.0,"max_hp_gain":0.0,"max_hp_loss":0.0,"gold_gain":0.0,"event_name":"Falling","player_choice":"Removed Attack","floor":38.0,"gold_loss":0.0,"damage_taken":0.0},{"damage_healed":0.0,"max_hp_gain":0.0,"max_hp_loss":4.0,"gold_gain":0.0,"event_name":"Winding Halls","player_choice":"Max HP","floor":45.0,"gold_loss":0.0,"damage_taken":0.0}],"is_beta":false,"boss_relics":[{"not_picked":["Black Blood","Pandora\u0027s Box"],"picked":"Velvet Choker"},{"not_picked":["Cursed Key","Tiny House"],"picked":"Busted Crown"}],"items_purged_floors":[20,44],"is_endless":false,"potions_floor_spawned":[4,7,11,13,21,25,27,37,42,47,48],"killed_by":"Shield and Spear","ascension_level":20}}