{"host":"px2oznrenyeljk7o","time":1613212941,"event":{"mods":["100% Spire Juice","2.2 Compatiblity","A Penny For Your Troubles","AchievementEnabler","Act Like it!","Arknights","Aspiration","Astrologer","BaseMod","Better Altar","Better Match","Better Note","Better Sensory Stone","Better Skull","Better Third Choice","BetterRewards","Bossed Relics","ChefMod","Colored Map","Conspire","Curses Come First","Energized Spire","Evolution","Fireblade Mod","Fox Events","GifTheSpireLib","GungeonMod","Hermit","KinomotoSakuraMod(????)","Koishi","LagranYue(???·?)","Lobotomy","LobotomyExtend","Luminous","Marisa????????","Minty Spire (QoL Compilation)","Nova Terra(??·??)","Poor People Problems","Potionbrewer","Random Character Button","Rare Cards Sparkle","Reimu??????","Reliquary","Replay The Spire","Robot Space Explorer","Shade Mod","Small Relic Pack","Somnambulant","Spicy Shops","StSLib","Stuff the Spire","The Administrix","The Alterego","The Animator","The Blackbeard","The Blue Laboratory","The Bug Knight","The Clintock","The Construct","The Cursed","The Death Knight","The Disciple","The Florist","The Gatherer","The Hayseed","The Hierophant","The Jungle","The Marked","The Mystic","The Runesmith","The Servant 0.9.4","The Trickster","TheFirefly","TheSurvivalist","TheWitcher","WarShipGirlsR/????R mod","Wide Potions","Yakumo Yukari mod","Yuri Mod","everything is the same but u backflip on backflip","slay the spire mod where everything is the same but ironclad has a cowboy hat","??????REMEMod"],"gold_per_floor":[115,125,53,70,86,112,112,112,136,153,153,153,168,185,185,287,287,287,303,303,313,328,357,370,383,383,383,383,383,383,410,410,506,506,521,501,140,152,172,172,172],"floor_reached":40,"language":"ENG","playtime":4157,"items_purged":[],"score":530,"play_id":"b82d200e-ecb4-44ee-9fc8-647e8401b6d4","local_time":"20210213114221","is_ascension_mode":false,"campfire_choices":[{"data":"rmod:basicallowance","floor":11.0,"key":"SMITH"},{"floor":15.0,"key":"REST"},{"floor":27.0,"key":"REST"},{"floor":30.0,"key":"REST"},{"floor":32.0,"key":"REST"}],"circlet_count":0,"master_deck":["rmod:strick","rmod:strick","rmod:strick","rmod:strick","rmod:defend","rmod:defend","rmod:defend","rmod:defend","rmod:basicallowance+1","rmod:maingunfire","rmod:fletcherpendant","rmod:salvage","rmod:diamondstrike","rmod:fletcherpendant","rmod:steelsupply","rmod:ammunitionsupply","rmod:firesupport","rmod:diamondstrike","rmod:robin","rmod:tearstotiara","rmod:goodsister","rmod:steelsupply","rmod:unsinkable","rmod:rockthrower+1","rmod:ring","rmod:victimresponsibility","rmod:desperatesituation","rmod:tearstotiara","rmod:firesupport","rmod:supportaircraftcarrier+1","rmod:supportescort","rmod:garrisonisland","rmod:supportescort","DeathKnight:BoneShield+1","rmod:maintain","rmod:fletcherpendant","rmod:secretscript","rmod:wife+1","REME_PuzzleBox","rmod:luckystar","Enlightenment","rmod:aluminumsupply","rmod:heivgo","rmod:generalist"],"relics":["rmod:firstchargereward","EVO:Axolotl","REME_ComplimentaryCards","LagranYue:RandomDrawCardRelic","potionbrewer:Torch","LetterFromLob","reliquary:Boomerang","Regal Pillow","Pandora\u0027s Box","LaetitiaHeart","Pet Ghost","relicPack:DSword","reliquary:RedPaperclip"],"acts_visited":["Exordium","TheCity","TheBeyond"],"potions_floor_usage":[],"damage_taken":[{"damage":0.0,"enemies":"Cultist","floor":1.0,"turns":4.0},{"damage":1.0,"enemies":"2 Louse","floor":2.0,"turns":3.0},{"damage":0.0,"enemies":"ats:Genji","floor":4.0,"turns":3.0},{"damage":0.0,"enemies":"3 Louse","floor":5.0,"turns":3.0},{"damage":17.0,"enemies":"Lagavulin","floor":6.0,"turns":5.0},{"damage":0.0,"enemies":"Blue Slaver","floor":10.0,"turns":2.0},{"damage":0.0,"enemies":"Gremlin Gang","floor":13.0,"turns":1.0},{"damage":0.0,"enemies":"3 Louse","floor":14.0,"turns":3.0},{"damage":63.0,"enemies":"The Guardian","floor":16.0,"turns":9.0},{"damage":14.0,"enemies":"2 Thieves","floor":19.0,"turns":4.0},{"damage":0.0,"enemies":"Chosen","floor":21.0,"turns":3.0},{"damage":3.0,"enemies":"Sentry and Sphere","floor":22.0,"turns":4.0},{"damage":0.0,"enemies":"Replay:Snechameleon","floor":23.0,"turns":6.0},{"damage":20.0,"enemies":"Snake Plant","floor":24.0,"turns":5.0},{"damage":2.0,"enemies":"Centurion and Healer","floor":25.0,"turns":4.0},{"damage":17.0,"enemies":"conspire:SneckoGhost","floor":31.0,"turns":6.0},{"damage":3.0,"enemies":"conspire:MysteriousRune","floor":33.0,"turns":5.0},{"damage":4.0,"enemies":"Orb Walker","floor":35.0,"turns":3.0},{"damage":0.0,"enemies":"3 Darklings","floor":38.0,"turns":3.0},{"damage":17.0,"enemies":"Sphere and 2 Shapes","floor":39.0,"turns":4.0},{"damage":69,"enemies":"Reptomancer","floor":40,"turns":3}],"seed_played":"-6856777260049945827","potions_obtained":[{"floor":4.0,"key":"Explosive Potion"},{"floor":13.0,"key":"Adrenaline Potion"},{"floor":14.0,"key":"blueLaboratory:FrostheartPotion"},{"floor":16.0,"key":"LifebloodPotion"},{"floor":21.0,"key":"potionbrewer:QuicksilverPotion"},{"floor":22.0,"key":"DemoMod:LeadSkinPotion"},{"floor":24.0,"key":"blueLaboratory:HorrorPotion"},{"floor":31.0,"key":"ZuzhouPotion:ReiMu"},{"floor":35.0,"key":"REME_GoldPotion"},{"floor":36.0,"key":"blueLaboratory:ArtificerPotion"}],"is_trial":false,"path_per_floor":["M","M","$","M","M","E","?","?","T","M","R","?","M","M","R","B",null,"M","M","?","M","M","E","M","M","T","R","?","?","R","E","R","B",null,"M","?","$","M","M","E"],"character_chosen":"PRAEFECT","items_purchased":["rmod:diamondstrike","REME_PuzzleBox","rmod:luckystar","Enlightenment","rmod:aluminumsupply"],"campfire_rested":4,"item_purchase_floors":[3,37,37,37,37],"current_hp_per_floor":[75,74,74,76,76,59,59,67,67,67,67,67,67,67,77,14,77,77,63,77,77,74,84,64,62,62,87,87,52,87,70,87,84,87,83,83,83,83,66,0,0],"gold":172,"neow_bonus":"RANDOM_COMMON_RELIC","is_daily":false,"chose_seed":false,"campfire_upgraded":1,"win_rate":0.0,"timestamp":1613212941,"path_taken":["M","M","?","M","M","E","?","?","T","M","R","?","M","M","R","BOSS","M","M","?","M","M","E","M","?","T","R","?","?","R","E","R","BOSS","M","?","$","?","M","E"],"items_purchased_type":["Card","Card","Card","Card","Card"],"build_version":"2020-12-22","purchased_purges":0,"victory":false,"max_hp_per_floor":[75,75,75,77,77,77,77,77,77,77,77,77,77,77,77,77,77,77,77,77,77,77,87,87,87,87,87,87,87,87,87,87,87,87,87,87,87,87,87,87,87],"card_choices":[{"not_picked":["rmod:chargemoney","rmod:diamondstrike"],"picked":"rmod:fletcherpendant","floor":1.0},{"not_picked":["rmod:tearstotiara","rmod:fuelsupply"],"picked":"rmod:salvage","floor":2.0},{"not_picked":["rmod:fletcherpendant","rmod:advancebysurprise"],"picked":"rmod:steelsupply","floor":4.0},{"not_picked":["rmod:ridicule","rmod:diaomin"],"picked":"rmod:ammunitionsupply","floor":5.0},{"not_picked":["rmod:wolves","rmod:circuitoustactics"],"picked":"rmod:firesupport","floor":6.0},{"not_picked":["rmod:aviationdawn","rmod:supportescort"],"picked":"rmod:unsinkable","floor":10.0},{"not_picked":["rmod:circuitoustactics","rmod:fletcherpendant"],"picked":"rmod:ring","floor":13.0},{"not_picked":["rmod:aviationdawn","rmod:spoils"],"picked":"rmod:victimresponsibility","floor":14.0},{"not_picked":["rmod:u235","rmod:expeditionaryescort"],"picked":"rmod:desperatesituation","floor":16.0},{"not_picked":["rmod:victimresponsibility","rmod:salvage"],"picked":"rmod:tearstotiara","floor":19.0},{"not_picked":["rmod:victimresponsibility","rmod:smokecover"],"picked":"rmod:firesupport","floor":21.0},{"not_picked":["rmod:steelsupply+1","rmod:ammunitionsupply"],"picked":"rmod:supportaircraftcarrier+1","floor":22.0},{"not_picked":["rmod:stealaluminum","rmod:capitalist"],"picked":"rmod:supportescort","floor":23.0},{"not_picked":["rmod:victimresponsibility","rmod:aviationdawn"],"picked":"rmod:garrisonisland","floor":24.0},{"not_picked":["rmod:victimresponsibility","rmod:salvage+1"],"picked":"rmod:supportescort","floor":25.0},{"not_picked":["rmod:victimresponsibility","rmod:steelsupply"],"picked":"rmod:maintain","floor":31.0},{"not_picked":["rmod:u235","rmod:ridicule"],"picked":"rmod:secretscript","floor":33.0},{"not_picked":["rmod:tearstotiara+1","rmod:aggressivemary+1"],"picked":"rmod:wife+1","floor":35.0},{"not_picked":["rmod:aluminumsupply","rmod:goodfighter+1"],"picked":"rmod:heivgo","floor":38.0},{"not_picked":["rmod:fletcherpendant","rmod:unsinkable"],"picked":"rmod:generalist","floor":39.0}],"player_experience":617952,"relics_obtained":[{"floor":1.0,"key":"LetterFromLob"},{"floor":6.0,"key":"reliquary:Boomerang"},{"floor":9.0,"key":"Regal Pillow"},{"floor":23.0,"key":"Pear"},{"floor":26.0,"key":"Pet Ghost"},{"floor":31.0,"key":"Bag of Marbles"}],"event_choices":[{"cards_removed":["blackbeard:Provisioning"],"damage_healed":14.0,"max_hp_gain":0.0,"max_hp_loss":0.0,"gold_gain":0.0,"event_name":"Bonfire Elementals","player_choice":"Offered Uncommon","floor":20.0,"gold_loss":0.0,"damage_taken":0.0},{"cards_removed":["rmod:diamondstrike"],"damage_healed":0.0,"max_hp_gain":0.0,"max_hp_loss":0.0,"gold_gain":0.0,"event_name":"betterNote:BetterNote","player_choice":"Take \u0026 Give","floor":28.0,"gold_loss":0.0,"damage_taken":0.0,"cards_obtained":["DeathKnight:BoneShield"]},{"damage_healed":0.0,"max_hp_gain":0.0,"max_hp_loss":0.0,"gold_gain":0.0,"event_name":"The Woman in Blue","player_choice":"Bought 1 Potion","floor":36.0,"gold_loss":0.0,"damage_taken":0.0}],"is_beta":false,"boss_relics":[{"not_picked":["energizedSpire:MagnifyingGlass","Runesmith:UraniumAnvil"],"picked":"Pandora\u0027s Box"},{"not_picked":["energizedSpire:DeadBattery","Replay:Ancient Bell"],"picked":"reliquary:RedPaperclip"}],"items_purged_floors":[],"is_endless":false,"potions_floor_spawned":[4,10,13,14,16,21,22,24,31,35],"killed_by":"Reptomancer","ascension_level":0}}