{"host":"dg9bmj64xsaxvoc5","time":1613198701,"event":{"mods":["AchievementEnabler","BaseMod","Highlight Path","Minty Spire (QoL Compilation)","Quick Restart","Relic Stats"],"gold_per_floor":[110,110,130,130,205,205,225,225,270,270,288,309,353,390,402,414,414],"floor_reached":16,"language":"ENG","playtime":335,"items_purged":[],"score":102,"play_id":"e4591ac0-722b-4363-8d58-c7d06c41895c","local_time":"20210213014501","is_ascension_mode":false,"campfire_choices":[{"data":"Pummel","floor":6,"key":"SMITH"},{"data":"Thunderclap","floor":8,"key":"SMITH"},{"floor":15,"key":"REST"}],"circlet_count":0,"master_deck":["Strike_R","Strike_R","Strike_R","Strike_R","Strike_R","Defend_R","Defend_R","Defend_R+1","Defend_R","Bash","Thunderclap+1","Pummel+1","Thunderclap","Spot Weakness","Hemokinesis","Clash"],"relics":["Burning Blood","NeowsBlessing","Golden Idol","Vajra","Gambling Chip","MawBank"],"acts_visited":["Exordium"],"potions_floor_usage":[13,16,16,16,16,16],"damage_taken":[{"damage":0,"enemies":"Small Slimes","floor":1,"turns":1},{"damage":0,"enemies":"2 Louse","floor":3,"turns":1},{"damage":0,"enemies":"Jaw Worm","floor":7,"turns":1},{"damage":20,"enemies":"Gremlin Gang","floor":11,"turns":4},{"damage":12,"enemies":"Blue Slaver","floor":12,"turns":2},{"damage":18,"enemies":"Lagavulin","floor":13,"turns":5},{"damage":9,"enemies":"2 Fungi Beasts","floor":14,"turns":2},{"damage":44,"enemies":"The Guardian","floor":16,"turns":8}],"seed_played":"2047703412448691352","potions_obtained":[{"floor":7,"key":"LiquidMemories"},{"floor":13,"key":"BlessingOfTheForge"},{"floor":14,"key":"EntropicBrew"}],"is_trial":false,"path_per_floor":["M","?","M","?","?","R","M","R","T","T","M","M","E","M","R","B"],"character_chosen":"IRONCLAD","items_purchased":[],"campfire_rested":1,"item_purchase_floors":[],"current_hp_per_floor":[80,80,80,60,49,49,55,55,55,55,41,35,23,20,44,0,0],"gold":414,"neow_bonus":"THREE_ENEMY_KILL","is_daily":false,"chose_seed":false,"campfire_upgraded":2,"win_rate":0.0,"timestamp":1613198701,"path_taken":["M","?","M","?","?","R","M","R","T","?","M","?","E","?","R","BOSS"],"items_purchased_type":[],"build_version":"2020-12-22","purchased_purges":0,"victory":false,"max_hp_per_floor":[80,80,80,80,80,80,80,80,80,80,80,80,80,80,80,80,80],"relic_stats":{"counters":[8,24],"Golden Idol":26,"Gambling Chip":[0],"MawBank":36,"obtain_stats":[{"NeowsBlessing":0,"Golden Idol":4,"Gambling Chip":10,"Vajra":9,"MawBank":13,"Burning Blood":0},{"NeowsBlessing":0,"Golden Idol":2,"Gambling Chip":3,"Vajra":3,"MawBank":6,"Burning Blood":0},{"NeowsBlessing":0,"Golden Idol":2,"Gambling Chip":3,"Vajra":3,"MawBank":14,"Burning Blood":0}],"Burning Blood":30},"card_choices":[{"not_picked":["Evolve","Shockwave"],"picked":"Thunderclap","floor":1},{"not_picked":["Pommel Strike","Reckless Charge"],"picked":"Pummel","floor":3},{"not_picked":["Second Wind","True Grit","Warcry"],"picked":"SKIP","floor":7},{"not_picked":["Evolve","Iron Wave"],"picked":"Thunderclap","floor":11},{"not_picked":["True Grit","Rupture"],"picked":"Spot Weakness","floor":12},{"not_picked":["Shrug It Off","Rupture"],"picked":"Hemokinesis","floor":13},{"not_picked":["Pommel Strike","True Grit"],"picked":"Clash","floor":14}],"player_experience":6327,"relics_obtained":[{"floor":9,"key":"Vajra"},{"floor":10,"key":"Gambling Chip"},{"floor":13,"key":"MawBank"}],"event_choices":[{"damage_healed":0,"gold_gain":0,"player_choice":"Grow","damage_taken":0,"max_hp_gain":0,"max_hp_loss":0,"event_name":"Living Wall","floor":2,"gold_loss":0,"cards_upgraded":["Defend_R"]},{"damage_healed":0,"gold_gain":0,"player_choice":"Take Damage","damage_taken":20,"relics_obtained":["Golden Idol"],"max_hp_gain":0,"max_hp_loss":0,"event_name":"Golden Idol","floor":4,"gold_loss":0},{"damage_healed":0,"gold_gain":75,"player_choice":"Gather Gold","damage_taken":11,"max_hp_gain":0,"max_hp_loss":0,"event_name":"World of Goop","floor":5,"gold_loss":0}],"is_beta":false,"boss_relics":[],"items_purged_floors":[],"is_endless":false,"potions_floor_spawned":[7,13,14],"killed_by":"The Guardian","ascension_level":0}}