{"host":"gnzlh62i2jn8yl8d","time":1613220654,"event":{"mods":["AchievementEnabler","BaseMod","Keyboard Shortcuts","Minty Spire (QoL Compilation)","SuperFastMode","everything is the same but u backflip on backflip"],"gold_per_floor":[116,133,133,152,152,166,166,166,166,197,197,225,246,265,265,361,361,380,380,432,449,459,487,487,497,497,511,511,511],"floor_reached":28,"language":"KOR","playtime":1728,"items_purged":[],"score":275,"play_id":"7e7b83f0-6f50-438a-ac8d-096cc34da398","local_time":"20210213215054","is_ascension_mode":true,"campfire_choices":[{"data":"Thunderclap","floor":7.0,"key":"SMITH"},{"data":"Armaments","floor":11.0,"key":"SMITH"},{"floor":15.0,"key":"REST"},{"floor":24,"key":"REST"}],"circlet_count":0,"master_deck":["Bash","Thunderclap+1","Reckless Charge","Armaments+1","Headbutt","Armaments+1","Carnage","Shockwave+1","Armaments+1","Immolate","Battle Trance+1","Bludgeon","Thunderclap","Reaper","Wild Strike","Anger","Heavy Blade","Bludgeon","Rampage+1","Power Through+1","Sentinel+1","Ghostly Armor+1","Shrug It Off+1","Thunderclap"],"relics":["Burning Blood","NeowsBlessing","Tiny Chest","Toxic Egg 2","Darkstone Periapt","Odd Mushroom","Pandora\u0027s Box","Dream Catcher","Pen Nib","The Courier"],"acts_visited":["Exordium","TheCity"],"potions_floor_usage":[21,23,23],"damage_taken":[{"damage":0.0,"enemies":"Small Slimes","floor":1.0,"turns":1.0},{"damage":0.0,"enemies":"Jaw Worm","floor":2.0,"turns":1.0},{"damage":0.0,"enemies":"2 Louse","floor":4.0,"turns":1.0},{"damage":9.0,"enemies":"2 Fungi Beasts","floor":6.0,"turns":3.0},{"damage":10.0,"enemies":"Gremlin Nob","floor":10.0,"turns":3.0},{"damage":13.0,"enemies":"3 Sentries","floor":12.0,"turns":7.0},{"damage":23.0,"enemies":"The Mushroom Lair","floor":13.0,"turns":4.0},{"damage":5.0,"enemies":"Red Slaver","floor":14.0,"turns":3.0},{"damage":23.0,"enemies":"Slime Boss","floor":16.0,"turns":8.0},{"damage":28.0,"enemies":"2 Thieves","floor":18.0,"turns":3.0},{"damage":11,"enemies":"Spheric Guardian","floor":21,"turns":3},{"damage":22,"enemies":"Shelled Parasite and Fungi","floor":22,"turns":4},{"damage":49,"enemies":"Slavers","floor":23,"turns":6},{"damage":11,"enemies":"Snecko","floor":25,"turns":4},{"damage":13,"enemies":"Cultist and Chosen","floor":27,"turns":6}],"seed_played":"3478490744109206332","potions_obtained":[{"floor":1.0,"key":"Swift Potion"},{"floor":2.0,"key":"Weak Potion"},{"floor":13.0,"key":"Swift Potion"},{"floor":14.0,"key":"DuplicationPotion"},{"floor":27,"key":"BlessingOfTheForge"}],"is_trial":false,"path_per_floor":["M","M","?","M","?","M","R","?","T","E","R","E","?","M","R","B",null,"M","?","T","M","M","E","R","M","T","M","?"],"character_chosen":"IRONCLAD","items_purchased":[],"campfire_rested":2,"item_purchase_floors":[],"current_hp_per_floor":[80,80,80,80,80,77,77,61,61,57,57,50,33,34,58,41,80,61,61,61,56,40,9,33,34,34,31,22,22],"gold":511,"neow_bonus":"THREE_ENEMY_KILL","is_daily":false,"chose_seed":false,"campfire_upgraded":2,"win_rate":0.0,"timestamp":1613220654,"path_taken":["M","M","?","M","?","M","R","?","T","E","R","E","?","?","R","BOSS","M","?","?","M","M","E","R","M","T","M","?"],"items_purchased_type":[],"build_version":"2020-12-22","purchased_purges":0,"victory":false,"max_hp_per_floor":[80,80,80,80,80,80,80,80,80,80,80,80,80,80,80,80,80,80,80,80,80,80,80,80,80,80,80,80,80],"card_choices":[{"not_picked":["Havoc","Pummel"],"picked":"Thunderclap","floor":1.0},{"not_picked":["Sword Boomerang","Second Wind"],"picked":"Reckless Charge","floor":2.0},{"not_picked":["Iron Wave","Heavy Blade"],"picked":"Armaments","floor":4.0},{"not_picked":["Armaments","Searing Blow"],"picked":"Headbutt","floor":6.0},{"not_picked":["Dual Wield+1","Juggernaut"],"picked":"Armaments+1","floor":10.0},{"not_picked":["Headbutt","Cleave"],"picked":"Carnage","floor":12.0},{"not_picked":["Sever Soul","Rampage"],"picked":"Shockwave+1","floor":13.0},{"not_picked":["Feel No Pain","Sword Boomerang"],"picked":"Armaments+1","floor":14.0},{"not_picked":["Exhume+1","Limit Break+1"],"picked":"Immolate","floor":16.0},{"not_picked":["Perfected Strike","Anger","Shockwave+1"],"picked":"SKIP","floor":18.0},{"not_picked":["Flex+1","Heavy Blade"],"picked":"Rampage+1","floor":21},{"not_picked":["Perfected Strike","Shrug It Off+1"],"picked":"Power Through+1","floor":22},{"not_picked":["Clash","Sword Boomerang"],"picked":"Sentinel+1","floor":23},{"not_picked":["Rupture+1","Havoc+1"],"picked":"Ghostly Armor+1","floor":24},{"not_picked":["Feel No Pain","Searing Blow+1"],"picked":"Shrug It Off+1","floor":25},{"not_picked":["Feel No Pain+1","Body Slam+1"],"picked":"Thunderclap","floor":27}],"player_experience":146100,"relics_obtained":[{"floor":9.0,"key":"Tiny Chest"},{"floor":10.0,"key":"Toxic Egg 2"},{"floor":12.0,"key":"Darkstone Periapt"},{"floor":13.0,"key":"Odd Mushroom"},{"floor":20.0,"key":"Dream Catcher"},{"floor":23,"key":"Pen Nib"},{"floor":26,"key":"The Courier"}],"event_choices":[{"damage_healed":0.0,"max_hp_gain":0.0,"max_hp_loss":0.0,"gold_gain":0.0,"cards_transformed":["Strike_R"],"event_name":"Living Wall","player_choice":"Change","floor":3.0,"gold_loss":0.0,"damage_taken":0.0,"cards_obtained":["Clothesline"]},{"damage_healed":0.0,"max_hp_gain":0.0,"max_hp_loss":0.0,"gold_gain":0.0,"event_name":"Liars Game","player_choice":"Ignored","floor":5.0,"gold_loss":0.0,"damage_taken":0.0},{"damage_healed":0.0,"max_hp_gain":0.0,"max_hp_loss":0.0,"gold_gain":0.0,"event_name":"Shining Light","player_choice":"Entered Light","floor":8.0,"gold_loss":0.0,"damage_taken":16.0,"cards_upgraded":["Strike_R","Defend_R"]},{"damage_healed":0.0,"max_hp_gain":0.0,"max_hp_loss":0.0,"gold_gain":0.0,"event_name":"Mushrooms","player_choice":"Fought Mushrooms","floor":13.0,"gold_loss":0.0,"damage_taken":0.0},{"cards_removed":["Clothesline"],"damage_healed":0.0,"max_hp_gain":0.0,"max_hp_loss":0.0,"gold_gain":0.0,"event_name":"Back to Basics","player_choice":"Elegance","floor":19.0,"gold_loss":0.0,"damage_taken":0.0},{"damage_healed":0,"gold_gain":0,"player_choice":"Stopped","damage_taken":9,"max_hp_gain":0,"max_hp_loss":0,"event_name":"Cursed Tome","floor":28,"gold_loss":0}],"is_beta":false,"boss_relics":[{"not_picked":["Coffee Dripper","Busted Crown"],"picked":"Pandora\u0027s Box"}],"items_purged_floors":[],"is_endless":false,"potions_floor_spawned":[1,2,13,14,27],"ascension_level":2}}