{"host":"r6lqs70fdfl5jnjl","time":1613224905,"event":{"mods":["Act Like it!","BaseMod","Minty Spire (QoL Compilation)","StSLib"],"gold_per_floor":[110,124,141,157,157,157,157,170,194,194,208,8,43,43,43,168,168,181,206,206,206,28,28,28,51,51,51,51,65,65,108,108,229,229,254,254,278,292,24,24,37,37,37,56,71,131,131,145,145,145],"floor_reached":51,"language":"ZHS","playtime":2565,"items_purged":["Strike_B","Injury","Parasite"],"score":694,"play_id":"f3c05fba-ed0d-46ce-b798-9386801c54fc","local_time":"20210213220145","is_ascension_mode":false,"campfire_choices":[{"data":"Zap","floor":6.0,"key":"SMITH"},{"data":"Capacitor","floor":10.0,"key":"SMITH"},{"floor":15.0,"key":"REST"},{"data":"Echo Form","floor":23.0,"key":"SMITH"},{"data":"Rainbow","floor":28.0,"key":"SMITH"},{"floor":32.0,"key":"REST"},{"data":"Electrodynamics","floor":40.0,"key":"SMITH"},{"data":"Storm","floor":42.0,"key":"SMITH"},{"data":"Darkness","floor":47.0,"key":"SMITH"},{"floor":49,"key":"REST"}],"circlet_count":0,"master_deck":["Defend_B","Defend_B","Defend_B","Defend_B+1","Zap+1","Dualcast+1","Loop","Coolheaded+1","Capacitor+1","Self Repair","Darkness+1","Storm+1","Leap+1","Capacitor","Echo Form+1","Rainbow+1","Fission+1","Creative AI+1","Double Energy+1","Glacier","Hologram","Capacitor","Electrodynamics+1","Doom and Gloom+1","Fission+1","Darkness+1","Storm+1","Biased Cognition"],"relics":["Cracked Core","Boot","War Paint","Golden Idol","Astrolabe","Oddly Smooth Stone","MutagenicStrength","MealTicket","Meat on the Bone","Question Card","Philosopher\u0027s Stone","DollysMirror","Letter Opener","Prayer Wheel"],"acts_visited":["Exordium","TheCity","TheBeyond"],"potions_floor_usage":[50,50,50],"damage_taken":[{"damage":0.0,"enemies":"Small Slimes","floor":1.0,"turns":3.0},{"damage":0.0,"enemies":"Cultist","floor":2.0,"turns":2.0},{"damage":4.0,"enemies":"2 Louse","floor":3.0,"turns":2.0},{"damage":7.0,"enemies":"2 Fungi Beasts","floor":4.0,"turns":3.0},{"damage":19.0,"enemies":"Exordium Wildlife","floor":8.0,"turns":3.0},{"damage":9.0,"enemies":"Looter","floor":11.0,"turns":4.0},{"damage":23.0,"enemies":"Gremlin Nob","floor":13.0,"turns":4.0},{"damage":42.0,"enemies":"The Guardian","floor":16.0,"turns":8.0},{"damage":8.0,"enemies":"Spheric Guardian","floor":18.0,"turns":3.0},{"damage":29.0,"enemies":"2 Thieves","floor":19.0,"turns":4.0},{"damage":19.0,"enemies":"Shelled Parasite and Fungi","floor":25.0,"turns":5.0},{"damage":9.0,"enemies":"Snecko","floor":29.0,"turns":6.0},{"damage":42.0,"enemies":"Book of Stabbing","floor":31.0,"turns":4.0},{"damage":71.0,"enemies":"Collector","floor":33.0,"turns":9.0},{"damage":29.0,"enemies":"Orb Walker","floor":35.0,"turns":4.0},{"damage":35.0,"enemies":"3 Darklings","floor":37.0,"turns":6.0},{"damage":9.0,"enemies":"Writhing Mass","floor":38.0,"turns":4.0},{"damage":28.0,"enemies":"Maw","floor":41.0,"turns":5.0},{"damage":0.0,"enemies":"Sphere and 2 Shapes","floor":44.0,"turns":2.0},{"damage":24.0,"enemies":"Writhing Mass","floor":45.0,"turns":3.0},{"damage":44.0,"enemies":"2 Orb Walkers","floor":46.0,"turns":4.0},{"damage":5,"enemies":"Jaw Worm Horde","floor":48,"turns":2},{"damage":57,"enemies":"Time Eater","floor":50,"turns":7}],"seed_played":"8131546150469692136","potions_obtained":[{"floor":1.0,"key":"Explosive Potion"},{"floor":3.0,"key":"FearPotion"},{"floor":7.0,"key":"FairyPotion"},{"floor":7.0,"key":"FairyPotion"},{"floor":13.0,"key":"Strength Potion"},{"floor":18.0,"key":"Weak Potion"},{"floor":29.0,"key":"SkillPotion"},{"floor":33.0,"key":"Regen Potion"},{"floor":37.0,"key":"Fire Potion"},{"floor":41.0,"key":"SneckoOil"},{"floor":44.0,"key":"FairyPotion"},{"floor":48,"key":"SteroidPotion"}],"is_trial":false,"path_per_floor":["M","M","M","M","?","R","?","M","T","R","M","$","E","?","R","B",null,"M","M","?","?","$","R","$","M","T","?","R","M","T","E","R","B",null,"M","?","M","M","$","R","M","R","T","M","M","?","R","M","R","B",null],"character_chosen":"DEFECT","items_purchased":["Leap","Capacitor","Heatsinks","DollysMirror"],"campfire_rested":3,"item_purchase_floors":[12,12,22,39],"current_hp_per_floor":[75,75,71,64,49,49,49,37,37,37,35,35,19,19,41,29,75,74,52,52,52,52,52,52,47,47,47,47,52,52,29,51,29,75,53,53,37,47,62,62,53,53,53,53,41,47,47,42,63,40],"gold":145,"neow_bonus":"UPGRADE_CARD","is_daily":false,"chose_seed":false,"campfire_upgraded":7,"win_rate":0.0,"timestamp":1613224905,"path_taken":["M","M","M","M","?","R","?","?","T","R","M","?","E","?","R","BOSS","M","M","?","?","$","R","?","M","T","?","R","M","?","E","R","BOSS","M","?","M","M","$","R","M","R","T","M","M","?","R","M","R","BOSS"],"items_purchased_type":["Card","Card","Card","Relic"],"build_version":"2020-12-22","purchased_purges":3,"victory":true,"max_hp_per_floor":[75,75,75,75,75,75,75,75,75,75,75,75,75,75,75,75,75,75,75,75,75,75,75,75,75,75,75,75,75,75,75,75,75,75,75,75,75,75,72,72,72,72,72,72,72,72,72,72,72,72],"card_choices":[{"not_picked":["Steam","Coolheaded"],"picked":"Loop","floor":1.0},{"not_picked":["Ball Lightning","Consume"],"picked":"Coolheaded","floor":2.0},{"not_picked":["Barrage","Glacier"],"picked":"Capacitor","floor":3.0},{"not_picked":["Streamline","Scrape"],"picked":"Self Repair","floor":4.0},{"not_picked":["Sweeping Beam","Reinforced Body"],"picked":"Darkness","floor":8.0},{"not_picked":["Leap","Beam Cell"],"picked":"Storm","floor":11.0},{"not_picked":["Redo","Steam"],"picked":"Echo Form","floor":13.0},{"not_picked":["Buffer","Fission"],"picked":"Rainbow","floor":16.0},{"not_picked":["Melter+1","Leap"],"picked":"Glacier","floor":18.0},{"not_picked":["Beam Cell+1","Coolheaded"],"picked":"Hologram","floor":19.0},{"not_picked":["Scrape","Double Energy","Reinforced Body"],"picked":"SKIP","floor":25.0},{"not_picked":["Rebound","Stack+1","Compile Driver"],"picked":"SKIP","floor":29.0},{"not_picked":["Stack+1","Gash+1"],"picked":"Capacitor","floor":31.0},{"not_picked":["Thunder Strike","Buffer","Reboot"],"picked":"Electrodynamics","floor":33.0},{"not_picked":["Gash","Streamline+1","Heatsinks","Cold Snap"],"picked":"SKIP","floor":35.0},{"not_picked":["Beam Cell+1","Melter+1","Coolheaded"],"picked":"Doom and Gloom+1","floor":37.0},{"not_picked":["Compile Driver+1","Steam+1","Gash+1","Streamline+1"],"picked":"SKIP","floor":38.0},{"not_picked":["Tempest+1","Gash+1","Steam Power+1"],"picked":"Darkness+1","floor":41.0},{"not_picked":["Ball Lightning+1","Force Field","Redo+1"],"picked":"Storm+1","floor":44.0},{"not_picked":["Rebound+1","Streamline+1","Barrage+1","Beam Cell+1"],"picked":"SKIP","floor":45.0},{"not_picked":["Darkness+1","Stack+1","Heatsinks"],"picked":"Biased Cognition","floor":48},{"not_picked":["Steam+1","Beam Cell","Melter+1","Sweeping Beam"],"picked":"SKIP","floor":48}],"player_experience":21384,"relics_obtained":[{"floor":9.0,"key":"Boot"},{"floor":13.0,"key":"War Paint"},{"floor":26.0,"key":"MealTicket"},{"floor":30.0,"key":"Meat on the Bone"},{"floor":31.0,"key":"Question Card"},{"floor":43.0,"key":"Letter Opener"},{"floor":46.0,"key":"Prayer Wheel"}],"event_choices":[{"damage_healed":0.0,"max_hp_gain":0.0,"max_hp_loss":0.0,"gold_gain":0.0,"event_name":"Shining Light","player_choice":"Entered Light","floor":5.0,"gold_loss":0.0,"damage_taken":15.0,"cards_upgraded":["Defend_B","Strike_B"]},{"damage_healed":0.0,"max_hp_gain":0.0,"max_hp_loss":0.0,"gold_gain":0.0,"event_name":"Lab","player_choice":"Got Potions","floor":7.0,"gold_loss":0.0,"damage_taken":0.0},{"damage_healed":0.0,"max_hp_gain":0.0,"max_hp_loss":0.0,"gold_gain":0.0,"event_name":"Golden Idol","player_choice":"Take Wound","floor":14.0,"gold_loss":0.0,"damage_taken":0.0,"relics_obtained":["Golden Idol"],"cards_obtained":["Injury"]},{"damage_healed":0.0,"max_hp_gain":0.0,"max_hp_loss":0.0,"gold_gain":0.0,"event_name":"The Mausoleum","player_choice":"Opened","floor":20.0,"gold_loss":0.0,"damage_taken":0.0,"relics_obtained":["Oddly Smooth Stone"]},{"damage_healed":0.0,"max_hp_gain":0.0,"max_hp_loss":0.0,"gold_gain":0.0,"event_name":"Drug Dealer","player_choice":"Inject Mutagens","floor":21.0,"gold_loss":0.0,"damage_taken":0.0,"relics_obtained":["MutagenicStrength"]},{"damage_healed":0.0,"max_hp_gain":0.0,"max_hp_loss":0.0,"gold_gain":0.0,"event_name":"Cursed Tome","player_choice":"Ignored","floor":27.0,"gold_loss":0.0,"damage_taken":0.0},{"cards_removed":["Heatsinks"],"damage_healed":0.0,"max_hp_gain":0.0,"max_hp_loss":0.0,"gold_gain":0.0,"event_name":"Falling","player_choice":"Removed Power","floor":36.0,"gold_loss":0.0,"damage_taken":0.0},{"damage_healed":0.0,"max_hp_gain":0.0,"max_hp_loss":0.0,"gold_gain":0.0,"event_name":"Mysterious Sphere","player_choice":"Fight","floor":46.0,"gold_loss":0.0,"damage_taken":0.0}],"is_beta":false,"boss_relics":[{"not_picked":["Snecko Eye","Cursed Key"],"picked":"Astrolabe"},{"not_picked":["Fusion Hammer","SacredBark"],"picked":"Philosopher\u0027s Stone"}],"items_purged_floors":[12,22,39],"is_endless":false,"potions_floor_spawned":[1,3,11,13,18,29,33,37,41,44,48],"ascension_level":0}}