{"host":"qp7xs8nuzfsyommi","time":1613176239,"event":{"mods":["2.2 Compatiblity","BaseMod","Colored Powertips","DeckTracker","Highlight Path","Minty Spire (QoL Compilation)","Permanent Neow","Quick Restart","StSLib"],"gold_per_floor":[112,112,9,19,30,56,56,56,56,56,70,97,114,140,140,214,214,226,69,69,69,80,80,110,110,158,158,15,65,84,84,84,161,161,178,48,270,270,17,17,17,34,59,59,59,59,73,86,86,86,86,86,86,33,60,60,60],"floor_reached":56,"language":"ENG","playtime":8784,"items_purged":["Sweeping Beam"],"score":1768,"play_id":"3f7e0fdd-b774-4ac0-9645-23bbed57f816","local_time":"20210212193039","is_ascension_mode":true,"campfire_choices":[{"data":"Consume","floor":7.0,"key":"SMITH"},{"floor":10.0,"key":"REST"},{"floor":15.0,"key":"RECALL"},{"floor":23.0,"key":"REST"},{"data":"Amplify","floor":25.0,"key":"SMITH"},{"data":"Turbo","floor":32.0,"key":"SMITH"},{"data":"Turbo","floor":41.0,"key":"SMITH"},{"floor":46.0,"key":"REST"},{"data":"Recycle","floor":49.0,"key":"SMITH"},{"floor":53.0,"key":"REST"}],"circlet_count":0,"master_deck":["AscendersBane","Strike_B+1","Strike_B+1","Strike_B+1","Strike_B+1","Defend_B+1","Defend_B+1","Defend_B+1","Defend_B+1","Zap","Dualcast","CurseOfTheBell","White Noise","Consume+1","Compile Driver","Amplify+1","Storm+1","White Noise","Hyperbeam","Loop","Self Repair","White Noise","Loop+1","Rainbow","Turbo+1","Electrodynamics+1","Chill+1","Hologram+1","Reinforced Body","Capacitor+1","Capacitor+1","Reboot","Self Repair+1","Turbo+1","Defragment+1","Recycle+1","Force Field","Defragment+1"],"relics":["Calling Bell","Nunchaku","Meat on the Bone","WingedGreaves","Gambling Chip","Dead Branch","Centennial Puzzle","Frozen Egg 2","Runic Pyramid","Orrery","Red Mask","MealTicket","Inserter","Membership Card","Oddly Smooth Stone"],"acts_visited":["Exordium","TheCity","TheBeyond","TheEnding"],"potions_floor_usage":[],"damage_taken":[{"damage":9.0,"enemies":"Small Slimes","floor":1.0,"turns":4.0},{"damage":7.0,"enemies":"Cultist","floor":4.0,"turns":4.0},{"damage":7.0,"enemies":"Jaw Worm","floor":5.0,"turns":3.0},{"damage":14.0,"enemies":"Gremlin Nob","floor":6.0,"turns":3.0},{"damage":0.0,"enemies":"3 Louse","floor":11.0,"turns":1.0},{"damage":12.0,"enemies":"Lagavulin","floor":12.0,"turns":6.0},{"damage":0.0,"enemies":"2 Fungi Beasts","floor":13.0,"turns":1.0},{"damage":8.0,"enemies":"Gremlin Nob","floor":14.0,"turns":3.0},{"damage":43.0,"enemies":"Hexaghost","floor":16.0,"turns":6.0},{"damage":9.0,"enemies":"2 Thieves","floor":18.0,"turns":2.0},{"damage":22.0,"enemies":"Shell Parasite","floor":22.0,"turns":4.0},{"damage":0.0,"enemies":"Masked Bandits","floor":24.0,"turns":1.0},{"damage":18.0,"enemies":"Snake Plant","floor":30.0,"turns":4.0},{"damage":32.0,"enemies":"Automaton","floor":33.0,"turns":8.0},{"damage":18.0,"enemies":"3 Shapes","floor":35.0,"turns":5.0},{"damage":50.0,"enemies":"3 Darklings","floor":42.0,"turns":4.0},{"damage":3.0,"enemies":"Jaw Worm Horde","floor":47.0,"turns":3.0},{"damage":25.0,"enemies":"Sphere and 2 Shapes","floor":48.0,"turns":4.0},{"damage":12.0,"enemies":"Donu and Deca","floor":50.0,"turns":5.0},{"damage":40.0,"enemies":"Awakened One","floor":51.0,"turns":7.0},{"damage":41.0,"enemies":"Shield and Spear","floor":55.0,"turns":4.0},{"damage":47,"enemies":"The Heart","floor":56,"turns":3}],"seed_played":"6569023734182171081","potions_obtained":[{"floor":11.0,"key":"EssenceOfSteel"},{"floor":12.0,"key":"PowerPotion"},{"floor":14.0,"key":"DistilledChaos"},{"floor":16.0,"key":"FocusPotion"}],"is_trial":false,"path_per_floor":["M","?","$","M","M","E","R","$","T","R","M","E","M","E","R","B",null,"M","$","?","?","M","R","?","R","T","?","$","?","M","$","R","B",null,"M","$","?","?","$","?","R","M","T","$","?","R","M","M","R","B","B",null,"R","$","E","B"],"character_chosen":"DEFECT","items_purchased":["Storm","Sweeping Beam","Orrery","Capacitor+1","Go for the Eyes","Self Repair+1","Turbo","Membership Card","Defragment+1","EssenceOfDarkness"],"campfire_rested":4,"item_purchase_floors":[3,3,19,28,28,36,36,39,39,54],"current_hp_per_floor":[55,55,55,48,41,39,39,39,39,60,60,62,62,68,68,44,64,55,55,35,35,32,54,54,54,54,69,76,76,65,76,76,51,70,59,74,74,74,76,76,76,38,38,53,53,75,72,64,64,59,41,67,76,76,47,0,0],"gold":60,"neow_bonus":"BOSS_RELIC","is_daily":false,"chose_seed":false,"campfire_upgraded":5,"win_rate":0.0,"timestamp":1613176239,"path_taken":["M","?","$","?","M","E","R","?","T","R","?","E","M","E","R","BOSS","M","$","?","?","M","R","?","R","T","?","?","?","M","$","R","BOSS","M","$","?","?","?","?","R","?","T","?","?","R","M","M","R","BOSS","BOSS","R","$","E","BOSS"],"items_purchased_type":["Card","Card","Relic","Card","Card","Card","Card","Relic","Card","Potion"],"build_version":"2020-12-22","purchased_purges":1,"victory":false,"max_hp_per_floor":[71,71,71,71,71,71,71,71,71,71,71,71,71,71,71,71,71,71,71,76,76,76,76,76,76,76,76,76,76,76,76,76,76,76,76,76,76,76,76,76,76,76,76,76,76,76,76,76,76,76,76,76,76,76,76,76,76],"card_choices":[{"not_picked":["Storm","Turbo"],"picked":"White Noise","floor":1.0},{"not_picked":["Conserve Battery","Streamline"],"picked":"White Noise","floor":4.0},{"not_picked":["Cold Snap","Conserve Battery"],"picked":"Hyperbeam","floor":5.0},{"not_picked":["Conserve Battery","Sunder"],"picked":"Loop","floor":6.0},{"not_picked":["Sweeping Beam","Storm"],"picked":"Self Repair","floor":11.0},{"not_picked":["Tempest","Amplify","Static Discharge"],"picked":"SKIP","floor":12.0},{"not_picked":["Sweeping Beam","Double Energy"],"picked":"White Noise","floor":13.0},{"not_picked":["Chaos","Lockon"],"picked":"Loop+1","floor":14.0},{"not_picked":["All For One","Meteor Strike"],"picked":"Rainbow","floor":16.0},{"not_picked":["Sweeping Beam","Consume+1","Beam Cell"],"picked":"SKIP","floor":18.0},{"not_picked":["Cold Snap","Hello World+1"],"picked":"Turbo","floor":19.0},{"not_picked":["Coolheaded","Heatsinks+1"],"picked":"Electrodynamics+1","floor":19.0},{"not_picked":["Rebound","Coolheaded"],"picked":"Chill+1","floor":19.0},{"not_picked":["Streamline","Chaos+1"],"picked":"Hologram+1","floor":19.0},{"not_picked":["Rip and Tear","Tempest"],"picked":"Reinforced Body","floor":22.0},{"not_picked":["Cold Snap","Tempest"],"picked":"Capacitor+1","floor":30.0},{"not_picked":["Seek","Electrodynamics+1"],"picked":"Reboot","floor":33.0},{"not_picked":["Sweeping Beam","Static Discharge+1","Streamline"],"picked":"SKIP","floor":35.0},{"not_picked":["Steam Power","White Noise","Coolheaded+1"],"picked":"SKIP","floor":42.0},{"not_picked":["Ball Lightning","Streamline"],"picked":"Recycle","floor":47.0},{"not_picked":["Redo","Meteor Strike"],"picked":"Force Field","floor":48.0},{"not_picked":["Reinforced Body+1","Fission"],"picked":"Defragment+1","floor":55.0}],"player_experience":1883131,"relics_obtained":[{"floor":0.0,"key":"Nunchaku"},{"floor":0.0,"key":"Meat on the Bone"},{"floor":0.0,"key":"WingedGreaves"},{"floor":6.0,"key":"Gambling Chip"},{"floor":9.0,"key":"Dead Branch"},{"floor":12.0,"key":"Centennial Puzzle"},{"floor":14.0,"key":"Frozen Egg 2"},{"floor":24.0,"key":"Red Mask"},{"floor":26.0,"key":"MealTicket"},{"floor":55.0,"key":"Oddly Smooth Stone"}],"event_choices":[{"damage_healed":0.0,"max_hp_gain":0.0,"max_hp_loss":0.0,"gold_gain":0.0,"event_name":"Match and Keep!","player_choice":"3 cards matched","floor":2.0,"gold_loss":0.0,"damage_taken":0.0,"cards_obtained":["Consume","Compile Driver","Amplify"]},{"damage_healed":0.0,"max_hp_gain":5.0,"max_hp_loss":0.0,"gold_gain":0.0,"event_name":"Forgotten Altar","player_choice":"Shed Blood","floor":20.0,"gold_loss":0.0,"damage_taken":25.0},{"damage_healed":0.0,"max_hp_gain":0.0,"max_hp_loss":0.0,"gold_gain":0.0,"event_name":"Back to Basics","player_choice":"Simplicity","floor":21.0,"gold_loss":0.0,"damage_taken":0.0,"cards_upgraded":["Strike_B","Strike_B","Strike_B","Strike_B","Defend_B","Defend_B","Defend_B","Defend_B"]},{"damage_healed":0.0,"max_hp_gain":0.0,"max_hp_loss":0.0,"gold_gain":0.0,"event_name":"Masked Bandits","player_choice":"Fought Bandits","floor":24.0,"gold_loss":0.0,"damage_taken":0.0},{"damage_healed":15.0,"max_hp_gain":0.0,"max_hp_loss":0.0,"gold_gain":0.0,"event_name":"The Library","player_choice":"Heal","floor":27.0,"gold_loss":0.0,"damage_taken":0.0},{"damage_healed":0.0,"max_hp_gain":0.0,"max_hp_loss":0.0,"gold_gain":50.0,"event_name":"Nest","player_choice":"Stole From Cult","floor":29.0,"gold_loss":0.0,"damage_taken":0.0},{"damage_healed":0.0,"max_hp_gain":0.0,"max_hp_loss":0.0,"gold_gain":222.0,"event_name":"Tomb of Lord Red Mask","player_choice":"Wore Mask","floor":37.0,"gold_loss":0.0,"damage_taken":0.0},{"damage_healed":0.0,"max_hp_gain":0.0,"max_hp_loss":0.0,"gold_gain":0.0,"event_name":"Mysterious Sphere","player_choice":"Ignored","floor":38.0,"gold_loss":0.0,"damage_taken":0.0},{"cards_removed":["Go for the Eyes"],"damage_healed":0.0,"max_hp_gain":0.0,"max_hp_loss":0.0,"gold_gain":0.0,"event_name":"Falling","player_choice":"Removed Attack","floor":40.0,"gold_loss":0.0,"damage_taken":0.0},{"damage_healed":0.0,"max_hp_gain":0.0,"max_hp_loss":0.0,"gold_gain":0.0,"event_name":"Accursed Blacksmith","player_choice":"Forge","floor":45.0,"gold_loss":0.0,"damage_taken":0.0,"cards_upgraded":["Storm"]}],"is_beta":false,"boss_relics":[{"not_picked":["Fusion Hammer","Velvet Choker"],"picked":"Runic Pyramid"},{"not_picked":["Runic Dome","Black Star"],"picked":"Inserter"}],"items_purged_floors":[39],"is_endless":false,"potions_floor_spawned":[11,12,14,16,30,33,35],"killed_by":"The Heart","ascension_level":20}}