{"host":"5z7rhcocprldured","time":1613178342,"event":{"mods":["2.2 Compatiblity","AchievementEnabler","BaseMod","Best Route Mod","Better Altar","Better Match","Better Note","Better Sensory Stone","Better Skull","Better Third Choice","BetterRewards","Block Reminder","Colored Map","Colored Powertips","Emptier Cage","Googly Eyes","Hermit","Marisa????????","Minty Spire (QoL Compilation)","Permanent Neow","Potionbrewer","Rare Cards Sparkle","StSLib","Synergy Search","The Cursed","The Hierophant","The Runesmith","Unceasing Turn Reminder"],"gold_per_floor":[109,120,135,135,135,135,146,146,146,146,163,163,163,182,182,286,286,300,400,400,413,430,430,390,390,390,390,402,402,402,427,427,525,525,539,549,566,566,566,566,593,610,610,621,633,647,647,661,661,661,661,661,12,42,42,42],"floor_reached":55,"language":"ENG","playtime":2324,"items_purged":["ForeignInfluence"],"score":711,"play_id":"6b01deeb-18e8-4e2b-92b1-b66b382bfc70","local_time":"20210213010542","is_ascension_mode":false,"campfire_choices":[{"data":"Vault","floor":6.0,"key":"SMITH"},{"data":"Devotion","floor":8.0,"key":"SMITH"},{"data":"Crescendo","floor":12.0,"key":"SMITH"},{"data":"SpiritShield","floor":15.0,"key":"SMITH"},{"data":"Alpha","floor":23.0,"key":"SMITH"},{"data":"Devotion","floor":25.0,"key":"SMITH"},{"data":"BattleHymn","floor":27.0,"key":"SMITH"},{"data":"SignatureMove","floor":29.0,"key":"SMITH"},{"data":"MasterReality","floor":32.0,"key":"SMITH"},{"floor":40.0,"key":"RECALL"},{"data":"SandsOfTime","floor":47,"key":"SMITH"},{"data":"Devotion","floor":49,"key":"SMITH"},{"data":"MentalFortress","floor":52,"key":"SMITH"}],"circlet_count":0,"master_deck":["Strike_P","Strike_P","Strike_P","Strike_P+1","Defend_P","Defend_P","Defend_P","Defend_P","Eruption+1","Vigilance","Vault+1","SignatureMove+1","Crescendo+1","BattleHymn+1","Devotion+1","Protect","SpiritShield+1","Devotion+1","Wireheading","Adrenaline+1","CutThroughFate+1","Alpha+1","Collect+1","SandsOfTime+1","MasterReality+1","Prostrate+1","ClearTheMind","FlurryOfBlows","CarveReality+1","MentalFortress+1","FollowUp+1","Devotion+1","SashWhip","Protect","Crescendo","LikeWater","Scrawl","MentalFortress","FlurryOfBlows+1"],"relics":["PureWater","Pantograph","GremlinMask","Eternal Feather","Coffee Dripper","Runesmith:Locket","TungstenRod","Letter Opener","Ginger","StrikeDummy","Torii","potionbrewer:BoosterPack","White Beast Statue"],"acts_visited":["Exordium","TheCity","TheBeyond","TheEnding"],"potions_floor_usage":[50,55,55],"damage_taken":[{"damage":0.0,"enemies":"Cultist","floor":1.0,"turns":2.0},{"damage":6.0,"enemies":"Jaw Worm","floor":2.0,"turns":2.0},{"damage":5.0,"enemies":"Small Slimes","floor":3.0,"turns":2.0},{"damage":8.0,"enemies":"Red Slaver","floor":7.0,"turns":3.0},{"damage":20.0,"enemies":"3 Louse","floor":11.0,"turns":2.0},{"damage":0.0,"enemies":"Looter","floor":14.0,"turns":1.0},{"damage":22.0,"enemies":"The Guardian","floor":16.0,"turns":5.0},{"damage":18.0,"enemies":"2 Thieves","floor":18.0,"turns":5.0},{"damage":9.0,"enemies":"Shell Parasite","floor":21.0,"turns":4.0},{"damage":0.0,"enemies":"Centurion and Healer","floor":22.0,"turns":5.0},{"damage":8.0,"enemies":"3 Cultists","floor":28.0,"turns":3.0},{"damage":27.0,"enemies":"Slavers","floor":31.0,"turns":4.0},{"damage":13.0,"enemies":"Champ","floor":33.0,"turns":6.0},{"damage":17.0,"enemies":"3 Darklings","floor":35.0,"turns":4.0},{"damage":16.0,"enemies":"3 Shapes","floor":36.0,"turns":4.0},{"damage":9.0,"enemies":"Maw","floor":37.0,"turns":6.0},{"damage":31.0,"enemies":"Reptomancer","floor":41.0,"turns":7.0},{"damage":8.0,"enemies":"4 Shapes","floor":42.0,"turns":5.0},{"damage":15,"enemies":"Spire Growth","floor":44,"turns":4},{"damage":0,"enemies":"Transient","floor":45,"turns":6},{"damage":0,"enemies":"4 Shapes","floor":46,"turns":4},{"damage":23,"enemies":"Sphere and 2 Shapes","floor":48,"turns":4},{"damage":107,"enemies":"Awakened One","floor":50,"turns":7},{"damage":46,"enemies":"Shield and Spear","floor":54,"turns":6},{"damage":67,"enemies":"The Heart","floor":55,"turns":6}],"seed_played":"-7560521590811342390","potions_obtained":[{"floor":2.0,"key":"Fire Potion"},{"floor":3.0,"key":"potionbrewer:BoundlessPotion"},{"floor":16.0,"key":"potionbrewer:HastePotion"},{"floor":21.0,"key":"BottledMiracle"},{"floor":22.0,"key":"FearPotion"},{"floor":31.0,"key":"Weak Potion"},{"floor":44,"key":"Swift Potion"},{"floor":45,"key":"potionbrewer:FreezingPotion"},{"floor":46,"key":"SkillPotion"}],"is_trial":false,"path_per_floor":["M","M","M","?","?","R","M","R","T","?","M","R","?","M","R","B",null,"M","?","?","M","M","R","?","R","T","R","M","R","?","E","R","B",null,"M","M","M","?","?","R","E","M","T","M","M","M","R","M","R","B",null,"R","$","E","B"],"character_chosen":"WATCHER","items_purchased":["Torii","potionbrewer:BoosterPack","MentalFortress","potionbrewer:ToxicPotion"],"campfire_rested":0,"item_purchase_floors":[53,53,53,53],"current_hp_per_floor":[72,66,61,49,49,49,41,41,41,41,21,30,54,54,63,50,72,54,54,54,45,45,57,57,69,69,72,64,72,72,45,60,59,72,55,39,30,63,63,63,32,24,24,9,63,63,63,40,58,1,63,63,63,17,0,0],"gold":42,"neow_bonus":"ONE_RANDOM_RARE_CARD","is_daily":false,"chose_seed":false,"campfire_upgraded":12,"win_rate":0.0,"timestamp":1613178342,"path_taken":["M","?","M","?","?","R","?","R","T","?","M","R","?","M","R","BOSS","M","?","?","M","M","R","?","R","T","R","?","R","?","E","R","BOSS","M","M","M","?","?","R","E","?","T","M","M","M","R","M","R","BOSS","R","$","E","BOSS"],"items_purchased_type":["Relic","Relic","Card","Potion"],"build_version":"2020-12-22","purchased_purges":1,"victory":false,"max_hp_per_floor":[72,72,72,72,72,72,72,72,72,72,72,72,72,72,72,72,72,72,72,72,72,72,72,72,72,72,72,72,72,72,72,72,72,72,72,72,72,63,63,63,63,63,63,63,63,63,63,63,63,63,63,63,63,63,63,63],"card_choices":[{"not_picked":["EmptyFist","ThirdEye"],"picked":"SignatureMove","floor":1.0},{"not_picked":["FlyingSleeves","Protect"],"picked":"Crescendo","floor":2.0},{"not_picked":["Prostrate","Worship"],"picked":"BattleHymn","floor":3.0},{"not_picked":["WindmillStrike","SashWhip"],"picked":"Devotion","floor":7.0},{"not_picked":["Prostrate","FlyingSleeves"],"picked":"Protect","floor":11.0},{"not_picked":["Prostrate","SashWhip"],"picked":"SpiritShield","floor":14.0},{"not_picked":["SpiritShield","Brilliance"],"picked":"Devotion","floor":16.0},{"not_picked":["Weave","Prostrate"],"picked":"Wireheading","floor":18.0},{"not_picked":["PathToVictory","Adaptation"],"picked":"CutThroughFate+1","floor":21.0},{"not_picked":["ThirdEye","CutThroughFate"],"picked":"Alpha","floor":22.0},{"not_picked":["EmptyFist","SignatureMove"],"picked":"Collect+1","floor":28.0},{"not_picked":["EmptyBody","WreathOfFlame+1"],"picked":"MasterReality","floor":31.0},{"not_picked":["CrushJoints+1","EmptyBody+1"],"picked":"Prostrate+1","floor":35.0},{"not_picked":["EmptyBody","Evaluate"],"picked":"ClearTheMind","floor":36.0},{"not_picked":["FlyingSleeves","Halt+1"],"picked":"FlurryOfBlows","floor":37.0},{"not_picked":["SashWhip+1","Crescendo+1"],"picked":"CarveReality+1","floor":41.0},{"not_picked":["MasterReality","WaveOfTheHand+1"],"picked":"MentalFortress","floor":42.0},{"not_picked":["FearNoEvil","FollowUp+1","Crescendo"],"picked":"SKIP","floor":44},{"not_picked":["Prostrate","FlyingSleeves+1"],"picked":"FollowUp+1","floor":45},{"not_picked":["Crescendo+1","Weave+1","Vengeance+1"],"picked":"SKIP","floor":46},{"not_picked":["EmptyFist+1","SashWhip"],"picked":"Devotion","floor":48},{"not_picked":["LessonLearned","ClearTheMind+1"],"picked":"FlurryOfBlows+1","floor":54}],"player_experience":182399,"relics_obtained":[{"floor":9.0,"key":"Eternal Feather"},{"floor":26.0,"key":"Runesmith:Locket"},{"floor":31.0,"key":"TungstenRod"},{"floor":41.0,"key":"Ginger"},{"floor":43,"key":"StrikeDummy"},{"floor":54,"key":"White Beast Statue"}],"event_choices":[{"damage_healed":0.0,"max_hp_gain":0.0,"max_hp_loss":0.0,"gold_gain":0.0,"event_name":"betterThird:BetterScrap","player_choice":"Relic ","floor":4.0,"gold_loss":0.0,"damage_taken":12.0,"cards_obtained":["All Out Attack"]},{"damage_healed":0.0,"max_hp_gain":0.0,"max_hp_loss":0.0,"gold_gain":0.0,"event_name":"FaceTrader","player_choice":"Trade","floor":5.0,"gold_loss":0.0,"damage_taken":0.0,"relics_obtained":["GremlinMask"]},{"damage_healed":0.0,"max_hp_gain":0.0,"max_hp_loss":0.0,"gold_gain":0.0,"event_name":"Living Wall","player_choice":"Grow","floor":10.0,"gold_loss":0.0,"damage_taken":0.0,"cards_upgraded":["Eruption"]},{"damage_healed":24.0,"max_hp_gain":0.0,"max_hp_loss":0.0,"gold_gain":0.0,"event_name":"Big Fish","player_choice":"Banana","floor":13.0,"gold_loss":0.0,"damage_taken":0.0},{"damage_healed":0.0,"max_hp_gain":0.0,"max_hp_loss":0.0,"gold_gain":100.0,"event_name":"Golden Shrine","player_choice":"Pray","floor":19.0,"gold_loss":0.0,"damage_taken":0.0},{"cards_removed":["Vault"],"damage_healed":0.0,"max_hp_gain":0.0,"max_hp_loss":0.0,"gold_gain":0.0,"event_name":"betterNote:BetterNote","player_choice":"Take \u0026 Give","floor":20.0,"gold_loss":0.0,"damage_taken":0.0,"cards_obtained":["Adrenaline"]},{"damage_healed":0.0,"max_hp_gain":0.0,"max_hp_loss":0.0,"gold_gain":0.0,"event_name":"Designer","player_choice":"Upgraded Two","floor":24.0,"gold_loss":40.0,"damage_taken":0.0,"cards_upgraded":["Strike_P","Adrenaline"]},{"damage_healed":0.0,"max_hp_gain":0.0,"max_hp_loss":0.0,"gold_gain":0.0,"event_name":"The Library","player_choice":"Read","floor":30.0,"gold_loss":0.0,"damage_taken":0.0,"cards_obtained":["SandsOfTime"]},{"damage_healed":63.0,"max_hp_gain":0.0,"max_hp_loss":9.0,"gold_gain":0.0,"event_name":"The Moai Head","player_choice":"Heal","floor":38.0,"gold_loss":0.0,"damage_taken":0.0},{"damage_healed":0.0,"max_hp_gain":0.0,"max_hp_loss":0.0,"gold_gain":0.0,"event_name":"WeMeetAgain","player_choice":"Gave Potion","floor":39.0,"gold_loss":0.0,"damage_taken":0.0,"relics_obtained":["Letter Opener"]}],"is_beta":false,"boss_relics":[{"not_picked":["VioletLotus","HolyWater"],"picked":"Coffee Dripper"},{"not_picked":["Runesmith:UraniumAnvil","Cursed Key","Velvet Choker"]}],"items_purged_floors":[53],"is_endless":false,"potions_floor_spawned":[2,3,16,21,22,31,44,45,46],"killed_by":"The Heart","ascension_level":0}}