{"host":"ocll6kdfqxraqtza","time":1613203857,"event":{"mods":["2.2 Compatiblity","Act Like it!","Arknights","Aspiration","BaseMod","Better Third Choice","Gensokyo","Hallownest","Hermit","Hubris","Jorbs\u0027s Wanderer Trilogy","Luminous","Marisa（霧雨　魔理沙）","Minty Spire (QoL Compilation)","Reimu（博??梦）","Reliquary","Replay The Spire","Shade Mod","StSLib","The Alterego","The Bug Knight","The Cursed","The Hierophant","The Marked","The Runesmith","TheBandit","Wandering Minibosses"],"gold_per_floor":[117,47,47,47,120,120,120,120,133,167,167,190,190,214,232,276,276,276,276],"floor_reached":18,"language":"ENG","playtime":292,"items_purged":[],"score":155,"play_id":"6e27bc3e-013e-4a39-8067-8d1abd507668","local_time":"20210213161057","is_ascension_mode":true,"campfire_choices":[{"data":"Gensokyo:CrescentMoonSlash","floor":8,"key":"SMITH"},{"data":"Armaments","floor":13,"key":"SMITH"},{"data":"Rampage","floor":17,"key":"SMITH"}],"circlet_count":0,"master_deck":["Strike_R+1","Strike_R","Strike_R","Strike_R","Strike_R+1","Defend_R","Defend_R","Defend_R","Defend_R","Bash","Anger","Gensokyo:CrescentMoonSlash+1","Armaments+1","Feed","ReplayTheSpireMod:Corrosion Curse","Ghostly Armor","Rampage+1","Bloodletting","Heavy Blade"],"relics":["Burning Blood","NeowsBlessing","reliquary:PurpleTingedLeaf","CeramicFish","Shuriken","reliquary:PartyBalloon"],"acts_visited":["Gensokyo:Gensokyo"],"potions_floor_usage":[],"damage_taken":[{"damage":0,"enemies":"Gensokyo:3_Fairies","floor":1,"turns":1},{"damage":0,"enemies":"Gensokyo:Gryphon","floor":9,"turns":1},{"damage":0,"enemies":"Gensokyo:Mamizou","floor":10,"turns":2},{"damage":0,"enemies":"Gensokyo:2_Kodama","floor":12,"turns":2},{"damage":10,"enemies":"Gensokyo:Kitsune","floor":14,"turns":3},{"damage":21,"enemies":"Gensokyo:Aya","floor":16,"turns":6},{"damage":69,"enemies":"Gensokyo:Yukari","floor":18,"turns":8}],"seed_played":"-8928022278845456811","potions_obtained":[{"floor":9,"key":"SneckoOil"},{"floor":12,"key":"GrandPatriotsElixir:ReiMu"}],"is_trial":false,"path_per_floor":["M","?","?","$","T","PTL","PTL","R","M","E","T","M","R","M","?","E","R","B"],"character_chosen":"IRONCLAD","items_purchased":[],"campfire_rested":0,"item_purchase_floors":[],"current_hp_per_floor":[80,80,68,68,68,68,68,68,75,80,80,84,84,80,80,66,66,0,0],"gold":276,"neow_bonus":"THREE_ENEMY_KILL","is_daily":false,"chose_seed":false,"campfire_upgraded":3,"win_rate":0.0,"timestamp":1613203857,"path_taken":["M","?","?","?","?","PTL","PTL","R","M","E","T","M","R","?","?","E","R","BOSS"],"items_purchased_type":[],"build_version":"2020-12-22","purchased_purges":0,"victory":false,"max_hp_per_floor":[80,80,80,80,80,80,80,80,80,80,80,84,84,84,84,84,84,84,84],"card_choices":[{"not_picked":["Battle Trance","hubris:ReadiedAction"],"picked":"Anger","floor":1},{"not_picked":["Body Slam","Run Through"],"picked":"Armaments","floor":9},{"not_picked":["Body Slam","Flex"],"picked":"Feed","floor":10},{"not_picked":["Cleave","hubris:ReadiedAction"],"picked":"ReplayTheSpireMod:Corrosion Curse","floor":12},{"not_picked":["Sever Soul","Cleave"],"picked":"Ghostly Armor","floor":14},{"not_picked":["Blood for Blood","Clash"],"picked":"Rampage","floor":15},{"not_picked":["Armaments","Body Slam"],"picked":"Bloodletting","floor":15},{"not_picked":["ReplayReversal","Massacre"],"picked":"Heavy Blade","floor":16}],"player_experience":538450,"relics_obtained":[{"floor":5,"key":"reliquary:PurpleTingedLeaf"},{"floor":10,"key":"CeramicFish"},{"floor":11,"key":"Shuriken"},{"floor":16,"key":"reliquary:PartyBalloon"}],"event_choices":[],"is_beta":false,"boss_relics":[],"items_purged_floors":[],"is_endless":false,"potions_floor_spawned":[9,12],"killed_by":"Gensokyo:Yukari","ascension_level":2}}