{"host":"6xnetdfutjfdr70g","time":1613239730,"event":{"mods":["BaseMod","Colored Powertips","Highlight Path","Minty Spire (QoL Compilation)","Relic Stats"],"gold_per_floor":[109,109,128,228,241,274,274,285,334,334,348,348,348,361,361,361,361],"floor_reached":16,"language":"ENG","playtime":326,"items_purged":[],"score":173,"play_id":"9f68001b-8255-4f30-83f0-aad5aa4139c6","local_time":"20210213120850","is_ascension_mode":true,"campfire_choices":[{"data":"Coolheaded","floor":7,"key":"SMITH"},{"floor":10,"key":"REST"},{"data":"Zap","floor":12,"key":"SMITH"},{"floor":15,"key":"REST"}],"circlet_count":0,"master_deck":["AscendersBane","Strike_B","Strike_B","Strike_B","Strike_B","Defend_B","Defend_B","Defend_B","Zap+1","Dualcast","Ball Lightning","Undo","Ball Lightning","Coolheaded+1","Rebound","Reboot","Pain","Reinforced Body"],"relics":["Cracked Core","NeowsBlessing","Bottled Lightning","Akabeko","WarpedTongs"],"acts_visited":["Exordium"],"potions_floor_usage":[],"damage_taken":[{"damage":0,"enemies":"Jaw Worm","floor":1,"turns":1},{"damage":0,"enemies":"Cultist","floor":3,"turns":1},{"damage":0,"enemies":"Small Slimes","floor":5,"turns":1},{"damage":18,"enemies":"Gremlin Nob","floor":6,"turns":3},{"damage":26,"enemies":"Exordium Thugs","floor":8,"turns":5},{"damage":7,"enemies":"2 Fungi Beasts","floor":11,"turns":2},{"damage":11,"enemies":"Blue Slaver","floor":14,"turns":3},{"damage":45,"enemies":"Slime Boss","floor":16,"turns":6}],"seed_played":"4282030287719853143","potions_obtained":[{"floor":3,"key":"Strength Potion"},{"floor":5,"key":"PotionOfCapacity"}],"is_trial":false,"path_per_floor":["M","?","M","?","M","E","R","M","T","R","M","R","?","M","R","B"],"character_chosen":"DEFECT","items_purchased":[],"campfire_rested":2,"item_purchase_floors":[],"current_hp_per_floor":[64,64,64,64,64,46,46,20,20,41,34,34,34,23,44,0,0],"gold":361,"neow_bonus":"THREE_ENEMY_KILL","is_daily":false,"chose_seed":false,"campfire_upgraded":2,"win_rate":0.0,"timestamp":1613239730,"path_taken":["M","?","?","?","M","E","R","M","T","R","?","R","?","M","R","BOSS"],"items_purchased_type":[],"build_version":"2020-12-22","purchased_purges":0,"victory":false,"max_hp_per_floor":[71,71,71,71,71,71,71,71,71,71,71,71,71,71,71,71,71],"relic_stats":{"counters":[8,22],"obtain_stats":[{"NeowsBlessing":0,"Bottled Lightning":6,"Cracked Core":0,"Akabeko":9,"WarpedTongs":13},{"NeowsBlessing":0,"Bottled Lightning":4,"Cracked Core":0,"Akabeko":5,"WarpedTongs":6},{"NeowsBlessing":0,"Bottled Lightning":6,"Cracked Core":0,"Akabeko":11,"WarpedTongs":13}],"WarpedTongs":[9]},"card_choices":[{"not_picked":["Heatsinks","Compile Driver"],"picked":"Ball Lightning","floor":1},{"not_picked":["Double Energy","Turbo","Stack"],"picked":"SKIP","floor":3},{"not_picked":["Barrage","Heatsinks"],"picked":"Ball Lightning","floor":5},{"not_picked":["Steam Power","Hello World"],"picked":"Coolheaded","floor":6},{"not_picked":["Rip and Tear","Aggregate"],"picked":"Rebound","floor":8},{"not_picked":["Hello World","Cold Snap"],"picked":"Reboot","floor":11},{"not_picked":["Ball Lightning","Hologram"],"picked":"Reinforced Body","floor":14}],"player_experience":457703,"relics_obtained":[{"floor":6,"key":"Bottled Lightning"},{"floor":9,"key":"Akabeko"}],"event_choices":[{"damage_healed":0,"gold_gain":0,"cards_transformed":["Defend_B"],"player_choice":"Transformed","damage_taken":0,"max_hp_gain":0,"max_hp_loss":0,"event_name":"Transmorgrifier","floor":2,"gold_loss":0,"cards_obtained":["Undo"]},{"damage_healed":0,"gold_gain":100,"player_choice":"Pray","damage_taken":0,"max_hp_gain":0,"max_hp_loss":0,"event_name":"Golden Shrine","floor":4,"gold_loss":0},{"damage_healed":0,"gold_gain":0,"player_choice":"Rummage","damage_taken":0,"relics_obtained":["WarpedTongs"],"max_hp_gain":0,"max_hp_loss":0,"event_name":"Accursed Blacksmith","floor":13,"gold_loss":0,"cards_obtained":["Pain"]}],"is_beta":false,"boss_relics":[],"items_purged_floors":[],"is_endless":false,"potions_floor_spawned":[3,5],"killed_by":"Slime Boss","ascension_level":14}}