{"host":"onfdonezo2qmaex3","time":1613228192,"event":{"mods":["2.2 Compatiblity","AchievementEnabler","Act Like it!","Aspiration","BaseMod","Colored Powertips","Downfall","Friendly Minions","Gensokyo","Hallownest","Hermit","Highlight Path","Jorbs\u0027s Wanderer Trilogy","Marisa????????","Marked Mod","Minty Spire (QoL Compilation)","Quick Restart","Reliquary","Shop Mod","StSLib","The Disciple","The Hayseed","The Marked","The Runesmith"],"gold_per_floor":[116,15,15,29,129,156,156,156,156],"floor_reached":8,"language":"ENG","playtime":141,"items_purged":[],"score":89,"play_id":"5f99f81b-ec97-4559-ba44-a4617eab4d06","local_time":"20210213155632","is_ascension_mode":true,"campfire_choices":[{"data":"Blade Dance","floor":7,"key":"SMITH"}],"circlet_count":0,"master_deck":["Strike_G","Strike_G","Strike_G","Defend_G","Defend_G","Defend_G","Defend_G","Survivor","Neutralize","Endless Agony","Gensokyo:TarnishedGold","Gensokyo:RustyChest","Gensokyo:Shovel","Blade Dance+1"],"relics":["Ring of the Snake","NeowsBlessing","reliquary:JackalopeAntler"],"acts_visited":["Gensokyo:Gensokyo"],"potions_floor_usage":[],"damage_taken":[{"damage":0,"enemies":"Gensokyo:3_Fairies","floor":1,"turns":1},{"damage":0,"enemies":"Gensokyo:Gryphon","floor":4,"turns":1},{"damage":0,"enemies":"Gensokyo:Aya","floor":6,"turns":2},{"damage":0,"enemies":"Gensokyo:Mamizou","floor":8,"turns":1}],"seed_played":"-5119396812554969930","potions_obtained":[{"floor":1,"key":"Guardian:BlockOnCardUsePotion"}],"is_trial":false,"path_per_floor":["M","COS","?","M","?","E","R","E"],"character_chosen":"THE_SILENT","items_purchased":[],"campfire_rested":0,"item_purchase_floors":[],"current_hp_per_floor":[70,70,42,42,42,42,42,42,42],"gold":156,"neow_bonus":"THREE_ENEMY_KILL","is_daily":false,"chose_seed":false,"campfire_upgraded":1,"win_rate":0.0,"timestamp":1613228192,"path_taken":["M","COS","?","?","?","E","R","E"],"items_purchased_type":[],"build_version":"2020-12-22","purchased_purges":0,"victory":false,"max_hp_per_floor":[70,70,70,70,70,70,70,70,70],"card_choices":[{"not_picked":["Sucker Punch","Poisoned Stab"],"picked":"Endless Agony","floor":1},{"not_picked":["Quick Slash","Leg Sweep","Setup"],"picked":"SKIP","floor":4},{"not_picked":["Cloak And Dagger","Dagger Spray"],"picked":"Blade Dance","floor":6}],"player_experience":179567,"relics_obtained":[{"floor":6,"key":"reliquary:JackalopeAntler"}],"event_choices":[],"is_beta":false,"boss_relics":[],"items_purged_floors":[],"is_endless":false,"potions_floor_spawned":[1],"killed_by":"Gensokyo:Mamizou","ascension_level":3}}