{"host":"4t0z2wyk4ymtbfy7","time":1613216040,"event":{"mods":["AchievementEnabler","BaseMod","Colored Map","Colored Powertips","DeckTracker","Keyboard Shortcuts","Marisa£¨Ùöéë¡¡Øª×âÞÞ£©","Minty Spire (QoL Compilation)","SuperFastMode","Td1madao Mod"],"gold_per_floor":[112,126,126,137,155,155,188,138,138,138,166,185,285,312,312,408,408,427,443,215,231,231,231,264,264,264,275,86,86,103,135,135,233,233,252,263,563,583,601,626,391,391,416,469,494,494,314,324,324,324],"floor_reached":51,"language":"KOR","playtime":2117,"items_purged":[],"score":1074,"play_id":"f7237eab-d69d-4550-8df4-32b1581ef764","local_time":"20210213203400","is_ascension_mode":true,"campfire_choices":[{"data":"Backstab","floor":6,"key":"SMITH"},{"floor":10,"key":"REST"},{"data":"Storm of Steel","floor":15,"key":"SMITH"},{"floor":23,"key":"REST"},{"data":"Terror","floor":25,"key":"SMITH"},{"floor":32,"key":"REST"},{"floor":42,"key":"REST"},{"floor":46,"key":"REST"},{"data":"Accuracy","floor":49,"key":"SMITH"}],"circlet_count":0,"master_deck":["Strike_G+1","Strike_G","Strike_G","Strike_G","Strike_G","Defend_G","Defend_G","Defend_G","Defend_G","Defend_G","Survivor","Neutralize","Deadly Poison","Backstab+1","Blade Dance","Storm of Steel+1","Blade Dance","A Thousand Cuts","Quick Slash+1","Prepared+1","Cloak And Dagger","Terror+1","Outmaneuver","Accuracy+1","Venomology","Slice+1","Terror+1","Leg Sweep+1","Blade Dance+1","Footwork+1","Infinite Blades+1","Infinite Blades+1","Infinite Blades+1","A Thousand Cuts+1"],"relics":["Ring of the Serpent","WarpedTongs","Ornamental Fan","Kunai","Gremlin Horn","CaptainsWheel","Philosopher\u0027s Stone","Nunchaku","Anchor","Omamori","Pen Nib","Nilry\u0027s Codex","Snake Skull","Frozen Egg 2","Oddly Smooth Stone","Bag of Marbles","FossilizedHelix","Pear","DollysMirror"],"acts_visited":["Exordium","TheCity","TheBeyond"],"potions_floor_usage":[11,33,33,33,38,38,40,40,40,50],"damage_taken":[{"damage":1,"enemies":"Cultist","floor":1,"turns":4},{"damage":3,"enemies":"Jaw Worm","floor":2,"turns":4},{"damage":5,"enemies":"2 Louse","floor":4,"turns":2},{"damage":9,"enemies":"Lots of Slimes","floor":5,"turns":5},{"damage":18,"enemies":"Gremlin Nob","floor":7,"turns":4},{"damage":1,"enemies":"3 Sentries","floor":11,"turns":12},{"damage":0,"enemies":"2 Fungi Beasts","floor":12,"turns":2},{"damage":17,"enemies":"Lagavulin","floor":14,"turns":8},{"damage":18,"enemies":"Hexaghost","floor":16,"turns":11},{"damage":0,"enemies":"Spheric Guardian","floor":18,"turns":1},{"damage":7,"enemies":"2 Thieves","floor":19,"turns":3},{"damage":20,"enemies":"Centurion and Healer","floor":21,"turns":3},{"damage":13,"enemies":"Slavers","floor":24,"turns":6},{"damage":0,"enemies":"3 Cultists","floor":27,"turns":6},{"damage":0,"enemies":"Shelled Parasite and Fungi","floor":30,"turns":3},{"damage":5,"enemies":"Book of Stabbing","floor":31,"turns":4},{"damage":11,"enemies":"Automaton","floor":33,"turns":6},{"damage":1,"enemies":"3 Shapes","floor":35,"turns":3},{"damage":24,"enemies":"3 Darklings","floor":36,"turns":4},{"damage":3,"enemies":"Writhing Mass","floor":38,"turns":7},{"damage":26,"enemies":"Sphere and 2 Shapes","floor":39,"turns":5},{"damage":16,"enemies":"Reptomancer","floor":40,"turns":4},{"damage":0,"enemies":"2 Orb Walkers","floor":44,"turns":4},{"damage":0,"enemies":"Giant Head","floor":45,"turns":6},{"damage":0,"enemies":"Maw","floor":48,"turns":6},{"damage":18,"enemies":"Awakened One","floor":50,"turns":7}],"seed_played":"2544619663750533338","potions_obtained":[{"floor":2,"key":"CunningPotion"},{"floor":7,"key":"Swift Potion"},{"floor":12,"key":"AttackPotion"},{"floor":14,"key":"AttackPotion"},{"floor":36,"key":"EssenceOfSteel"},{"floor":38,"key":"PowerPotion"},{"floor":40,"key":"Poison Potion"}],"is_trial":false,"path_per_floor":["M","M","?","M","M","R","E","?","T","R","E","M","?","E","R","B",null,"M","M","$","M","?","R","E","R","T","M","$","?","M","E","R","B",null,"M","M","?","M","M","E","$","R","T","?","E","R","$","M","R","B",null],"character_chosen":"THE_SILENT","items_purchased":["Cloak And Dagger","Terror","Nunchaku","Accuracy","Pen Nib","Footwork+1","Oddly Smooth Stone","Infinite Blades+1","DollysMirror"],"campfire_rested":5,"item_purchase_floors":[20,20,20,28,28,41,41,47,47],"current_hp_per_floor":[62,59,59,54,45,45,27,27,27,48,47,47,47,30,30,12,56,56,49,49,29,29,50,37,37,37,37,37,21,21,16,37,26,59,58,34,34,31,5,11,11,32,32,32,42,66,66,66,66,48],"gold":324,"neow_bonus":"UPGRADE_CARD","is_daily":false,"chose_seed":false,"campfire_upgraded":4,"win_rate":0.0,"timestamp":1613216040,"path_taken":["M","?","?","?","M","R","E","?","T","R","E","M","?","E","R","BOSS","M","M","$","?","?","R","E","R","T","M","$","?","M","E","R","BOSS","M","M","?","?","M","E","$","R","T","?","E","R","$","M","R","BOSS"],"items_purchased_type":["Card","Card","Relic","Card","Relic","Card","Relic","Card","Relic"],"build_version":"2020-12-22","purchased_purges":0,"victory":true,"max_hp_per_floor":[70,70,70,70,70,70,70,70,70,70,70,70,70,70,70,70,70,70,70,70,70,70,70,70,70,70,70,70,70,70,70,70,70,70,70,70,70,70,70,70,70,70,70,70,80,80,80,80,80,80],"card_choices":[{"not_picked":["PiercingWail","Outmaneuver"],"picked":"Deadly Poison","floor":1},{"not_picked":["Prepared","Blade Dance"],"picked":"Backstab","floor":2},{"not_picked":["Dagger Spray","Footwork","Flying Knee"],"picked":"SKIP","floor":4},{"not_picked":["Acrobatics","PiercingWail","Riddle With Holes"],"picked":"SKIP","floor":5},{"not_picked":["Quick Slash","Flechettes","Dagger Spray"],"picked":"SKIP","floor":7},{"not_picked":["Riddle With Holes","Blur"],"picked":"Blade Dance","floor":11},{"not_picked":["Deadly Poison","PiercingWail"],"picked":"Storm of Steel","floor":12},{"not_picked":["Cloak And Dagger","Outmaneuver"],"picked":"Blade Dance","floor":14},{"not_picked":["Malaise","Storm of Steel"],"picked":"A Thousand Cuts","floor":16},{"not_picked":["Well Laid Plans+1","Catalyst"],"picked":"Quick Slash+1","floor":18},{"not_picked":["Dagger Throw","Escape Plan"],"picked":"Prepared+1","floor":19},{"not_picked":["Dodge and Roll+1","Dagger Throw"],"picked":"Outmaneuver","floor":21},{"not_picked":["Acrobatics","Well Laid Plans+1","Outmaneuver"],"picked":"SKIP","floor":24},{"not_picked":["Poisoned Stab+1","Calculated Gamble","Prepared"],"picked":"SKIP","floor":27},{"not_picked":["Dash","Riddle With Holes+1","Deflect"],"picked":"SKIP","floor":30},{"not_picked":["Wraith Form v2","Setup","Endless Agony+1"],"picked":"SKIP","floor":31},{"not_picked":["Wraith Form v2","Burst"],"picked":"Venomology","floor":33},{"not_picked":["Deadly Poison+1","Dagger Throw+1"],"picked":"Slice+1","floor":35},{"not_picked":["Calculated Gamble+1","Finisher+1"],"picked":"Terror+1","floor":36},{"not_picked":["Sucker Punch","Poisoned Stab+1"],"picked":"Leg Sweep+1","floor":38},{"not_picked":["Prepared","Calculated Gamble"],"picked":"Blade Dance+1","floor":39},{"not_picked":["Blade Dance","Terror+1","All Out Attack"],"picked":"SKIP","floor":40},{"not_picked":["Quick Slash","Expertise"],"picked":"Infinite Blades+1","floor":45},{"not_picked":["Blade Dance","Deadly Poison+1"],"picked":"A Thousand Cuts+1","floor":48}],"player_experience":98770,"relics_obtained":[{"floor":7,"key":"Ornamental Fan"},{"floor":9,"key":"Kunai"},{"floor":11,"key":"Gremlin Horn"},{"floor":14,"key":"CaptainsWheel"},{"floor":24,"key":"Anchor"},{"floor":26,"key":"Omamori"},{"floor":29,"key":"Nilry\u0027s Codex"},{"floor":31,"key":"Snake Skull"},{"floor":40,"key":"Frozen Egg 2"},{"floor":43,"key":"Bag of Marbles"},{"floor":44,"key":"FossilizedHelix"},{"floor":45,"key":"Pear"}],"event_choices":[{"damage_healed":0,"gold_gain":0,"player_choice":"Rummage","damage_taken":0,"relics_obtained":["WarpedTongs"],"max_hp_gain":0,"max_hp_loss":0,"event_name":"Accursed Blacksmith","floor":3,"gold_loss":0,"cards_obtained":["Pain"]},{"cards_removed":["Pain"],"damage_healed":0,"gold_gain":0,"player_choice":"Card Removal","damage_taken":0,"max_hp_gain":0,"max_hp_loss":0,"event_name":"The Cleric","floor":8,"gold_loss":50},{"damage_healed":0,"gold_gain":100,"player_choice":"Pray","damage_taken":0,"max_hp_gain":0,"max_hp_loss":0,"event_name":"Golden Shrine","floor":13,"gold_loss":0},{"damage_healed":0,"gold_gain":0,"player_choice":"Ignored","damage_taken":0,"max_hp_gain":0,"max_hp_loss":0,"event_name":"Vampires","floor":22,"gold_loss":0},{"damage_healed":0,"gold_gain":0,"player_choice":"Obtained Book","damage_taken":16,"max_hp_gain":0,"max_hp_loss":0,"event_name":"Cursed Tome","floor":29,"gold_loss":0},{"damage_healed":0,"gold_gain":300,"player_choice":"Gold","damage_taken":0,"max_hp_gain":0,"max_hp_loss":0,"event_name":"Wheel of Change","floor":37,"gold_loss":0},{"damage_healed":0,"gold_gain":0,"player_choice":"Fight","damage_taken":0,"max_hp_gain":0,"max_hp_loss":0,"event_name":"Mysterious Sphere","floor":44,"gold_loss":0}],"is_beta":false,"boss_relics":[{"not_picked":["Cursed Key","Velvet Choker"],"picked":"Philosopher\u0027s Stone"},{"not_picked":["Tiny House","Snecko Eye"],"picked":"Ring of the Serpent"}],"items_purged_floors":[],"is_endless":false,"potions_floor_spawned":[2,7,12,14,24,27,30,36,38,40],"ascension_level":7}}