{"host":"3e3mwsgb9gfqiuxm","time":1613245821,"event":{"mods":["Act Like it!","BaseMod","Colored Map","Colored Powertips","Downfall","Gensokyo","Hermit","Hubris","Infinite Spire","Jorbs\u0027s Wanderer Trilogy","Koishi","Marisa????????","Minty Spire (QoL Compilation)","Quick Restart","Rare Cards Sparkle","Reimu??????","Remilia??????","Replay The Spire","Shop Mod","StSLib","SuperFastMode","Td1madao Mod","The Animator","The Bug Knight","The Cursed","The Hierophant","The Servant 0.9.4","everything is the same but u backflip on backflip","slay the spire mod where everything is the same but ironclad has a cowboy hat"],"gold_per_floor":[111,0,0,13,13,44,44,71,71,71,71,71,71],"floor_reached":12,"language":"ENG","playtime":262,"items_purged":["Strike_MRS"],"score":131,"play_id":"6f42cf17-e261-4987-8d32-ea6cac34da78","local_time":"20210213145021","is_ascension_mode":true,"campfire_choices":[{"data":"MasterSpark","floor":7,"key":"SMITH"},{"data":"GalacticHalo","floor":11,"key":"SMITH"}],"circlet_count":0,"master_deck":["Defend_MRS","Defend_MRS","Defend_MRS","Defend_MRS","MasterSpark+1","UpSweep","ChargingUp","GalacticHalo","GalacticHalo+1","BlazingStar"],"relics":["MiniHakkero","NeowsBlessing","Replay:Rubber Ducky","Bottled Lightning","Pen Nib","Prayer Wheel"],"acts_visited":["Gensokyo:Gensokyo"],"potions_floor_usage":[],"damage_taken":[{"damage":0,"enemies":"Gensokyo:2_Kodama","floor":1,"turns":1},{"damage":0,"enemies":"Gensokyo:3_Fairies","floor":4,"turns":3},{"damage":0,"enemies":"Gensokyo:Mamizou","floor":6,"turns":2},{"damage":11,"enemies":"Gensokyo:Aya","floor":8,"turns":5},{"damage":22,"enemies":"Gensokyo:Cirno","floor":12,"turns":11}],"seed_played":"6687660612865790589","potions_obtained":[{"floor":1,"key":"SteroidPotion"},{"floor":8,"key":"Elixir"}],"is_trial":false,"path_per_floor":["M","$","?","M","?","E","R","E","T","T","R","E"],"character_chosen":"MARISA","items_purchased":["GalacticHalo"],"campfire_rested":0,"item_purchase_floors":[2],"current_hp_per_floor":[75,75,45,45,45,45,45,34,34,34,34,12,12],"gold":71,"neow_bonus":"THREE_ENEMY_KILL","is_daily":false,"chose_seed":false,"campfire_upgraded":2,"win_rate":0.0,"timestamp":1613245821,"path_taken":["M","$","?","?","?","E","R","E","T","?","R","E"],"items_purchased_type":["Card"],"build_version":"2020-12-22","purchased_purges":1,"victory":false,"max_hp_per_floor":[75,75,75,75,75,75,75,75,75,75,75,75,75],"card_choices":[{"not_picked":["MeteoricShower","DoubleSpark"],"picked":"ChargingUp","floor":1},{"not_picked":["LuminesStrike","SporeBomb","PulseMagic"],"picked":"SKIP","floor":4},{"not_picked":["MaximisePower","OrrerysSun","LuminesStrike"],"picked":"SKIP","floor":6},{"not_picked":["OneTimeOff","Singularity"],"picked":"BlazingStar","floor":8}],"player_experience":1385719,"relics_obtained":[{"floor":6,"key":"Replay:Rubber Ducky"},{"floor":8,"key":"Bottled Lightning"},{"floor":9,"key":"Pen Nib"},{"floor":10,"key":"Prayer Wheel"}],"event_choices":[],"is_beta":false,"boss_relics":[],"items_purged_floors":[2],"is_endless":false,"potions_floor_spawned":[1,8],"killed_by":"Gensokyo:Cirno","ascension_level":5}}