{"host":"627up2rvtmm0cf0r","time":1613190959,"event":{"mods":["ATMod(°¢èªMod)","Act Like it!","BaseMod","Better Vampires","Bossed Relics","CapriCore","Card Filter","Card Forge","Colored Powertips","DeckTracker","Dota2Spire","Downfall","Energized Spire","Friendly Minions","Highlight Path","Infinite Spire","Jedi Mod","Minty Spire (QoL Compilation)","MostiFishMod","Permanent Neow","Practice Mode","Quick Restart","Relic Stats","Reliquary","Shop Mod","Spicy Shops","StSLib","SuperFastMode","TestMod","¡¾ÒÅÎï¿¨ÅÆ¡¿REMEMod","óô»ðÖ¸ÄÏ"],"gold_per_floor":[199,215,215,215,232,251,301,331,331,378,400,400,439,458,481,591,591,591,608,1008,1119,1119,1119,1119,1143,1160,1182,1176,1204,1204,524,542,653,653,653,668,681,738,738,788,843,868,891,929,958,325,342,361,380,389],"floor_reached":51,"language":"ZHS","playtime":1413,"items_purged":["sneckomod:Strike","sneckomod:Defend","sneckomod:Defend","sneckomod:Defend"],"score":1294,"play_id":"f6ab73c2-d0cd-4364-ab7a-ca64a1f7cd68","local_time":"20210213123559","is_ascension_mode":true,"campfire_choices":[{"data":"sneckomod:Unknown","floor":1,"key":"SMITH"},{"data":"sneckomod:Unknown","floor":12,"key":"SMITH"},{"data":"sneckomod:Unknown3Cost","floor":18,"key":"SMITH"},{"data":"sneckomod:UnknownRareAttack","floor":30,"key":"SMITH"},{"data":"AT_EmpoweredMortalDraw","floor":35,"key":"SMITH"}],"circlet_count":0,"master_deck":["sneckomod:TailWhip","sneckomod:SnekBite","sneckomod:Unknown+1","sneckomod:Unknown+1","AT_DarkMatter","infinitespire:Execution","sneckomod:UnknownColorless","sneckomod:UnknownRareAttack+1","sneckomod:Unknown3Cost+1","sneckomod:Mudshield","sneckomod:UnknownBoss","AT_EmpoweredMortalDraw+1","sneckomod:UnknownColorless+1"],"relics":["sneckomod:SneckoSoul","Hammer of Thor","Seething Fire","Anvil of the Gods","DaveBox","testmod-TestBox","AT_ATBox","HaiYi:Twilight","testmod-DeterminationOfClimber","reliquary:RoseTintedGlasses","downfall:ShatteredFragment","REME_PuzzleBoxRelic","Dota2Spire:PhaseBoots","RhineSuit","MutagenicStrength","Blue Candle","reliquary:FeatherDuster","reliquary:Stiletto","AT_SunfireAegis","reliquary:BallBearing","Lantern","AT_MortalBlade","Dota2Spire:OctarineCore","infinitespire:BottledMercury","Dota2Spire:ArcaneBoots","SynthV:C4","Dota2Spire:Vanguard","hexamod:CandleOfCauterizing","AT_BellDemon","bronze:BronzeIdol","Happy Flower","Toxic Egg 2","AT_BellowingDragoncrestRing"],"acts_visited":["Exordium","TheCity","TheBeyond"],"potions_floor_usage":[],"damage_taken":[{"damage":0,"enemies":"Jaw Worm","floor":2,"turns":2},{"damage":0,"enemies":"Small Slimes","floor":5,"turns":2},{"damage":0,"enemies":"2 Louse","floor":6,"turns":2},{"damage":0,"enemies":"Exordium Thugs","floor":8,"turns":1},{"damage":0,"enemies":"3 Sentries","floor":10,"turns":1},{"damage":10,"enemies":"Exordium Wildlife","floor":11,"turns":1},{"damage":5,"enemies":"Gremlin Nob","floor":13,"turns":2},{"damage":4,"enemies":"Large Slime","floor":14,"turns":1},{"damage":0,"enemies":"Exordium Thugs","floor":15,"turns":2},{"damage":0,"enemies":"SI_SHIV_ARCHETYPE","floor":16,"turns":3},{"damage":0,"enemies":"Chosen","floor":19,"turns":1},{"damage":0,"enemies":"downfall:Augmenter","floor":21,"turns":2},{"damage":0,"enemies":"Shelled Parasite and Fungi","floor":25,"turns":1},{"damage":0,"enemies":"Snake Plant","floor":26,"turns":1},{"damage":0,"enemies":"Snecko","floor":27,"turns":2},{"damage":10,"enemies":"downfall:FleeingMerchant","floor":28,"turns":4},{"damage":0,"enemies":"Centurion and Healer","floor":29,"turns":2},{"damage":0,"enemies":"3 Cultists","floor":32,"turns":1},{"damage":0,"enemies":"WA_ARCHETYPE_CALM","floor":33,"turns":1},{"damage":0,"enemies":"Orb Walker","floor":36,"turns":1},{"damage":2,"enemies":"3 Darklings","floor":37,"turns":1},{"damage":0,"enemies":"2 Orb Walkers","floor":38,"turns":1},{"damage":21,"enemies":"Transient","floor":40,"turns":1},{"damage":0,"enemies":"Jaw Worm Horde","floor":42,"turns":1},{"damage":0,"enemies":"Writhing Mass","floor":43,"turns":1},{"damage":0,"enemies":"Giant Head","floor":44,"turns":1},{"damage":0,"enemies":"Transient","floor":45,"turns":1},{"damage":4,"enemies":"4 Shapes","floor":47,"turns":1},{"damage":0,"enemies":"Sphere and 2 Shapes","floor":48,"turns":1},{"damage":0,"enemies":"3 Darklings","floor":49,"turns":1},{"damage":1,"enemies":"IC_BLOCK_ARCHETYPE","floor":50,"turns":1}],"seed_played":"-4011016846547331867","potions_obtained":[{"floor":2,"key":"SpeedPotion"},{"floor":5,"key":"champ:CounterPotion"},{"floor":13,"key":"BlessingOfTheForge"}],"is_trial":false,"path_per_floor":["R","M","?","?","M","M","T","M","?","E","M","R","E","M","M","B",null,"R","M","?","?","T","?","T","M","M","M","$","M","R","$","M","B",null,"R","M","M","?","AVR","M","T","M","M","E","M","?","M","M","M","B",null],"character_chosen":"THE_SNECKO","items_purchased":["reliquary:Stiletto","AT_SunfireAegis","reliquary:BallBearing","Lantern","Dota2Spire:Vanguard","hexamod:CandleOfCauterizing","AT_BellDemon","bronze:BronzeIdol"],"campfire_rested":0,"item_purchase_floors":[28,31,31,31,46,46,46,46],"current_hp_per_floor":[90,90,68,68,70,72,72,85,64,76,81,81,90,90,90,90,90,90,90,90,90,90,90,90,90,90,90,87,90,90,90,90,90,90,90,90,92,92,92,92,92,92,92,92,92,92,87,91,92,92],"gold":389,"neow_bonus":"HUNDRED_GOLD","is_daily":false,"chose_seed":false,"campfire_upgraded":5,"win_rate":0.0,"timestamp":1613190959,"path_taken":["R","M","?","?","M","M","T","M","?","E","M","R","E","M","M","BOSS","R","M","?","?","?","?","T","M","?","M","?","M","R","?","M","BOSS","R","M","M","?","AVR","M","T","M","M","E","M","?","?","M","M","BOSS"],"items_purchased_type":["Relic","Relic","Relic","Relic","Relic","Relic","Relic","Relic"],"build_version":"2020-12-22","purchased_purges":4,"victory":true,"max_hp_per_floor":[90,90,90,90,90,90,90,90,90,90,90,90,90,90,90,90,90,90,90,90,90,90,90,90,90,90,90,90,90,90,90,90,90,90,90,90,92,92,92,92,92,92,92,92,92,92,92,92,92,92],"relic_stats":{"Happy Flower":[1],"counters":[31,44],"Blue Candle":[2],"obtain_stats":[{"AT_BellDemon":46,"reliquary:FeatherDuster":24,"infinitespire:BottledMercury":39,"Lantern":31,"AT_ATBox":0,"DaveBox":0,"RhineSuit":17,"Hammer of Thor":0,"Dota2Spire:Vanguard":46,"sneckomod:SneckoSoul":0,"SynthV:C4":44,"reliquary:RoseTintedGlasses":7,"testmod-DeterminationOfClimber":0,"Dota2Spire:ArcaneBoots":41,"Toxic Egg 2":48,"hexamod:CandleOfCauterizing":46,"testmod-TestBox":0,"downfall:ShatteredFragment":9,"Happy Flower":47,"Blue Candle":22,"AT_MortalBlade":34,"Seething Fire":0,"bronze:BronzeIdol":46,"AT_BellowingDragoncrestRing":49,"HaiYi:Twilight":0,"Anvil of the Gods":0,"MutagenicStrength":21,"reliquary:Stiletto":28,"reliquary:BallBearing":31,"Dota2Spire:OctarineCore":38,"REME_PuzzleBoxRelic":10,"AT_SunfireAegis":31,"REME_ComplimentaryCards":0,"Dota2Spire:PhaseBoots":13},{"AT_BellDemon":27,"reliquary:FeatherDuster":12,"infinitespire:BottledMercury":22,"Lantern":17,"AT_ATBox":0,"DaveBox":0,"RhineSuit":10,"Hammer of Thor":0,"Dota2Spire:Vanguard":27,"sneckomod:SneckoSoul":0,"SynthV:C4":26,"reliquary:RoseTintedGlasses":3,"testmod-DeterminationOfClimber":0,"Dota2Spire:ArcaneBoots":23,"Toxic Egg 2":29,"hexamod:CandleOfCauterizing":27,"testmod-TestBox":0,"downfall:ShatteredFragment":4,"Happy Flower":28,"Blue Candle":12,"AT_MortalBlade":19,"Seething Fire":0,"bronze:BronzeIdol":27,"AT_BellowingDragoncrestRing":30,"HaiYi:Twilight":0,"Anvil of the Gods":0,"MutagenicStrength":12,"reliquary:Stiletto":16,"reliquary:BallBearing":17,"Dota2Spire:OctarineCore":22,"REME_PuzzleBoxRelic":5,"AT_SunfireAegis":17,"REME_ComplimentaryCards":0,"Dota2Spire:PhaseBoots":7},{"AT_BellDemon":40,"reliquary:FeatherDuster":20,"infinitespire:BottledMercury":35,"Lantern":30,"AT_ATBox":0,"DaveBox":0,"RhineSuit":17,"Hammer of Thor":0,"Dota2Spire:Vanguard":40,"sneckomod:SneckoSoul":0,"SynthV:C4":39,"reliquary:RoseTintedGlasses":6,"testmod-DeterminationOfClimber":0,"Dota2Spire:ArcaneBoots":36,"Toxic Egg 2":42,"hexamod:CandleOfCauterizing":40,"testmod-TestBox":0,"downfall:ShatteredFragment":7,"Happy Flower":41,"Blue Candle":20,"AT_MortalBlade":32,"Seething Fire":0,"bronze:BronzeIdol":40,"AT_BellowingDragoncrestRing":43,"HaiYi:Twilight":0,"Anvil of the Gods":0,"MutagenicStrength":20,"reliquary:Stiletto":28,"reliquary:BallBearing":30,"Dota2Spire:OctarineCore":35,"REME_PuzzleBoxRelic":8,"AT_SunfireAegis":30,"REME_ComplimentaryCards":0,"Dota2Spire:PhaseBoots":11}]},"card_choices":[{"not_picked":["sneckomod:UnknownBlock","sneckomod:UnknownCommonAttack","sneckomod:UnknownDraw"],"picked":"SKIP","floor":2},{"not_picked":["infinitespire:DeathsTouch","infinitespire:Fortify"],"picked":"infinitespire:Execution","floor":3},{"not_picked":["sneckomod:DiceCrush","sneckomod:UnknownExhaust","sneckomod:UnknownDraw"],"picked":"SKIP","floor":5},{"not_picked":["sneckomod:TrashToTreasure","sneckomod:DiceBoulder"],"picked":"sneckomod:UnknownColorless","floor":6},{"not_picked":["sneckomod:RainOfDice","sneckomod:MasterEye","sneckomod:Unknown1Cost"],"picked":"SKIP","floor":8},{"not_picked":["sneckomod:UnknownExhaust","sneckomod:UnknownUncommonAttack","sneckomod:Nope"],"picked":"SKIP","floor":10},{"not_picked":["sneckomod:IronFang","sneckomod:UnknownExhaust","sneckomod:WideSting"],"picked":"SKIP","floor":11},{"not_picked":["sneckomod:WideSting","sneckomod:DiceBoulder"],"picked":"sneckomod:UnknownRareAttack","floor":13},{"not_picked":["sneckomod:QuickBite","sneckomod:Nope","sneckomod:Memorize"],"picked":"SKIP","floor":14},{"not_picked":["sneckomod:Nope","sneckomod:DiceBoulder","sneckomod:QuickMove"],"picked":"SKIP","floor":15},{"not_picked":["sneckomod:UnknownRareSkill","sneckomod:Cheat"],"picked":"sneckomod:Unknown3Cost","floor":16},{"not_picked":["sneckomod:UnknownClassBLUE","sneckomod:UnknownCommonSkill","sneckomod:SoulDraw"],"picked":"SKIP","floor":19},{"not_picked":["sneckomod:UnknownWeak","sneckomod:UnknownExhaust","sneckomod:IronFang"],"picked":"SKIP","floor":25},{"not_picked":["sneckomod:Nope","sneckomod:Unknown0Cost+1","sneckomod:SerpentIdol"],"picked":"SKIP","floor":26},{"not_picked":["sneckomod:QuickBite","sneckomod:SoulDraw","sneckomod:UnknownStrength+1"],"picked":"SKIP","floor":27},{"not_picked":["sneckomod:Cheat","sneckomod:DiceBlock","sneckomod:UnknownUncommonAttack+1"],"picked":"SKIP","floor":28},{"not_picked":["sneckomod:QuickMove","sneckomod:UnknownClassTHE_CHAMP_GRAY","sneckomod:Nope"],"picked":"SKIP","floor":29},{"not_picked":["sneckomod:IronFang+1","sneckomod:UnknownBlock","sneckomod:Nope"],"picked":"SKIP","floor":32},{"not_picked":["sneckomod:UnlimitedRolls","sneckomod:Unknown3Cost"],"picked":"sneckomod:UnknownBoss","floor":33},{"not_picked":["sneckomod:DiceBlock","sneckomod:QuickBite","sneckomod:UnknownCommonSkill+1"],"picked":"SKIP","floor":36},{"not_picked":["sneckomod:SoulDraw+1","sneckomod:UnknownUncommonSkill+1","sneckomod:UnendingSupply"],"picked":"SKIP","floor":37},{"not_picked":["sneckomod:UnknownClassTHE_CHAMP_GRAY+1","sneckomod:UnknownCommonSkill+1","sneckomod:Unknown1Cost+1"],"picked":"SKIP","floor":40},{"not_picked":["sneckomod:UnknownClassHEXA_GHOST_PURPLE+1","sneckomod:SerpentIdol+1","sneckomod:Unknown0Cost"],"picked":"SKIP","floor":42},{"not_picked":["sneckomod:SoulDraw","sneckomod:RainOfDice+1","sneckomod:DangerNoodle"],"picked":"SKIP","floor":43},{"not_picked":["sneckomod:CheapStock","sneckomod:SoulDraw+1","sneckomod:UnknownDraw+1"],"picked":"SKIP","floor":44},{"not_picked":["sneckomod:UnknownDraw+1","sneckomod:UnknownCommonAttack+1","sneckomod:DiceCrush"],"picked":"SKIP","floor":45},{"not_picked":["sneckomod:Cheat","sneckomod:Unknown1Cost","sneckomod:Nope+1"],"picked":"SKIP","floor":47},{"not_picked":["sneckomod:Unknown2Cost+1","sneckomod:Unknown0Cost+1"],"picked":"sneckomod:UnknownColorless+1","floor":48},{"not_picked":["sneckomod:Rotation+1","sneckomod:SerpentIdol+1","sneckomod:ImprovisedGuard+1"],"picked":"SKIP","floor":49}],"player_experience":160578,"relics_obtained":[{"floor":7,"key":"reliquary:RoseTintedGlasses"},{"floor":10,"key":"REME_PuzzleBoxRelic"},{"floor":13,"key":"Dota2Spire:PhaseBoots"},{"floor":21,"key":"MutagenicStrength"},{"floor":22,"key":"Blue Candle"},{"floor":24,"key":"reliquary:FeatherDuster"},{"floor":38,"key":"Dota2Spire:OctarineCore"},{"floor":41,"key":"Dota2Spire:ArcaneBoots"},{"floor":44,"key":"SynthV:C4"},{"floor":47,"key":"Happy Flower"},{"floor":48,"key":"Toxic Egg 2"},{"floor":49,"key":"AT_BellowingDragoncrestRing"}],"event_choices":[{"damage_healed":0,"gold_gain":400,"player_choice":"Sell","damage_taken":0,"max_hp_gain":0,"max_hp_loss":0,"event_name":"¶÷ÂåË¹µÄÅÌ×Ó","floor":20,"relics_lost":["REME_ComplimentaryCards"],"gold_loss":0},{"damage_healed":0,"gold_gain":0,"player_choice":"Ignored","damage_taken":0,"max_hp_gain":0,"max_hp_loss":0,"event_name":"Vampires","floor":23,"gold_loss":0},{"damage_healed":0,"gold_gain":0,"player_choice":"Fight","damage_taken":0,"max_hp_gain":0,"max_hp_loss":0,"event_name":"Mysterious Sphere","floor":38,"gold_loss":0}],"is_beta":false,"boss_relics":[{"not_picked":["Pandora\u0027s Box","bronze:MakeshiftBattery"],"picked":"RhineSuit"},{"not_picked":["SlaversCollar","energizedSpire:EnergizedDie"],"picked":"AT_MortalBlade"}],"items_purged_floors":[28,28,31,39],"is_endless":false,"potions_floor_spawned":[2,5,13,14,19,27,32,36,37,42,44,48],"ascension_level":4}}