{"host":"8nctav4lo34mnono","time":1613231181,"event":{"mods":["BaseMod","Bestiary","Highlight Path","Minty Spire (QoL Compilation)","Relic Stats","Slay the Relics Exporter"],"gold_per_floor":[115,115,130,130,149,176,188,226,265,277,317,345,371,398,410,499,511,541,553,576,603,626,638,638],"floor_reached":23,"language":"ENG","playtime":1994,"items_purged":[],"score":355,"play_id":"6b57b9c2-4637-4640-a3b7-561b62a0639b","local_time":"20210213154621","is_ascension_mode":true,"campfire_choices":[{"floor":7.0,"key":"REST"},{"floor":10.0,"key":"REST"},{"floor":15.0,"key":"REST"}],"circlet_count":0,"master_deck":["AscendersBane","Strike_R","Strike_R","Strike_R+1","Defend_R+1","Defend_R","Defend_R","Defend_R","Bash","Pommel Strike","Burning Pact","Spot Weakness","Shrug It Off","Corruption","Rampage","Disarm","Entrench","Reaper","Burning Pact","Burning Pact","Shrug It Off"],"relics":["Runic Pyramid","MawBank","Smiling Mask","MealTicket","Pear","Cursed Key"],"acts_visited":["Exordium","TheCity"],"potions_floor_usage":[],"damage_taken":[{"damage":0.0,"enemies":"Small Slimes","floor":1.0,"turns":5.0},{"damage":0.0,"enemies":"2 Louse","floor":3.0,"turns":3.0},{"damage":0.0,"enemies":"Jaw Worm","floor":5.0,"turns":5.0},{"damage":30.0,"enemies":"Gremlin Nob","floor":6.0,"turns":4.0},{"damage":31.0,"enemies":"Lagavulin","floor":8.0,"turns":9.0},{"damage":17.0,"enemies":"3 Sentries","floor":11.0,"turns":7.0},{"damage":7.0,"enemies":"3 Louse","floor":12.0,"turns":3.0},{"damage":5.0,"enemies":"Gremlin Gang","floor":13.0,"turns":6.0},{"damage":1.0,"enemies":"Looter","floor":14.0,"turns":3.0},{"damage":42.0,"enemies":"The Guardian","floor":16.0,"turns":12.0},{"damage":1.0,"enemies":"Spheric Guardian","floor":18.0,"turns":4.0},{"damage":0.0,"enemies":"Chosen","floor":20.0,"turns":5.0},{"damage":31.0,"enemies":"Sentry and Sphere","floor":21.0,"turns":5.0},{"damage":41.0,"enemies":"3 Cultists","floor":22.0,"turns":6.0},{"damage":73,"enemies":"Slavers","floor":23,"turns":7}],"seed_played":"7720052910356857405","potions_obtained":[{"floor":3.0,"key":"SkillPotion"},{"floor":5.0,"key":"Weak Potion"},{"floor":6.0,"key":"Dexterity Potion"},{"floor":8.0,"key":"Weak Potion"},{"floor":13.0,"key":"Block Potion"},{"floor":16.0,"key":"EntropicBrew"},{"floor":18.0,"key":"Energy Potion"},{"floor":21.0,"key":"PowerPotion"}],"is_trial":false,"path_per_floor":["M","?","M","?","M","E","R","E","T","R","E","M","M","M","R","B",null,"M","?","M","M","M","E"],"character_chosen":"IRONCLAD","items_purchased":[],"campfire_rested":3,"item_purchase_floors":[],"current_hp_per_floor":[72,56,56,49,49,19,43,12,12,36,29,22,17,16,43,1,68,67,67,82,68,45,0,0],"gold":638,"neow_bonus":"BOSS_RELIC","is_daily":false,"chose_seed":false,"campfire_upgraded":0,"win_rate":0.0,"timestamp":1613231181,"path_taken":["M","?","M","?","M","E","R","E","T","R","E","M","M","?","R","BOSS","M","?","M","?","M","E"],"items_purchased_type":[],"build_version":"2020-12-22","purchased_purges":0,"victory":false,"max_hp_per_floor":[80,80,80,80,80,80,80,80,80,80,90,90,90,90,90,90,90,90,90,90,90,90,90,90],"relic_stats":{"counters":[15,84],"MealTicket":0,"MawBank":204,"Smiling Mask":0,"Cursed Key":0,"obtain_stats":[{"Pear":11,"MealTicket":9,"MawBank":6,"Smiling Mask":8,"Cursed Key":17,"Burning Blood":0,"Runic Pyramid":0},{"Pear":6,"MealTicket":5,"MawBank":4,"Smiling Mask":5,"Cursed Key":10,"Burning Blood":0,"Runic Pyramid":0},{"Pear":33,"MealTicket":26,"MawBank":17,"Smiling Mask":26,"Cursed Key":57,"Burning Blood":0,"Runic Pyramid":0}]},"card_choices":[{"not_picked":["Dropkick","Intimidate"],"picked":"Pommel Strike","floor":1.0},{"not_picked":["Warcry","Shrug It Off"],"picked":"Burning Pact","floor":3.0},{"not_picked":["Pummel","Bloodletting"],"picked":"Spot Weakness","floor":5.0},{"not_picked":["Warcry","Twin Strike"],"picked":"Shrug It Off","floor":6.0},{"not_picked":["Searing Blow","Anger"],"picked":"Corruption","floor":8.0},{"not_picked":["Warcry","Iron Wave"],"picked":"Rampage","floor":11.0},{"not_picked":["Cleave","Shockwave"],"picked":"Disarm","floor":12.0},{"not_picked":["Clothesline","Rupture"],"picked":"Entrench","floor":13.0},{"not_picked":["Blood for Blood","Pommel Strike","True Grit"],"picked":"SKIP","floor":14.0},{"not_picked":["Feed","Immolate"],"picked":"Reaper","floor":16.0},{"not_picked":["Anger","Power Through"],"picked":"Burning Pact","floor":18.0},{"not_picked":["Iron Wave","Pommel Strike"],"picked":"Shrug It Off","floor":20.0},{"not_picked":["Pommel Strike","Thunderclap","Wild Strike"],"picked":"SKIP","floor":21.0},{"not_picked":["Iron Wave","Clothesline","Heavy Blade"],"picked":"SKIP","floor":22.0}],"player_experience":390516,"relics_obtained":[{"floor":6.0,"key":"MawBank"},{"floor":8.0,"key":"Smiling Mask"},{"floor":9.0,"key":"MealTicket"},{"floor":11.0,"key":"Pear"}],"event_choices":[{"damage_healed":0.0,"max_hp_gain":0.0,"max_hp_loss":0.0,"gold_gain":0.0,"event_name":"Shining Light","player_choice":"Entered Light","floor":2.0,"gold_loss":0.0,"damage_taken":16.0,"cards_upgraded":["Defend_R","Strike_R"]},{"cards_removed":["Strike_R"],"damage_healed":0.0,"max_hp_gain":0.0,"max_hp_loss":0.0,"gold_gain":0.0,"event_name":"Golden Wing","player_choice":"Card Removal","floor":4.0,"gold_loss":0.0,"damage_taken":7.0},{"damage_healed":0.0,"max_hp_gain":0.0,"max_hp_loss":0.0,"gold_gain":0.0,"cards_transformed":["Strike_R"],"event_name":"Transmorgrifier","player_choice":"Transformed","floor":19.0,"gold_loss":0.0,"damage_taken":0.0,"cards_obtained":["Burning Pact"]}],"is_beta":false,"boss_relics":[{"not_picked":["Calling Bell","Busted Crown"],"picked":"Cursed Key"}],"items_purged_floors":[],"is_endless":false,"potions_floor_spawned":[3,5,6,8,13,16,18,21],"killed_by":"Slavers","ascension_level":13}}