{"host":"mq7pyadb5kndcn8l","time":1613236423,"event":{"mods":["AchievementEnabler","Act Like it!","Arknights","Aspiration","BaseMod","Better Altar","Better Match","Better Note","Better Sensory Stone","Better Skull","Better Third Choice","BetterRewards","Block Reminder","CCEM2","Challenge The Spire","ChefMod","Colored Map","Colored Powertips","Conspire","Displayed Cursed Tome","Dota2Spire","Energized Spire","GifTheSpireLib","Highlight Path","Hubris","Infinite Spire","Mad Scientist","Marked Mod","Mimic Mod","Minty Spire (QoL Compilation)","Permanent Neow","QueenMod","Quick Restart","Random Character Button","Rare Cards Sparkle","Relic Filter","Relic Sorter","Reliquary","Replay The Spire","Reworked Bosses","Shade Mod","Shop Mod","Spicy Shops","Spikes Relics","Spire Arcade","StSLib","Stuff the Spire","SuperFastMode","The Blue Laboratory","Thieving Mod","Trackpad","Transform Curses","Wandering Minibosses"],"gold_per_floor":[115,115,132,132,132,132,161,176,229,4,34,49,69,79,79,181,181,201,212,212,230,230,230,170,182,217,251,251,10,10,39,39,134,134,145,161,161,171,26,26,57,57,57,57,57,57,57,73,73,73,73,73,76,104,104],"floor_reached":56,"language":"ENG","playtime":2254,"items_purged":["Strike_G","Sneak Up","Bouncing Flask","Setup","Crippling Poison","Poisoned Stab"],"score":2447,"play_id":"d4756cd6-e42a-46b8-830a-1b6ca0edd1ab","local_time":"20210213121343","is_ascension_mode":true,"campfire_choices":[{"floor":6.0,"key":"REST"},{"floor":15.0,"key":"DIG"},{"floor":23.0,"key":"DIG"},{"floor":30.0,"key":"DIG"},{"floor":32.0,"key":"DIG"},{"floor":40.0,"key":"DIG"},{"floor":42.0,"key":"DIG"},{"floor":46.0,"key":"DIG"},{"floor":49,"key":"RECALL"},{"floor":52,"key":"DIG"}],"circlet_count":0,"master_deck":["Survivor","Neutralize","Apotheosis+1","A Thousand Cuts","Reflex","ReplayTheSpireMod:The Works+1","Eviscerate","StuffTheSpire:DoubleShiv+1","Calculated Gamble+1","StuffTheSpire:Repulse+1","Acrobatics+1","Expertise+1","Prepared+1","Adrenaline+1","Escape Plan+1","Calculated Gamble+1","Backflip+1","Backflip+1","StuffTheSpire:Incantation+1"],"relics":["Ring of the Snake","MerchantsRug","RetroEgg","Dota2Spire:AghanimScepter","Replay:Rubber Ducky","Shovel","Toxic Egg 2","WizardHat","reliquary:BoilingFlask","Potion Belt","Runic Pyramid","Fusion Hammer","Mummified Hand","trackpad:SneckoScepter","trackpad:PetRock","hubris:Towel","Membership Card","CCEMRelics:SelfSharpeningBlade","CCEMRelics:JestersCrown","CCEMRelics:FakeTeeth","infinitespire:Bottled Soul","Mummified Hand","hubris:AncientText","Pen Nib","Pantograph","Dota2Spire:BlackKingBar","Medical Kit","Dota2Spire:AssaultCuirass"],"acts_visited":["Exordium","TheCity","TheBeyond","TheEnding"],"potions_floor_usage":[],"damage_taken":[{"damage":1.0,"enemies":"Jaw Worm","floor":1.0,"turns":3.0},{"damage":0.0,"enemies":"Cultist","floor":3.0,"turns":3.0},{"damage":16.0,"enemies":"Replay:BlueRogue","floor":7.0,"turns":4.0},{"damage":0.0,"enemies":"Small Slimes","floor":8.0,"turns":2.0},{"damage":0.0,"enemies":"3 Sentries","floor":11.0,"turns":2.0},{"damage":0.0,"enemies":"3 Louse","floor":12.0,"turns":1.0},{"damage":0.0,"enemies":"Lots of Slimes","floor":13.0,"turns":2.0},{"damage":0.0,"enemies":"Blue Slaver","floor":14.0,"turns":1.0},{"damage":0.0,"enemies":"Hexaghost","floor":16.0,"turns":2.0},{"damage":0.0,"enemies":"Shell Parasite","floor":18.0,"turns":1.0},{"damage":0.0,"enemies":"Spheric Guardian","floor":19.0,"turns":1.0},{"damage":0.0,"enemies":"Snecko","floor":21.0,"turns":1.0},{"damage":0.0,"enemies":"Cultist and Chosen","floor":25.0,"turns":2.0},{"damage":0.0,"enemies":"Shelled Parasite and Fungi","floor":26.0,"turns":2.0},{"damage":0.0,"enemies":"Replay:Snechameleon","floor":27.0,"turns":1.0},{"damage":0.0,"enemies":"Book of Stabbing","floor":31.0,"turns":1.0},{"damage":0.0,"enemies":"conspire:MysteriousRune","floor":33.0,"turns":1.0},{"damage":0.0,"enemies":"3 Darklings","floor":35.0,"turns":1.0},{"damage":0.0,"enemies":"Orb Walker","floor":36.0,"turns":1.0},{"damage":0.0,"enemies":"3 Darklings","floor":38.0,"turns":1.0},{"damage":0.0,"enemies":"Nemesis","floor":41.0,"turns":1.0},{"damage":0.0,"enemies":"4 Shapes","floor":48.0,"turns":1.0},{"damage":0,"enemies":"bossMod:newAwakened","floor":50,"turns":2},{"damage":0,"enemies":"Shield and Spear","floor":54,"turns":1},{"damage":1,"enemies":"The Heart","floor":55,"turns":3}],"seed_played":"859261776501967115","potions_obtained":[{"floor":3.0,"key":"blueLaboratory:EnragingPotion"},{"floor":8.0,"key":"blueLaboratory:SavagePotion"},{"floor":11.0,"key":"Fire Potion"},{"floor":12.0,"key":"blueLaboratory:SavagePotion"},{"floor":14.0,"key":"Fire Potion"},{"floor":16.0,"key":"blueLaboratory:ArtificerPotion"},{"floor":18.0,"key":"blueLaboratory:EnvenomedCoating"},{"floor":25.0,"key":"Strength Potion"},{"floor":27.0,"key":"Dexterity Potion"}],"is_trial":false,"path_per_floor":["M","?","M","?","?","R","E","M","T","$","E","M","M","M","R","B",null,"M","M","AVR","M","?","R","?","M","MIM","E","?","$","R","E","R","B",null,"M","M","?","M","$","R","E","R","T","?","$","R","AVR","M","R","B",null,"R","$","E","B",null],"character_chosen":"THE_SILENT","items_purchased":["MerchantsRug","RetroEgg","Apotheosis","Pandora\u0027s Box","Strawberry","BargainBundle","Dota2Spire:AghanimScepter","Replay:Rubber Ducky","Shovel","Acrobatics+1","Membership Card","infinitespire:Bottled Soul","Backflip+1","Medical Kit"],"campfire_rested":1,"item_purchase_floors":[0,0,0,0,0,0,0,0,0,10,29,39,39,53],"current_hp_per_floor":[27,27,27,27,27,50,34,34,34,34,34,34,34,34,34,34,66,66,66,66,66,66,66,66,66,66,66,66,66,66,66,66,66,74,74,74,74,74,74,74,74,74,74,74,74,74,74,74,74,77,77,77,77,77,76],"gold":104,"neow_bonus":"","is_daily":false,"chose_seed":false,"campfire_upgraded":0,"win_rate":0.0,"timestamp":1613236423,"path_taken":["M","?","?","?","?","R","E","M","T","$","E","M","?","?","R","BOSS","M","M","AVR","M","?","R","?","M","MIM","E","?","$","R","E","R","BOSS","M","M","?","?","$","R","E","R","T","?","?","R","AVR","M","R","BOSS","R","$","E","BOSS"],"items_purchased_type":["Relic","Relic","Card","Relic","Relic","Relic","Relic","Relic","Relic","Card","Relic","Relic","Card","Relic"],"build_version":"2020-12-22","purchased_purges":6,"victory":true,"max_hp_per_floor":[77,77,77,77,77,77,77,77,77,77,77,77,77,77,77,77,77,77,77,77,77,77,77,77,77,77,77,77,77,77,77,77,77,77,77,77,77,77,77,77,77,77,77,77,77,77,77,77,77,77,77,77,77,77,77],"card_choices":[{"not_picked":["StuffTheSpire:BrimstoneBlast","Terror"],"picked":"StuffTheSpire:DoubleShiv","floor":1.0},{"not_picked":["Blade Dance","Quick Slash","StuffTheSpire:BumpUp"],"picked":"SKIP","floor":3.0},{"not_picked":["Sneak Up+1","Slice"],"picked":"Calculated Gamble+1","floor":7.0},{"not_picked":["Quick Slash","PiercingWail+1"],"picked":"StuffTheSpire:Repulse+1","floor":8.0},{"not_picked":["Masterful Stab","ReplayTheSpireMod:Tripwire+1","Hidden Blade+1"],"picked":"SKIP","floor":11.0},{"not_picked":["ShadowRift","StuffTheSpire:Injection"],"picked":"Expertise+1","floor":12.0},{"not_picked":["Quick Slash","Corpse Explosion+1","StuffTheSpire:Repulse+1"],"picked":"SKIP","floor":13.0},{"not_picked":["Well Laid Plans","StuffTheSpire:Injection"],"picked":"Prepared+1","floor":14.0},{"not_picked":["StuffTheSpire:FinalStruggle","Tools of the Trade"],"picked":"Adrenaline+1","floor":16.0},{"not_picked":["StuffTheSpire:Python+1","Hidden Blade+1","hubris:SlightOfHand+1"],"picked":"SKIP","floor":18.0},{"not_picked":["Prepared+1","Hidden Blade+1"],"picked":"Escape Plan+1","floor":19.0},{"not_picked":["StuffTheSpire:DoubleShiv+1","Cloak And Dagger+1","hubris:TrickCloak+1"],"picked":"SKIP","floor":21.0},{"not_picked":["Terror+1","Finisher","Blade Dance+1"],"picked":"SKIP","floor":25.0},{"not_picked":["Flying Knee","Dagger Throw+1"],"picked":"Backflip+1","floor":26.0},{"not_picked":["Slice+1","Poisoned Stab","Dagger Throw+1"],"picked":"SKIP","floor":27.0},{"not_picked":["Riddle With Holes","Well Laid Plans+1","Deadly Poison+1"],"picked":"SKIP","floor":31.0},{"not_picked":["Cloak And Dagger+1","Outmaneuver+1","Prepared+1"],"picked":"SKIP","floor":35.0},{"not_picked":["Deflect+1","StuffTheSpire:Sprint+1","Backstab+1"],"picked":"SKIP","floor":36.0},{"not_picked":["StuffTheSpire:ClusterCrunch","Dagger Throw+1","Slice+1"],"picked":"SKIP","floor":38.0},{"not_picked":["conspire:DoublingDagger+1","Dagger Throw+1"],"picked":"StuffTheSpire:Incantation+1","floor":41.0},{"not_picked":["StuffTheSpire:Shiver+1","Expertise+1","Leg Sweep+1"],"picked":"SKIP","floor":48.0},{"not_picked":["conspire:DoublingDagger+1","Dash","Dagger Throw+1"],"picked":"SKIP","floor":54}],"player_experience":749431,"relics_obtained":[{"floor":7.0,"key":"WizardHat"},{"floor":11.0,"key":"reliquary:BoilingFlask"},{"floor":15.0,"key":"Potion Belt"},{"floor":23.0,"key":"Mummified Hand"},{"floor":26.0,"key":"trackpad:SneckoScepter"},{"floor":27.0,"key":"trackpad:PetRock"},{"floor":30.0,"key":"CCEMRelics:SelfSharpeningBlade"},{"floor":31.0,"key":"CCEMRelics:JestersCrown"},{"floor":32.0,"key":"CCEMRelics:FakeTeeth"},{"floor":40.0,"key":"reliquary:SculptingSteel"},{"floor":41.0,"key":"hubris:AncientText"},{"floor":42.0,"key":"Pen Nib"},{"floor":43.0,"key":"Pantograph"},{"floor":46.0,"key":"reliquary:TridentHead"},{"floor":52,"key":"Dota2Spire:BlackKingBar"},{"floor":54,"key":"Dota2Spire:AssaultCuirass"}],"event_choices":[{"damage_healed":0.0,"max_hp_gain":0.0,"max_hp_loss":0.0,"gold_gain":0.0,"event_name":"Accursed Blacksmith","player_choice":"Forge","floor":2.0,"gold_loss":0.0,"damage_taken":0.0,"cards_upgraded":["Apotheosis"]},{"cards_removed":["Injury"],"damage_healed":0.0,"max_hp_gain":0.0,"max_hp_loss":0.0,"gold_gain":0.0,"event_name":"Wheel of Change","player_choice":"Card Removal","floor":5.0,"gold_loss":0.0,"damage_taken":0.0},{"damage_healed":0.0,"max_hp_gain":0.0,"max_hp_loss":0.0,"gold_gain":0.0,"event_name":"Duplicator","player_choice":"Copied","floor":37.0,"gold_loss":0.0,"damage_taken":0.0,"cards_obtained":["Calculated Gamble"]},{"cards_removed":["Backflip"],"damage_healed":0.0,"max_hp_gain":0.0,"max_hp_loss":0.0,"gold_gain":0.0,"event_name":"Falling","player_choice":"Removed Skill","floor":44.0,"gold_loss":0.0,"damage_taken":0.0}],"is_beta":false,"boss_relics":[{"not_picked":["energizedSpire:DeadBattery","Abe\u0027s Treasure"],"picked":"Runic Pyramid"},{"not_picked":["reliquary:Ember","Kintsugi","hubris:TerracottaHorce"]}],"items_purged_floors":[0,0,10,10,20,29],"is_endless":false,"potions_floor_spawned":[3,8,11,12,14,16,18,25,27,31,36,41],"ascension_level":8}}