{"host":"kh6fvhxn285ncg0o","time":1613241297,"event":{"mods":["Act Like it!","BaseMod","Colored Map","Friendly Minions","Keyboard Shortcuts","Minty Spire (QoL Compilation)","Quick Restart","Relic Stats","StSLib","SuperFastMode","UnlockEverythingMod"],"gold_per_floor":[118,137,150,32,32,57,57,57,109,109,128,128,139,151,151,151,151],"floor_reached":16,"language":"KOR","playtime":457,"items_purged":["Strike_R"],"score":204,"play_id":"8b7f68b8-5a2b-497a-ba65-e43bfca694e1","local_time":"20210214033457","is_ascension_mode":true,"campfire_choices":[{"data":"Feed","floor":7,"key":"SMITH"},{"floor":10,"key":"REST"},{"data":"Shockwave","floor":12,"key":"SMITH"},{"data":"Body Slam","floor":15,"key":"SMITH"}],"circlet_count":0,"master_deck":["AscendersBane","Strike_R","Strike_R","Strike_R","Defend_R","Defend_R","Defend_R","Defend_R","Bash","Shockwave+1","Fire Breathing","Feed+1","Feel No Pain","Burning Pact","Fiend Fire","Body Slam+1"],"relics":["Burning Blood","Centennial Puzzle","Boot","Orichalcum"],"acts_visited":[],"potions_floor_usage":[6,13,16,16],"damage_taken":[{"damage":13,"enemies":"Cultist","floor":1,"turns":5},{"damage":7,"enemies":"Jaw Worm","floor":2,"turns":3},{"damage":3,"enemies":"2 Louse","floor":3,"turns":3},{"damage":45,"enemies":"Lagavulin","floor":6,"turns":7},{"damage":18,"enemies":"Large Slime","floor":11,"turns":8},{"damage":15,"enemies":"Exordium Thugs","floor":13,"turns":7},{"damage":2,"enemies":"Blue Slaver","floor":14,"turns":2},{"damage":50,"enemies":"The Guardian","floor":16,"turns":11}],"seed_played":"675587209596905907","potions_obtained":[{"floor":1,"key":"PowerPotion"},{"floor":6,"key":"LiquidBronze"},{"floor":11,"key":"Regen Potion"},{"floor":14,"key":"SpeedPotion"}],"is_trial":false,"path_per_floor":["M","M","M","$","?","E","R","?","T","R","M","R","M","M","R","B"],"character_chosen":"IRONCLAD","items_purchased":["Feel No Pain"],"campfire_rested":1,"item_purchase_floors":[4],"current_hp_per_floor":[61,60,63,63,56,17,17,17,17,39,31,31,41,45,45,0,0],"gold":151,"neow_bonus":"RANDOM_COMMON_RELIC","is_daily":false,"chose_seed":false,"campfire_upgraded":3,"win_rate":0.0,"timestamp":1613241297,"path_taken":["M","M","M","$","?","E","R","?","T","R","M","R","M","M","R","BOSS"],"items_purchased_type":["Card"],"build_version":"2020-12-22","purchased_purges":1,"victory":false,"max_hp_per_floor":[75,75,75,75,75,75,75,75,75,75,79,79,83,83,83,83,83],"relic_stats":{"Centennial Puzzle":[24],"counters":[8,46],"Orichalcum":[54],"Boot":[2],"obtain_stats":[{"Centennial Puzzle":0,"Orichalcum":9,"Boot":6,"Burning Blood":0},{"Centennial Puzzle":0,"Orichalcum":4,"Boot":4,"Burning Blood":0},{"Centennial Puzzle":0,"Orichalcum":18,"Boot":18,"Burning Blood":0}],"Burning Blood":42},"card_choices":[{"not_picked":["Sword Boomerang","Anger"],"picked":"Shockwave","floor":1},{"not_picked":["Armaments","Whirlwind"],"picked":"Fire Breathing","floor":2},{"not_picked":["Thunderclap","Feel No Pain"],"picked":"Feed","floor":3},{"not_picked":["Sword Boomerang","Thunderclap","Body Slam"],"picked":"SKIP","floor":6},{"not_picked":["Headbutt","Armaments"],"picked":"Burning Pact","floor":11},{"not_picked":["True Grit","Heavy Blade"],"picked":"Fiend Fire","floor":13},{"not_picked":["Flex","Heavy Blade"],"picked":"Body Slam","floor":14}],"player_experience":1385218,"relics_obtained":[{"floor":6,"key":"Boot"},{"floor":9,"key":"Orichalcum"}],"event_choices":[{"cards_removed":["Strike_R"],"damage_healed":0,"gold_gain":0,"player_choice":"Card Removal","damage_taken":7,"max_hp_gain":0,"max_hp_loss":0,"event_name":"Golden Wing","floor":5,"gold_loss":0},{"damage_healed":0,"gold_gain":0,"player_choice":"Ignored","damage_taken":0,"max_hp_gain":0,"max_hp_loss":0,"event_name":"Shining Light","floor":8,"gold_loss":0}],"is_beta":false,"boss_relics":[],"items_purged_floors":[4],"is_endless":false,"potions_floor_spawned":[1,6,11,14],"killed_by":"The Guardian","ascension_level":20}}