{"host":"Lingo","time":1613258025,"event":{"mods":["BaseMod","Better Third Choice","Bossed Relics","Evolution","Minty Spire (QoL Compilation)","Relic Stats","Replay The Spire","StSLib"],"gold_per_floor":[113,129,141,141,151,151,177,177,177,202,212,87,98,115,115,212,212,232,218,218,317,333,333,358,358,358],"floor_reached":25,"language":"ENG","playtime":1856,"items_purged":["Strike_G"],"score":294,"play_id":"f499a721-238e-409f-b4e0-d9b24522103d","local_time":"20210213151345","is_ascension_mode":true,"campfire_choices":[{"data":"Hidden Blade","floor":6,"key":"SMITH"},{"data":"Poisoned Stab","floor":8,"key":"SMITH"},{"floor":15,"key":"REST"},{"floor":23,"key":"REST"}],"circlet_count":0,"master_deck":["Strike_G","Strike_G","Strike_G","Strike_G","Defend_G","Defend_G","Defend_G","Defend_G","Survivor","Neutralize","Deadly Poison","Dagger Spray","Poisoned Stab+1","Sucker Punch+1","Hidden Blade+1","Poison Darts","Well Laid Plans","ReplayTheSpireMod:Speed Training","Blade Dance","Corpse Explosion","Leg Sweep","Replay:Poison Smokescreen+1"],"relics":["Ring of the Snake","EVO:Axolotl","Replay:Baseball","Molten Egg 2","Counterbalance","Black Star","Bronze Scales","ReplayTheSpireMod:Lightbulb"],"acts_visited":["Exordium","TheCity"],"potions_floor_usage":[7,10,13,14,16,18,24],"damage_taken":[{"damage":2,"enemies":"2 Louse","floor":1,"turns":4},{"damage":0,"enemies":"Small Slimes","floor":2,"turns":4},{"damage":0,"enemies":"Jaw Worm","floor":3,"turns":3},{"damage":4,"enemies":"3 Louse","floor":5,"turns":2},{"damage":22,"enemies":"Lagavulin","floor":7,"turns":5},{"damage":22,"enemies":"3 Sentries","floor":10,"turns":6},{"damage":3,"enemies":"Red Slaver","floor":11,"turns":4},{"damage":17,"enemies":"Large Slime","floor":13,"turns":4},{"damage":6,"enemies":"2 Fungi Beasts","floor":14,"turns":2},{"damage":13,"enemies":"Hexaghost","floor":16,"turns":10},{"damage":0,"enemies":"Chosen","floor":18,"turns":4},{"damage":20,"enemies":"2 Thieves","floor":19,"turns":4},{"damage":19,"enemies":"Snecko","floor":22,"turns":5},{"damage":24,"enemies":"Replay:Snechameleon","floor":24,"turns":7},{"damage":19,"enemies":"Cultist and Chosen","floor":25,"turns":3}],"seed_played":"8476079957233630693","potions_obtained":[{"floor":1,"key":"Energy Potion"},{"floor":3,"key":"FearPotion"},{"floor":5,"key":"CunningPotion"},{"floor":7,"key":"Poison Potion"},{"floor":14,"key":"Fire Potion"},{"floor":19,"key":"DuplicationPotion"}],"is_trial":false,"path_per_floor":["M","M","M","?","M","R","E","R","T","E","M","$","M","M","R","B",null,"M","M","?","?","M","R","E","M"],"character_chosen":"THE_SILENT","items_purchased":["Swift Potion"],"campfire_rested":2,"item_purchase_floors":[12],"current_hp_per_floor":[75,75,75,75,71,71,49,49,49,27,24,24,7,1,24,11,61,61,41,27,27,8,32,8,0,0],"gold":358,"neow_bonus":"TEN_PERCENT_HP_BONUS","is_daily":false,"chose_seed":false,"campfire_upgraded":2,"win_rate":0.0,"timestamp":1613258025,"path_taken":["M","M","M","?","M","R","E","R","T","E","M","$","M","M","R","BOSS","M","M","?","?","M","R","E","M"],"items_purchased_type":["Potion"],"build_version":"2020-12-18","purchased_purges":1,"victory":false,"max_hp_per_floor":[77,77,77,77,77,77,77,77,77,77,77,77,77,77,77,77,77,77,77,82,82,82,82,82,82,82],"relic_stats":{"counters":[15,67],"Bronze Scales":[12],"Black Star":1,"obtain_stats":[{"Replay:Baseball":7,"Counterbalance":10,"Bronze Scales":24,"Molten Egg 2":9,"Black Star":17,"EVO:Axolotl":0,"ReplayTheSpireMod:Lightbulb":24,"Ring of the Snake":0},{"Replay:Baseball":5,"Counterbalance":6,"Bronze Scales":14,"Molten Egg 2":5,"Black Star":10,"EVO:Axolotl":0,"ReplayTheSpireMod:Lightbulb":14,"Ring of the Snake":0},{"Replay:Baseball":18,"Counterbalance":24,"Bronze Scales":64,"Molten Egg 2":18,"Black Star":44,"EVO:Axolotl":0,"ReplayTheSpireMod:Lightbulb":64,"Ring of the Snake":0}],"Ring of the Snake":[30]},"card_choices":[{"not_picked":["All Out Attack","Tactician"],"picked":"Deadly Poison","floor":1},{"not_picked":["Riddle With Holes","Tactician"],"picked":"Dagger Spray","floor":2},{"not_picked":["Blade Dance","Dodge and Roll"],"picked":"Poisoned Stab","floor":3},{"not_picked":["Outmaneuver","A Thousand Cuts"],"picked":"Hidden Blade","floor":5},{"not_picked":["Dagger Throw","Poisoned Stab"],"picked":"Poison Darts","floor":7},{"not_picked":["Bouncing Flask","Backstab+1"],"picked":"Well Laid Plans","floor":10},{"not_picked":["Dagger Throw+1","PiercingWail"],"picked":"ReplayTheSpireMod:Speed Training","floor":11},{"not_picked":["Dodge and Roll","Deflect"],"picked":"Blade Dance","floor":13},{"not_picked":["Dodge and Roll","Quick Slash+1","Prepared"],"picked":"SKIP","floor":14},{"not_picked":["Grand Finale+1","Adrenaline"],"picked":"Corpse Explosion","floor":16},{"not_picked":["Bane+1","Dagger Spray+1"],"picked":"Leg Sweep","floor":18},{"not_picked":["Dagger Spray+1","Blur","Expertise"],"picked":"SKIP","floor":19},{"not_picked":["Dagger Throw+1","Underhanded Strike+1","Eviscerate+1"],"picked":"SKIP","floor":22},{"not_picked":["Bane+1","Poisoned Stab+1"],"picked":"Replay:Poison Smokescreen+1","floor":24}],"player_experience":615599,"relics_obtained":[{"floor":7,"key":"Replay:Baseball"},{"floor":9,"key":"Molten Egg 2"},{"floor":10,"key":"Counterbalance"},{"floor":24,"key":"Bronze Scales"},{"floor":24,"key":"ReplayTheSpireMod:Lightbulb"}],"event_choices":[{"damage_healed":0,"gold_gain":0,"player_choice":"Shed Blood","damage_taken":19,"max_hp_gain":5,"max_hp_loss":0,"event_name":"Forgotten Altar","floor":20,"gold_loss":0},{"damage_healed":0,"gold_gain":99,"player_choice":"Steal","damage_taken":0,"max_hp_gain":0,"max_hp_loss":0,"event_name":"betterThird:BetterNest","floor":21,"gold_loss":0}],"is_beta":true,"boss_relics":[{"not_picked":["WristBlade","Coffee Dripper"],"picked":"Black Star"}],"items_purged_floors":[12],"is_endless":false,"potions_floor_spawned":[1,3,5,7,14,19],"killed_by":"Cultist and Chosen","ascension_level":5}}