{"host":"7l2t4psy44vpcd9q","time":1613228230,"event":{"mods":["AchievementEnabler","BaseMod","DeckTracker","Minty Spire (QoL Compilation)","SuperFastMode"],"gold_per_floor":[10,10,21,36,52,81,81,92,92,92,105,105,105,80,80,80,80],"floor_reached":16,"language":"KOR","playtime":495,"items_purged":[],"score":208,"play_id":"7426a536-4d66-4d55-827a-484386fb23da","local_time":"20210213235710","is_ascension_mode":true,"campfire_choices":[{"data":"Armaments","floor":7,"key":"SMITH"},{"data":"Pommel Strike","floor":10,"key":"SMITH"},{"data":"Carnage","floor":12,"key":"SMITH"},{"data":"Chrysalis","floor":15,"key":"SMITH"}],"circlet_count":0,"master_deck":["AscendersBane","Strike_R","Strike_R","Strike_R","Strike_R","Defend_R","Defend_R","Defend_R","Defend_R","Bash","Chrysalis+1","Anger","Armaments+1","Power Through","Pommel Strike+1","Battle Trance","Twin Strike","Carnage+1"],"relics":["Burning Blood","MealTicket","Blue Candle"],"acts_visited":["Exordium"],"potions_floor_usage":[6,6,16,16],"damage_taken":[{"damage":21,"enemies":"Jaw Worm","floor":1,"turns":5},{"damage":6,"enemies":"Cultist","floor":3,"turns":4},{"damage":4,"enemies":"2 Louse","floor":4,"turns":4},{"damage":6,"enemies":"Looter","floor":5,"turns":4},{"damage":25,"enemies":"3 Sentries","floor":6,"turns":6},{"damage":1,"enemies":"2 Fungi Beasts","floor":8,"turns":4},{"damage":8,"enemies":"Red Slaver","floor":11,"turns":4},{"damage":0,"enemies":"Exordium Thugs","floor":14,"turns":4},{"damage":45,"enemies":"Hexaghost","floor":16,"turns":12}],"seed_played":"-8904264023523070561","potions_obtained":[{"floor":3,"key":"Explosive Potion"},{"floor":4,"key":"PowerPotion"},{"floor":6,"key":"GamblersBrew"},{"floor":8,"key":"DuplicationPotion"}],"is_trial":false,"path_per_floor":["M","?","M","M","M","E","R","M","T","R","M","R","?","M","R","B"],"character_chosen":"IRONCLAD","items_purchased":[],"campfire_rested":0,"item_purchase_floors":[],"current_hp_per_floor":[53,53,53,55,55,36,36,41,41,41,39,39,32,38,38,0,0],"gold":80,"neow_bonus":"RANDOM_COLORLESS_2","is_daily":false,"chose_seed":false,"campfire_upgraded":4,"win_rate":0.0,"timestamp":1613228230,"path_taken":["M","?","M","M","?","E","R","M","T","R","M","R","?","M","R","BOSS"],"items_purchased_type":[],"build_version":"2020-12-22","purchased_purges":0,"victory":false,"max_hp_per_floor":[75,75,75,75,75,75,75,75,75,75,75,75,75,75,75,75,75],"card_choices":[{"not_picked":["Secret Weapon","Thinking Ahead"],"picked":"Chrysalis","floor":0},{"not_picked":["Disarm","Clothesline"],"picked":"Anger","floor":1},{"not_picked":["Havoc","Clash"],"picked":"Armaments","floor":3},{"not_picked":["Perfected Strike","Warcry"],"picked":"Power Through","floor":4},{"not_picked":["Sword Boomerang","Thunderclap"],"picked":"Pommel Strike","floor":5},{"not_picked":["Rampage","Anger"],"picked":"Battle Trance","floor":6},{"not_picked":["Shrug It Off","Shockwave"],"picked":"Twin Strike","floor":8},{"not_picked":["Burning Pact","Fiend Fire"],"picked":"Carnage","floor":11},{"not_picked":["Heavy Blade","Feel No Pain","Metallicize"],"picked":"SKIP","floor":14}],"player_experience":1297199,"relics_obtained":[{"floor":2,"key":"MealTicket"},{"floor":6,"key":"Blue Candle"}],"event_choices":[{"damage_healed":0,"gold_gain":0,"player_choice":"Relic","damage_taken":0,"max_hp_gain":0,"max_hp_loss":0,"event_name":"Wheel of Change","floor":2,"gold_loss":0},{"cards_removed":["Strike_R"],"damage_healed":0,"gold_gain":0,"player_choice":"Card Removal","damage_taken":7,"max_hp_gain":0,"max_hp_loss":0,"event_name":"Golden Wing","floor":13,"gold_loss":0}],"is_beta":false,"boss_relics":[],"items_purged_floors":[],"is_endless":false,"potions_floor_spawned":[3,4,6,8,14],"killed_by":"Hexaghost","ascension_level":20}}