{"host":"18wi9kpcl4eah7pe","time":1613231592,"event":{"mods":["BaseMod","Colored Powertips","Downfall","Minty Spire (QoL Compilation)","StSLib"],"gold_per_floor":[99,117,174,174,7,27,54,54,39,51,51,62,62,94,107,107,107,107],"floor_reached":16,"language":"ENG","playtime":461,"items_purged":[],"score":130,"play_id":"753284c0-7ed3-43f6-9cdb-9dd8c5de3994","local_time":"20210213095312","is_ascension_mode":true,"campfire_choices":[{"floor":1.0,"key":"RECALL"},{"floor":8.0,"key":"REST"},{"floor":13.0,"key":"REST"}],"circlet_count":0,"master_deck":["bronze:Strike","bronze:Strike","bronze:Strike","bronze:Strike","bronze:Defend","bronze:Defend","bronze:Defend","bronze:Defend","bronze:Replicate","bronze:Goto","bronze:FineTuning","bronze:Repulsor+1","bronze:Library","bronze:WildBeam","bronze:BuggyMess","bronze:Separator","bronze:Fortify","bronze:Iterate","bronze:OilSpill"],"relics":["bronze:BronzeCore","Toy Ornithopter","PreservedInsect","Akabeko","bronze:BronzeIdol","InkBottle"],"acts_visited":["Exordium"],"potions_floor_usage":[16,16,16],"damage_taken":[{"damage":1.0,"enemies":"Cultist","floor":2.0,"turns":3.0},{"damage":40.0,"enemies":"Gremlin Nob","floor":3.0,"turns":5.0},{"damage":0.0,"enemies":"downfall:FleeingMerchant","floor":5.0,"turns":4.0},{"damage":0.0,"enemies":"Small Slimes","floor":6.0,"turns":3.0},{"damage":15.0,"enemies":"downfall:FleeingMerchant","floor":9.0,"turns":4.0},{"damage":12.0,"enemies":"Jaw Worm","floor":10.0,"turns":3.0},{"damage":15.0,"enemies":"Gremlin Gang","floor":12.0,"turns":4.0},{"damage":16,"enemies":"Gremlin Nob","floor":14,"turns":3},{"damage":7,"enemies":"2 Fungi Beasts","floor":15,"turns":3},{"damage":26,"enemies":"IC_STATUS_ARCHETYPE","floor":16,"turns":2}],"seed_played":"7191439612152460476","potions_obtained":[{"floor":3.0,"key":"Block Potion"},{"floor":10.0,"key":"sneckomod:MuddlingPotion"},{"floor":14,"key":"SkillPotion"},{"floor":15,"key":"SkillPotion"}],"is_trial":false,"path_per_floor":["R","M","?","?","$","M","T","R","$","M","?","M","R","E","M","B"],"character_chosen":"THE_AUTOMATON","items_purchased":["PreservedInsect"],"campfire_rested":2,"item_purchase_floors":[5],"current_hp_per_floor":[70,69,29,29,34,34,34,57,42,30,18,3,26,10,3,0,0,0],"gold":107,"neow_bonus":"TEN_PERCENT_HP_BONUS","is_daily":false,"chose_seed":false,"campfire_upgraded":0,"win_rate":0.0,"timestamp":1613231592,"path_taken":["R","M","?","?","$","?","T","R","$","?","?","M","R","E","M","BOSS"],"items_purchased_type":["Relic"],"build_version":"2020-12-22","purchased_purges":0,"victory":false,"max_hp_per_floor":[77,77,77,77,77,77,77,77,77,77,77,77,77,77,77,77,77,77],"card_choices":[{"not_picked":["bronze:Deprecate","bronze:BitShift"],"picked":"bronze:FineTuning","floor":2.0},{"not_picked":["bronze:BuggyMess","bronze:CutThrough"],"picked":"bronze:Repulsor","floor":3.0},{"not_picked":["bronze:BitShift","bronze:Flail"],"picked":"bronze:Library","floor":5.0},{"not_picked":["bronze:Turbo","bronze:OilSpill"],"picked":"bronze:WildBeam","floor":6.0},{"not_picked":["bronze:Iterate","bronze:ForLoop"],"picked":"bronze:BuggyMess","floor":9.0},{"not_picked":["bronze:OilSpill","bronze:Fortify"],"picked":"bronze:Separator","floor":10.0},{"not_picked":["bronze:Invalidate","bronze:DelayedGuard"],"picked":"bronze:Fortify","floor":12.0},{"not_picked":["bronze:ForceShield","bronze:DelayedSlice"],"picked":"bronze:Iterate","floor":14},{"not_picked":["bronze:TinkerersToolbox","bronze:BitShift"],"picked":"bronze:OilSpill","floor":15}],"player_experience":1029255,"relics_obtained":[{"floor":3.0,"key":"Toy Ornithopter"},{"floor":7.0,"key":"Akabeko"},{"floor":14,"key":"InkBottle"}],"event_choices":[{"damage_healed":0.0,"max_hp_gain":0.0,"max_hp_loss":0.0,"gold_gain":0.0,"event_name":"Scrap Ooze","player_choice":"Success","floor":11.0,"gold_loss":0.0,"damage_taken":12.0,"relics_obtained":["bronze:BronzeIdol"]}],"is_beta":false,"boss_relics":[],"items_purged_floors":[],"is_endless":false,"potions_floor_spawned":[3,10,14,15],"killed_by":"IC_STATUS_ARCHETYPE","ascension_level":6}}