{"host":"ljnkpwbnfujn5lym","time":1613235432,"event":{"mods":["Bard","BaseMod","Better Note","Colored Map","Colored Powertips","Exacting","Googly Eyes","Highlight Path","Infinite Spire","Minty Spire (QoL Compilation)","Permanent Neow","Quick Restart","Relic Sorter","Relic Stats","Replay The Spire","StSLib","The IronCluck","slay the spire mod where everything is the same but ironclad has a cowboy hat"],"gold_per_floor":[14,14,14,44,74,74,90,133,133,133,153,186,186,146,146,319,319,335,354,354,379,394,394,394,394],"floor_reached":24,"language":"ENG","playtime":1008,"items_purged":[],"score":322,"play_id":"0e8040e6-5405-4109-9d0e-6c29da28f6e3","local_time":"20210213105712","is_ascension_mode":true,"campfire_choices":[{"data":"Protect","floor":6.0,"key":"SMITH"},{"data":"TalkToTheHand","floor":10.0,"key":"SMITH"},{"floor":13.0,"key":"REST"},{"data":"WaveOfTheHand","floor":15.0,"key":"SMITH"},{"floor":23.0,"key":"REST"}],"circlet_count":0,"master_deck":["AscendersBane","Strike_P","Strike_P+1","Strike_P+1","Strike_P","Defend_P+1","Defend_P+1","Defend_P+1","Defend_P+1","Eruption","Vigilance","CrushJoints+1","Protect+1","Conclude+1","TalkToTheHand+1","WaveOfTheHand+1","WheelKick","LessonLearned+1","DeceiveReality+1","SashWhip+1","Perseverance+1"],"relics":["PureWater","Ginger","Golden Idol","TeardropLocket","Replay:Bottled Eggs","Oddly Smooth Stone","Cursed Key"],"acts_visited":["Exordium","TheCity"],"potions_floor_usage":[],"damage_taken":[{"damage":6.0,"enemies":"Small Slimes","floor":1.0,"turns":5.0},{"damage":7.0,"enemies":"Jaw Worm","floor":4.0,"turns":2.0},{"damage":4.0,"enemies":"2 Louse","floor":5.0,"turns":4.0},{"damage":8.0,"enemies":"Lots of Slimes","floor":7.0,"turns":2.0},{"damage":11.0,"enemies":"3 Sentries","floor":8.0,"turns":7.0},{"damage":0.0,"enemies":"Blue Slaver","floor":11.0,"turns":1.0},{"damage":16.0,"enemies":"Lagavulin","floor":12.0,"turns":5.0},{"damage":53.0,"enemies":"Hexaghost","floor":16.0,"turns":19.0},{"damage":12.0,"enemies":"3 Byrds","floor":18.0,"turns":6.0},{"damage":2.0,"enemies":"Chosen","floor":19.0,"turns":3.0},{"damage":1.0,"enemies":"Snecko","floor":21.0,"turns":6.0},{"damage":3.0,"enemies":"Snake Plant","floor":22.0,"turns":6.0},{"damage":56,"enemies":"Gremlin Leader","floor":24,"turns":12}],"seed_played":"-1521412659606655186","potions_obtained":[{"floor":1.0,"key":"Ancient Potion"},{"floor":1.0,"key":"GamblersBrew"},{"floor":12.0,"key":"AttackPotion"},{"floor":14.0,"key":"FairyPotion"},{"floor":21.0,"key":"Cursed Concoction"}],"is_trial":false,"path_per_floor":["M","?","?","M","M","R","M","E","T","R","M","E","R","?","R","B",null,"M","M","?","M","M","R","E"],"character_chosen":"WATCHER","items_purchased":[],"campfire_rested":2,"item_purchase_floors":[],"current_hp_per_floor":[66,66,66,59,55,55,47,36,36,36,36,20,40,40,40,10,53,41,39,39,38,35,55,0,0],"gold":394,"neow_bonus":"ONE_RARE_RELIC","is_daily":false,"chose_seed":false,"campfire_upgraded":3,"win_rate":0.0,"timestamp":1613235432,"path_taken":["M","?","?","M","?","R","M","E","T","R","M","E","R","?","R","BOSS","M","?","?","M","?","R","E"],"items_purchased_type":[],"build_version":"2020-12-22","purchased_purges":0,"victory":false,"max_hp_per_floor":[72,67,67,67,67,67,67,67,67,67,67,67,67,67,67,67,67,67,67,67,67,67,67,67,67],"relic_stats":{"counters":[13,78],"Golden Idol":70,"Ginger":[10],"Cursed Key":0,"obtain_stats":[{"Golden Idol":2,"Oddly Smooth Stone":12,"Ginger":0,"TeardropLocket":8,"PureWater":0,"Replay:Bottled Eggs":9,"Cursed Key":17},{"Golden Idol":1,"Oddly Smooth Stone":7,"Ginger":0,"TeardropLocket":5,"PureWater":0,"Replay:Bottled Eggs":5,"Cursed Key":8},{"Golden Idol":5,"Oddly Smooth Stone":26,"Ginger":0,"TeardropLocket":20,"PureWater":0,"Replay:Bottled Eggs":20,"Cursed Key":45}]},"card_choices":[{"not_picked":["Replay:AtTheReady","CutThroughFate"],"picked":"CrushJoints","floor":1.0},{"not_picked":["Prostrate","SandsOfTime"],"picked":"Protect","floor":4.0},{"not_picked":["PathToVictory","Protect"],"picked":"Conclude","floor":5.0},{"not_picked":["Replay:AtTheReady","ClearTheMind","WindmillStrike"],"picked":"SKIP","floor":7.0},{"not_picked":["PathToVictory","EmptyFist"],"picked":"TalkToTheHand","floor":8.0},{"not_picked":["Prostrate","Replay:ManipulateFuture"],"picked":"WaveOfTheHand","floor":11.0},{"not_picked":["FlyingSleeves","Perseverance"],"picked":"WheelKick","floor":12.0},{"not_picked":["Ragnarok","Brilliance"],"picked":"LessonLearned","floor":16.0},{"not_picked":["PathToVictory","CrushJoints+1"],"picked":"DeceiveReality","floor":18.0},{"not_picked":["FlurryOfBlows","Replay:Hum+1"],"picked":"SashWhip+1","floor":19.0},{"not_picked":["CarveReality","Replay:Anticipation+1","FlyingSleeves"],"picked":"SKIP","floor":21.0},{"not_picked":["Wireheading","Conclude"],"picked":"Perseverance+1","floor":22.0}],"player_experience":639073,"relics_obtained":[{"floor":8.0,"key":"TeardropLocket"},{"floor":9.0,"key":"Replay:Bottled Eggs"},{"floor":12.0,"key":"Oddly Smooth Stone"}],"event_choices":[{"damage_healed":0.0,"max_hp_gain":0.0,"max_hp_loss":5.0,"gold_gain":0.0,"event_name":"Golden Idol","player_choice":"Lose Max HP","floor":2.0,"gold_loss":0.0,"damage_taken":0.0,"relics_obtained":["Golden Idol"]},{"damage_healed":0.0,"max_hp_gain":0.0,"max_hp_loss":0.0,"gold_gain":0.0,"event_name":"Living Wall","player_choice":"Grow","floor":3.0,"gold_loss":0.0,"damage_taken":0.0,"cards_upgraded":["CrushJoints"]},{"damage_healed":0.0,"max_hp_gain":0.0,"max_hp_loss":0.0,"gold_gain":0.0,"event_name":"The Woman in Blue","player_choice":"Bought 3 Potions","floor":14.0,"gold_loss":0.0,"damage_taken":0.0},{"damage_healed":0.0,"max_hp_gain":0.0,"max_hp_loss":0.0,"gold_gain":0.0,"event_name":"Accursed Blacksmith","player_choice":"Forge","floor":20.0,"gold_loss":0.0,"damage_taken":0.0,"cards_upgraded":["Conclude"]}],"is_beta":false,"boss_relics":[{"not_picked":["Philosopher\u0027s Stone","ChewingGum"],"picked":"Cursed Key"}],"items_purged_floors":[],"is_endless":false,"potions_floor_spawned":[1,5,12,21],"killed_by":"Gremlin Leader","ascension_level":11}}