{"host":"y4fuci1jk2rsxnep","time":1613236996,"event":{"mods":["AchievementEnabler","BaseMod","Colored Powertips","Custom Start","Defuse TimeMaze Blight","Dio Mod","Downfall","Hermit","Hero for Fun","Hubris","Hunter ??","Infinite Spire","Minty Spire (QoL Compilation)","Quick Restart","Reliquary","Remove Card Discount Mod","Replay The Spire","StSLib","The Blackbeard","The Bug Knight","The Mystic","The Runesmith"],"gold_per_floor":[114,214,229,245,261,294,307,340,367,387,387,404,404,415,415,518,518,536,536,553,391,407,433,433,247,247,267,267,279,279,279,279,375,375,388,405,405,475,475,506,506,531,531,531,541,553,242,260,260,260],"floor_reached":51,"language":"ENG","playtime":5043,"items_purged":["blackbeard:BlackbeardStrike","blackbeard:BlackbeardDefend","blackbeard:BlackbeardStrike","blackbeard:BlackbeardStrike"],"score":752,"play_id":"b1aa8269-08b7-47ae-8a94-ffc6f29cd6f4","local_time":"20210213182316","is_ascension_mode":true,"campfire_choices":[{"floor":11,"key":"REST"},{"data":"blackbeard:Rum","floor":13,"key":"SMITH"},{"data":"blackbeard:Cutlass","floor":15,"key":"SMITH"},{"data":"blackbeard:Rum","floor":24,"key":"SMITH"},{"data":"blackbeard:WoodenLeg","floor":30,"key":"SMITH"},{"floor":32,"key":"REST"},{"data":"blackbeard:Salvager","floor":41,"key":"SMITH"}],"circlet_count":0,"master_deck":["blackbeard:BlackbeardStrike","blackbeard:IntimidatingStrike","blackbeard:BlackbeardDefend","blackbeard:BlackbeardDefend","blackbeard:Cutlass+1","blackbeard:BlindAttacks+1","blackbeard:GoldenStrike","blackbeard:CaptainsCabin+1","blackbeard:Rum+1","blackbeard:WeaponMastery","blackbeard:Rum+1","blackbeard:InfiniteBarrage","blackbeard:GoldenDefense","blackbeard:Spear+1","blackbeard:DoubleCannonball","blackbeard:WeaponMastery","blackbeard:Toast+1","blackbeard:WoodenLeg+1","blackbeard:Spear","Poisoned Strike","blackbeard:GoldenDefense","blackbeard:Salvager+1","blackbeard:Parrot","blackbeard:PiratesWill","blackbeard:PirateEarring","blackbeard:WoodenLeg","blackbeard:Toast","blackbeard:WoodenLeg"],"relics":["blackbeard:LoadTheCannons","Bottled Tornado","Happy Flower","Runesmith:AutoHammer","hubris:ScarierMask","ClockworkSouvenir","infinitespire:Joker Card","Nunchaku","Replay:Bottled Steam","Sozu","ReplayTheSpireMod:Ring of Collecting","War Paint","Prayer Wheel","Du-Vu Doll","Meat on the Bone","Eternal Feather"],"acts_visited":["Exordium","TheCity","TheBeyond"],"potions_floor_usage":[8,33],"damage_taken":[{"damage":8,"enemies":"Jaw Worm","floor":1,"turns":3},{"damage":8,"enemies":"infinitespire:Voidling","floor":3,"turns":3},{"damage":0,"enemies":"Cultist","floor":4,"turns":2},{"damage":5,"enemies":"Lots of Slimes","floor":5,"turns":5},{"damage":38,"enemies":"Lagavulin","floor":6,"turns":7},{"damage":18,"enemies":"Exordium Thugs","floor":7,"turns":6},{"damage":0,"enemies":"HollowMod:MossKnight","floor":8,"turns":5},{"damage":0,"enemies":"Blue Slaver","floor":10,"turns":4},{"damage":1,"enemies":"2 Fungi Beasts","floor":12,"turns":5},{"damage":0,"enemies":"Large Slime","floor":14,"turns":5},{"damage":21,"enemies":"The Guardian","floor":16,"turns":13},{"damage":0,"enemies":"3 Byrds","floor":18,"turns":5},{"damage":33,"enemies":"Snecko","floor":20,"turns":8},{"damage":15,"enemies":"Snake Plant","floor":22,"turns":5},{"damage":19,"enemies":"HollowMod:Nosk","floor":23,"turns":6},{"damage":3,"enemies":"Centurion and Healer","floor":27,"turns":4},{"damage":2,"enemies":"Chosen and Byrds","floor":29,"turns":3},{"damage":23,"enemies":"Automaton","floor":33,"turns":8},{"damage":9,"enemies":"Orb Walker","floor":35,"turns":3},{"damage":0,"enemies":"3 Shapes","floor":36,"turns":5},{"damage":9,"enemies":"R_Hoarder","floor":40,"turns":7},{"damage":7,"enemies":"Nemesis","floor":42,"turns":5},{"damage":32,"enemies":"Spire Growth","floor":45,"turns":5},{"damage":15,"enemies":"4 Shapes","floor":46,"turns":6},{"damage":0,"enemies":"Maw","floor":48,"turns":6},{"damage":34,"enemies":"Time Eater","floor":50,"turns":10}],"seed_played":"4609852248708845420","potions_obtained":[{"floor":1,"key":"bronze:BurnAndBuffPotion"},{"floor":6,"key":"Elixir"},{"floor":7,"key":"Fire Potion"},{"floor":12,"key":"EntropicBrew"},{"floor":20,"key":"CultistPotion"},{"floor":33,"key":"PowerPotion"}],"is_trial":false,"path_per_floor":["M","?","M","M","M","E","M","E","T","M","R","M","R","M","R","B",null,"M","?","M","$","M","E","R","$","T","M","T","M","R","?","R","B",null,"M","M","?","?","AVR","E","R","E","T","?","M","M","$","M","R","B",null],"character_chosen":"BLACKBEARD_CLASS","items_purchased":["ClockworkSouvenir","Poisoned Strike","Eternal Feather","blackbeard:Toast"],"campfire_rested":2,"item_purchase_floors":[21,25,47,47],"current_hp_per_floor":[72,72,64,64,59,21,3,3,3,3,27,26,26,26,26,5,80,80,80,47,47,32,13,13,13,13,10,10,8,8,8,32,9,80,71,71,71,71,71,62,62,55,55,55,35,32,32,44,80,46],"gold":260,"neow_bonus":"RANDOM_EVENT","is_daily":false,"chose_seed":false,"campfire_upgraded":5,"win_rate":0.0,"timestamp":1613236996,"path_taken":["M","?","M","M","M","E","M","E","T","M","R","M","R","?","R","BOSS","M","?","M","$","?","E","R","?","T","M","?","M","R","?","R","BOSS","M","M","?","?","AVR","E","R","E","T","?","M","?","$","M","R","BOSS"],"items_purchased_type":["Relic","Card","Relic","Card"],"build_version":"2020-12-22","purchased_purges":4,"victory":true,"max_hp_per_floor":[80,80,80,80,80,80,80,80,80,80,80,80,80,80,80,80,80,80,80,80,80,80,80,80,80,80,80,80,80,80,80,80,80,80,80,80,80,80,80,80,80,80,80,80,80,80,80,80,80,80],"card_choices":[{"not_picked":["blackbeard:GoldenStrike","blackbeard:WiseDefense"],"picked":"blackbeard:BlindAttacks","floor":1},{"not_picked":["blackbeard:RearmingStrike","blackbeard:Spear"],"picked":"blackbeard:GoldenStrike","floor":3},{"not_picked":["blackbeard:Fencing","blackbeard:DoubleCannonball"],"picked":"blackbeard:CaptainsCabin","floor":4},{"not_picked":["blackbeard:GoldenStrike","blackbeard:TacticalRetreat"],"picked":"blackbeard:Rum","floor":5},{"not_picked":["blackbeard:PirateHook","blackbeard:Toast"],"picked":"blackbeard:WeaponMastery","floor":6},{"not_picked":["blackbeard:Shrapnel","blackbeard:TerrorOfTheSeas"],"picked":"blackbeard:Rum","floor":7},{"not_picked":["blackbeard:RearmingStrike","blackbeard:Eyepatch"],"picked":"blackbeard:InfiniteBarrage","floor":8},{"not_picked":["blackbeard:DelayedPain","blackbeard:Fencing"],"picked":"blackbeard:GoldenDefense","floor":10},{"not_picked":["blackbeard:SwordDance","blackbeard:Shrapnel"],"picked":"blackbeard:Spear","floor":12},{"not_picked":["blackbeard:WiseDefense","blackbeard:CannonballSupply"],"picked":"blackbeard:DoubleCannonball","floor":14},{"not_picked":["blackbeard:BountyHunter","blackbeard:HumongousCannonball"],"picked":"blackbeard:WeaponMastery","floor":16},{"not_picked":["blackbeard:DeadlyArsenal","blackbeard:VengefulSpirit"],"picked":"blackbeard:Toast+1","floor":18},{"not_picked":["blackbeard:Sword","blackbeard:RearmingStrike+1"],"picked":"blackbeard:WoodenLeg","floor":20},{"not_picked":["blackbeard:BrownPants","blackbeard:Anchor","blackbeard:SwordDance"],"picked":"SKIP","floor":22},{"not_picked":["blackbeard:PowderKeg","blackbeard:GoldenStrike"],"picked":"blackbeard:Spear","floor":23},{"not_picked":["blackbeard:RearmingStrike","blackbeard:BeatUp+1"],"picked":"blackbeard:GoldenDefense","floor":27},{"not_picked":["blackbeard:InfiniteBarrage","blackbeard:DoubleBottom","blackbeard:Fencing"],"picked":"SKIP","floor":29},{"not_picked":["blackbeard:UndeadForm","blackbeard:Murder"],"picked":"blackbeard:Salvager","floor":33},{"not_picked":["blackbeard:CloakAndCannonball+1","blackbeard:Fencing","blackbeard:CannonballSupply+1"],"picked":"SKIP","floor":35},{"not_picked":["blackbeard:DoubleCannonball+1","blackbeard:DeadlyArsenal+1","blackbeard:WoodenLeg"],"picked":"SKIP","floor":36},{"not_picked":["blackbeard:FieryDefense","blackbeard:Shrapnel+1","blackbeard:CloakAndCannonball+1"],"picked":"SKIP","floor":40},{"not_picked":["blackbeard:Anchor+1","blackbeard:FieryDefense"],"picked":"blackbeard:Parrot","floor":42},{"not_picked":["blackbeard:Spear+1","blackbeard:GoldenCannonball"],"picked":"blackbeard:PiratesWill","floor":45},{"not_picked":["blackbeard:CloakAndCannonball","blackbeard:BeatUp"],"picked":"blackbeard:PirateEarring","floor":45},{"not_picked":["blackbeard:Boarding+1","blackbeard:BrownPants"],"picked":"blackbeard:WoodenLeg","floor":46},{"not_picked":["blackbeard:FieryDefense","blackbeard:BlindAttacks","blackbeard:GhostInTheRum"],"picked":"SKIP","floor":46},{"not_picked":["blackbeard:DoubleCannonball+1","blackbeard:GoldenCannonball+1"],"picked":"blackbeard:WoodenLeg","floor":48},{"not_picked":["blackbeard:GoldenDefense","blackbeard:BrownPants","blackbeard:Eyepatch+1"],"picked":"SKIP","floor":48}],"player_experience":544716,"relics_obtained":[{"floor":6,"key":"Bottled Tornado"},{"floor":8,"key":"Happy Flower"},{"floor":9,"key":"Runesmith:AutoHammer"},{"floor":23,"key":"infinitespire:Joker Card"},{"floor":26,"key":"Nunchaku"},{"floor":28,"key":"Replay:Bottled Steam"},{"floor":37,"key":"ReplayTheSpireMod:Ring of Collecting"},{"floor":38,"key":"War Paint"},{"floor":40,"key":"Prayer Wheel"},{"floor":42,"key":"Du-Vu Doll"},{"floor":43,"key":"Meat on the Bone"}],"event_choices":[{"damage_healed":0,"gold_gain":0,"player_choice":"Donut","damage_taken":0,"max_hp_gain":5,"max_hp_loss":0,"event_name":"Big Fish","floor":0,"gold_loss":0},{"damage_healed":0,"gold_gain":100,"player_choice":"Gold","damage_taken":0,"max_hp_gain":0,"max_hp_loss":0,"event_name":"Wheel of Change","floor":2,"gold_loss":0},{"cards_removed":["blackbeard:BlackbeardDefend"],"damage_healed":0,"gold_gain":0,"player_choice":"Purged","damage_taken":0,"max_hp_gain":0,"max_hp_loss":0,"event_name":"Purifier","floor":19,"gold_loss":0},{"damage_healed":0,"gold_gain":0,"player_choice":"Ignored","damage_taken":0,"max_hp_gain":0,"max_hp_loss":0,"event_name":"Ghosts","floor":31,"gold_loss":0}],"is_beta":false,"boss_relics":[{"not_picked":["Replay:Drink Me","ReplayTheSpireMod:SealedPack"],"picked":"hubris:ScarierMask"},{"not_picked":["reliquary:RedCape","hubris:HollowSoul"],"picked":"Sozu"}],"items_purged_floors":[21,21,21,25],"is_endless":false,"potions_floor_spawned":[1,6,7,12,20,23,33,40,45,46,48],"ascension_level":1}}