{"host":"ee5exjejqz6r5zx9","time":1613247149,"event":{"mods":["ATMod(阿瑾Mod)","Act Like it!","BaseMod","Card Forge","Colored Map","Colored Powertips","Custom Start","Gensokyo","HololiveMod","Minty Spire (QoL Compilation)","MostiFishMod","Quick Restart","Rare Cards Sparkle","Remove Card Discount Mod","Reorder Act Four","Replay The Spire","RumiaBox-露米娅的神秘盒子","Shop Mod","StSLib","TestMod","【功能Mod】混沌之环修复补丁","【遗物卡牌】REMEMod"],"gold_per_floor":[3333,3352,3369,2937,2952,2952,2986,2657,2704,2764,2764,2790,2800,2800,2800,2879,2879,2890,2890,2910,2945,2965,2999,2999,3026,3026,3041,3072,3085,3085,3105,3105,3179,3179,3190,3207,3227,3627,3673,3705,3703,3703,3730,3743,3773,3773,3773,3800,3800,3800,3800,3800,3460,3460,3489,3489],"floor_reached":57,"language":"ZHS","playtime":2332,"items_purged":["Strike_B","Defend_B","Strike_B","Strike_B","Defragment+1"],"score":3245,"play_id":"2d68acee-3579-446e-8213-4d75f7314848","local_time":"20210214041229","is_ascension_mode":true,"campfire_choices":[{"floor":6.0,"key":"RECALL"},{"floor":15.0,"key":"REST"},{"data":"Gash","floor":24.0,"key":"SMITH"},{"data":"Defend_B","floor":32,"key":"SMITH"},{"floor":42,"key":"REST"},{"floor":47,"key":"REST"},{"data":"Electrodynamics","floor":49,"key":"SMITH"},{"floor":54,"key":"REST"}],"circlet_count":0,"master_deck":["AscendersBane","Defend_B+1","Gensokyo:Dawn+1","Chill+1","Coolheaded+1","Glacier+1","AT_ThreeBodyProblem+1","Biased Cognition+1","Skim+1","MostiFishMod:Prepare+1","Ball Lightning+1","Turbo+1","MostiFishMod:Culaccino+1","Biased Cognition+1","MostiFishMod:StrandedSiren+1","Recycle+1","Electrodynamics+1","AT_WaterDrop+1"],"relics":["Cracked Core","Hammer of Thor","Seething Fire","Anvil of the Gods","testmod-TestBox","DaveBox","AT_ATBox","testmod-Prudence","SynthV:MejaisSoulstealer","SynthV:TestCard","Ying","Nunchaku","Toxic Egg 2","OrangePellets","MealTicket","Ancient Tea Set","Regal Pillow","RhineSuit","Red Mask","Centennial Puzzle","Replay:Wax Seal","testmod-IndustrialRevolution","Philosopher\u0027s Stone","testmod-InjuryResistance","testmod-BouquetWithThorns","Strawberry","testmod-BlackFramedGlasses","Divine Protection","Happy Flower","HandDrill","Oddly Smooth Stone"],"acts_visited":["Exordium","TheCity","TheBeyond","TheEnding"],"potions_floor_usage":[56,56],"damage_taken":[{"damage":0.0,"enemies":"Cultist","floor":1.0,"turns":3.0},{"damage":5.0,"enemies":"Jaw Worm","floor":2.0,"turns":2.0},{"damage":0.0,"enemies":"Small Slimes","floor":3.0,"turns":2.0},{"damage":0.0,"enemies":"Exordium Thugs","floor":5.0,"turns":1.0},{"damage":0.0,"enemies":"Replay:BlueRogue","floor":7.0,"turns":3.0},{"damage":0.0,"enemies":"3 Sentries","floor":10.0,"turns":1.0},{"damage":0.0,"enemies":"Gremlin Nob","floor":12.0,"turns":2.0},{"damage":0.0,"enemies":"3 Louse","floor":13.0,"turns":2.0},{"damage":0.0,"enemies":"Slime Boss","floor":16.0,"turns":4.0},{"damage":0.0,"enemies":"2 Thieves","floor":18.0,"turns":2.0},{"damage":0.0,"enemies":"Chosen","floor":20.0,"turns":2.0},{"damage":0.0,"enemies":"Masked Bandits","floor":21.0,"turns":2.0},{"damage":0.0,"enemies":"Shelled Parasite and Fungi","floor":22.0,"turns":1.0},{"damage":0.0,"enemies":"Book of Stabbing","floor":23.0,"turns":2.0},{"damage":0.0,"enemies":"REME_1_Revenger","floor":25.0,"turns":1.0},{"damage":0.0,"enemies":"Centurion and Healer","floor":27.0,"turns":3.0},{"damage":0.0,"enemies":"Gremlin Leader","floor":28.0,"turns":2.0},{"damage":0.0,"enemies":"Cultist and Chosen","floor":29.0,"turns":2.0},{"damage":0.0,"enemies":"Chosen and Byrds","floor":31.0,"turns":1.0},{"damage":0,"enemies":"Champ","floor":33,"turns":1},{"damage":0,"enemies":"3 Darklings","floor":35,"turns":1},{"damage":0,"enemies":"3 Shapes","floor":36,"turns":1},{"damage":0,"enemies":"Jaw Worm Horde","floor":37,"turns":2},{"damage":0,"enemies":"2 Orb Walkers","floor":39,"turns":1},{"damage":0,"enemies":"Reptomancer","floor":40,"turns":2},{"damage":0,"enemies":"Writhing Mass","floor":44,"turns":2},{"damage":0,"enemies":"R_Hoarder","floor":45,"turns":5},{"damage":0,"enemies":"Giant Head","floor":48,"turns":2},{"damage":0,"enemies":"Replay:Hell Engine","floor":50,"turns":2},{"damage":0,"enemies":"Time Eater","floor":51,"turns":3},{"damage":0,"enemies":"Shield and Spear","floor":55,"turns":3},{"damage":0,"enemies":"The Heart","floor":56,"turns":5}],"seed_played":"-7339307030919762823","potions_obtained":[{"floor":5.0,"key":"Elixir"},{"floor":7.0,"key":"Explosive Potion"},{"floor":16.0,"key":"FocusPotion"}],"is_trial":false,"path_per_floor":["M","M","M","$","M","R","E","$","T","?","?","E","M","?","R_BF","B",null,"M","?","M","?","M","E","R","E","T","M","E","M","?","M","R","B",null,"M","M","M","?","?","E","$","R","T","M","E","?","R","E","R","B","B",null,"$","R","E","B",null],"character_chosen":"DEFECT","items_purchased":["AT_ThreeBodyProblem","Ball Lightning","Ying","Nunchaku","OrangePellets","MealTicket","Happy Flower","HandDrill"],"campfire_rested":4,"item_purchase_floors":[4,4,4,4,8,8,53,53],"current_hp_per_floor":[64,59,59,59,59,59,59,59,59,59,59,59,59,59,71,71,71,71,71,71,71,71,71,71,71,71,71,71,71,71,71,71,71,71,71,71,71,71,71,71,71,71,78,78,78,78,78,78,78,78,78,78,78,78,78,78],"gold":3489,"neow_bonus":"THREE_CARDS","is_daily":false,"chose_seed":false,"campfire_upgraded":3,"win_rate":0.0,"timestamp":1613247149,"path_taken":["M","M","M","$","M","R","E","$","T","?","?","E","M","?","R_BF","BOSS","M","?","?","?","M","E","R","E","T","M","E","M","?","?","R_BF","BOSS","M","?","M","?","?","E","$","R","T","M","E","?","R","E","R","BOSS","BOSS","$","R","E","BOSS"],"items_purchased_type":["Card","Card","Relic","Relic","Relic","Relic","Relic","Relic"],"build_version":"2020-12-22","purchased_purges":5,"victory":true,"max_hp_per_floor":[71,71,71,71,71,71,71,71,71,71,71,71,71,71,71,71,71,71,71,71,71,71,71,71,71,71,71,71,71,71,71,71,71,71,71,71,71,71,71,71,71,71,78,78,78,78,78,78,78,78,78,78,78,78,78,78],"card_choices":[{"not_picked":["AT_EMC2","Leap"],"picked":"Chill","floor":0.0},{"not_picked":["Hello World","Stack","FIFO Queue"],"picked":"SKIP","floor":1.0},{"not_picked":["Conserve Battery","Chaos","Barrage","FTL"],"picked":"Coolheaded","floor":2.0},{"not_picked":["Rebound","Barrage","REME_Whirling","Gash"],"picked":"Glacier","floor":3.0},{"not_picked":["Barrage","Redo","Self Repair","Melter"],"picked":"Biased Cognition","floor":5.0},{"not_picked":["MostiFishMod:PushDownKick","AT_HeatAcrobatics+1","MostiFishMod:TalkingToTheRain","Gash"],"picked":"Skim+1","floor":7.0},{"not_picked":["AT_RobotInSpace+1","Conserve Battery+1","AT_HeatAcrobatics+1","ReplaySolidLightProjector+1"],"picked":"Defragment","floor":12.0},{"not_picked":["Conserve Battery+1","Rip and Tear","MostiFishMod:FluxCapactior+1","Rebound"],"picked":"Skim+1","floor":13.0},{"not_picked":["MostiFishMod:Hijack+1","Creative AI","All For One","MostiFishMod:Overload+1"],"picked":"MostiFishMod:Prepare","floor":16.0},{"not_picked":["Go for the Eyes","Sweeping Beam","ReplayGash+1","AT_ThunderBolt"],"picked":"Beam Cell","floor":18.0},{"not_picked":["Sunder","Beam Cell","Cold Snap","ReplaySort+1"],"picked":"Ball Lightning","floor":20.0},{"not_picked":["AT_RightCognition","Go for the Eyes","Sweeping Beam","Rip and Tear"],"picked":"Turbo+1","floor":21.0},{"not_picked":["Turbo+1","AT_HeatAcrobatics+1","Stack+1","AT_ThreeBodyProblem","Steam+1"],"picked":"SKIP","floor":22.0},{"not_picked":["Steam+1","Fusion+1","Stack+1","Chaos+1"],"picked":"Gash","floor":23.0},{"not_picked":["Rebound","BasicCrystalCard+1","ReplayTheSpireMod:System Scan+1","Streamline","Stack+1"],"picked":"SKIP","floor":25.0},{"not_picked":["Streamline","Scrape","AT_HeatAcrobatics+1","MostiFishMod:PushDownKick+1","Steam+1"],"picked":"SKIP","floor":27.0},{"not_picked":["Glacier+1","Hologram+1","ReplayTheSpireMod:GoodbyeWorld","ReplayTheSpireMod:Calculation Training+1"],"picked":"MostiFishMod:Culaccino+1","floor":28.0},{"not_picked":["Coolheaded+1","Go for the Eyes","Fusion+1","Redo+1","Hologram+1"],"picked":"SKIP","floor":29.0},{"not_picked":["Panic Button+1","Coolheaded+1","Steam Power+1","Leap+1","Turbo+1"],"picked":"SKIP","floor":31.0},{"not_picked":["Thunder Strike","MostiFishMod:StarOceanB+1","Biased Cognition","MostiFishMod:TalkingToTheRain"],"picked":"MostiFishMod:StrandedSiren","floor":33},{"not_picked":["Conserve Battery+1","Redo+1","Hologram+1","Beam Cell+1","Gash"],"picked":"SKIP","floor":35},{"not_picked":["AT_RobotInSpace+1","Ball Lightning+1","BasicCrystalCard+1","Leap+1","AT_DarkMatter+1"],"picked":"SKIP","floor":36},{"not_picked":["ReplayTheSpireMod:Calculation Training+1","Tempest+1","Cold Snap","Stack+1","Melter+1"],"picked":"SKIP","floor":37},{"not_picked":["AT_HeatAcrobatics+1","MostiFishMod:IceShield+1","Steam+1","Defragment","ReplayTheSpireMod:System Scan+1"],"picked":"SKIP","floor":40},{"not_picked":["Ball Lightning","Redo+1","Turbo+1","Go for the Eyes+1"],"picked":"Recycle+1","floor":44},{"not_picked":["Chill+1","ReplaySort+1","Hologram+1","Conserve Battery+1","Coolheaded+1"],"picked":"SKIP","floor":45},{"not_picked":["Fusion+1","Steam+1","Cold Snap","Undo+1"],"picked":"Electrodynamics","floor":48},{"not_picked":["Blizzard","FTL","Leap+1","Compile Driver"],"picked":"AT_WaterDrop","floor":55}],"player_experience":443480,"relics_obtained":[{"floor":1.0,"key":"SynthV:TestCard"},{"floor":7.0,"key":"Toxic Egg 2"},{"floor":10.0,"key":"Ancient Tea Set"},{"floor":12.0,"key":"Regal Pillow"},{"floor":21.0,"key":"Red Mask"},{"floor":23.0,"key":"Centennial Puzzle"},{"floor":26.0,"key":"Replay:Wax Seal"},{"floor":28.0,"key":"testmod-IndustrialRevolution"},{"floor":39,"key":"testmod-InjuryResistance"},{"floor":40,"key":"testmod-BouquetWithThorns"},{"floor":43,"key":"Strawberry"},{"floor":45,"key":"testmod-BlackFramedGlasses"},{"floor":48,"key":"Divine Protection"},{"floor":55,"key":"Oddly Smooth Stone"}],"event_choices":[{"damage_healed":0.0,"max_hp_gain":0.0,"max_hp_loss":0.0,"gold_gain":0.0,"event_name":"Dead Adventurer","player_choice":"Searched \u00271\u0027 times","floor":10.0,"gold_loss":0.0,"damage_taken":0.0},{"damage_healed":0.0,"max_hp_gain":0.0,"max_hp_loss":0.0,"gold_gain":0.0,"event_name":"Liars Game","player_choice":"Ignored","floor":11.0,"gold_loss":0.0,"damage_taken":0.0},{"damage_healed":0.0,"max_hp_gain":0.0,"max_hp_loss":0.0,"gold_gain":0.0,"event_name":"Golden Wing","player_choice":"Ignored","floor":14.0,"gold_loss":0.0,"damage_taken":0.0},{"cards_removed":["Defend_B"],"damage_healed":0.0,"max_hp_gain":0.0,"max_hp_loss":0.0,"gold_gain":0.0,"event_name":"Bonfire Elementals","player_choice":"Offered Basic","floor":19.0,"gold_loss":0.0,"damage_taken":0.0},{"damage_healed":0.0,"max_hp_gain":0.0,"max_hp_loss":0.0,"gold_gain":0.0,"event_name":"Masked Bandits","player_choice":"Fought Bandits","floor":21.0,"gold_loss":0.0,"damage_taken":0.0},{"damage_healed":0.0,"max_hp_gain":0.0,"max_hp_loss":0.0,"gold_gain":0.0,"event_name":"Duplicator","player_choice":"Copied","floor":30.0,"gold_loss":0.0,"damage_taken":0.0,"cards_obtained":["Biased Cognition"]},{"damage_healed":0,"gold_gain":400,"player_choice":"Sell","damage_taken":0,"max_hp_gain":0,"max_hp_loss":0,"event_name":"恩洛斯的盘子","floor":38,"relics_lost":["REME_ComplimentaryCards"],"gold_loss":0},{"damage_healed":0,"gold_gain":0,"player_choice":"Fight","damage_taken":0,"max_hp_gain":0,"max_hp_loss":0,"event_name":"Mysterious Sphere","floor":39,"gold_loss":0},{"damage_healed":0,"gold_gain":0,"player_choice":"0 cards matched","damage_taken":0,"max_hp_gain":0,"max_hp_loss":0,"event_name":"Match and Keep!","floor":46,"gold_loss":0,"cards_obtained":[]}],"is_beta":false,"boss_relics":[{"not_picked":["Hololive_TopUpMoneyS","ExusiaiGun"],"picked":"RhineSuit"},{"not_picked":["ReplayTheSpireMod:DimensionalGlitch","Replay:Ancient Bell"],"picked":"Philosopher\u0027s Stone"}],"items_purged_floors":[4,4,4,4,41],"is_endless":false,"potions_floor_spawned":[5,7,10,12,16,23,27,28,31,33,36,39,44,55],"ascension_level":20}}