{"host":"za1qviwhp34x909e","time":1613258886,"event":{"mods":["Act Like it!","BaseMod","Colored Map","Colored Powertips","Downfall","Hermit","Highlight Path","Hubris","Koishi","Marisa????????","Minty Spire (QoL Compilation)","Quick Restart","Reimu??????","Remilia??????","Replay The Spire","StSLib","The Cursed","The Disciple","The Hierophant","The Mystic","The Necromancer","The Runesmith","The Servant 0.9.4","The Wild Card"],"gold_per_floor":[112,44,61,21,296,296,327,327,327,356,376,407,257,272,272,376,376,376,331,331,331,331,331,331,331,331,331,331,331,331,331,331,331,331,331,331,331,331,331,331,331,331],"floor_reached":41,"language":"ENG","playtime":2355,"items_purged":["downfall:Malfunctioning","Regret"],"score":581,"play_id":"4e269462-70b0-4478-9180-9310d6861c40","local_time":"20210213172806","is_ascension_mode":false,"campfire_choices":[{"data":"Desolation","floor":6,"key":"SMITH"},{"data":"Snipe","floor":8,"key":"SMITH"},{"data":"Defy","floor":15,"key":"SMITH"},{"data":"Sunlight","floor":23,"key":"SMITH"},{"data":"BottledTime","floor":25,"key":"SMITH"},{"floor":28,"key":"REST"},{"floor":32,"key":"REST"}],"circlet_count":0,"master_deck":["Strike_S","Strike_S","Strike_S","Strike_S","Defend_S","Defend_S","Defend_S","Defend_S","KidneyShot","Exchange","BottledTime+1","Desolation+1","Comet","LightFlow+1","Snipe+1","Moondial","Spin","BottledTime","DoubleEdge","Defy+1","Sunlight+1","GearUp","Alleviate","Potential","DoubleEdge","Unruled","Luminosity","Barrier+1","Potential","MurderousAura","Spin+1","Wraith","Replace+1","DoubleEdge+1","SpecialFormula+1","Defy"],"relics":["Uniform","NeowsBlessing","ReplayTheSpireMod:CursedCoin","Replay:Mystery Machine","ReplayTheSpireMod:Ninjato","Shuriken","ReplayTheSpireMod:Lightbulb","Ectoplasm","Enchiridion","Toy Ornithopter","Nunchaku","Replay:Bottled Flurry","hubris:Backtick","Pan","hubris:64BitClover","Boot"],"acts_visited":["Exordium","TheCity","TheBeyond"],"potions_floor_usage":[12,16,24,40],"damage_taken":[{"damage":0,"enemies":"Jaw Worm","floor":1,"turns":1},{"damage":0,"enemies":"Cultist","floor":3,"turns":1},{"damage":0,"enemies":"Lagavulin","floor":7,"turns":1},{"damage":8,"enemies":"Gremlin Nob","floor":10,"turns":3},{"damage":0,"enemies":"Small Slimes","floor":11,"turns":2},{"damage":3,"enemies":"3 Sentries","floor":12,"turns":4},{"damage":3,"enemies":"2 Fungi Beasts","floor":14,"turns":2},{"damage":0,"enemies":"Slime Boss","floor":16,"turns":3},{"damage":0,"enemies":"Chosen","floor":18,"turns":3},{"damage":8,"enemies":"2 Thieves","floor":19,"turns":3},{"damage":9,"enemies":"Centurion and Healer","floor":22,"turns":3},{"damage":2,"enemies":"Chosen and Byrds","floor":24,"turns":5},{"damage":7,"enemies":"Gremlin Leader","floor":27,"turns":4},{"damage":21,"enemies":"Replay:Snechameleon","floor":29,"turns":3},{"damage":3,"enemies":"Snecko","floor":30,"turns":3},{"damage":2,"enemies":"Sentry and Sphere","floor":31,"turns":4},{"damage":5,"enemies":"Champ","floor":33,"turns":5},{"damage":0,"enemies":"Orb Walker","floor":35,"turns":2},{"damage":19,"enemies":"3 Darklings","floor":38,"turns":3},{"damage":0,"enemies":"Transient","floor":39,"turns":5},{"damage":22,"enemies":"Giant Head","floor":40,"turns":6},{"damage":12,"enemies":"4 Shapes","floor":41,"turns":1}],"seed_played":"6339219030999842412","potions_obtained":[{"floor":7,"key":"Swift Potion"},{"floor":10,"key":"Strength Potion"},{"floor":11,"key":"Regen Potion"},{"floor":14,"key":"AttackPotion"},{"floor":18,"key":"Weak Potion"},{"floor":29,"key":"Doom Potion"}],"is_trial":false,"path_per_floor":["M","$","M","$","?","R","E","R","T","E","M","E","$","M","R","B",null,"M","M","?","?","M","R","M","R","T","E","R","E","M","M","R","B",null,"M","?","?","M","M","E","M"],"character_chosen":"THE_SERVANT","items_purchased":["Desolation","ReplayTheSpireMod:CursedCoin","LightFlow+1","DoubleEdge"],"campfire_rested":2,"item_purchase_floors":[2,4,4,13],"current_hp_per_floor":[65,65,65,65,65,65,65,65,65,57,57,63,63,60,60,60,65,65,57,57,41,32,32,30,30,30,23,42,21,18,16,35,30,65,65,65,39,20,20,11,0,0],"gold":331,"neow_bonus":"THREE_ENEMY_KILL","is_daily":false,"chose_seed":false,"campfire_upgraded":5,"win_rate":0.0,"timestamp":1613258886,"path_taken":["M","$","M","$","?","R","E","R","T","E","?","E","?","M","R","BOSS","M","?","?","?","M","R","M","R","T","E","R","E","M","M","R","BOSS","M","?","?","M","M","E","M"],"items_purchased_type":["Card","Relic","Card","Card"],"build_version":"2020-12-22","purchased_purges":2,"victory":false,"max_hp_per_floor":[65,65,65,65,65,65,65,65,65,65,65,65,65,65,65,65,65,65,65,65,65,65,65,65,65,65,65,65,65,65,65,65,65,65,65,65,65,65,65,65,65,65],"card_choices":[{"not_picked":["Ricochet","Rearm"],"picked":"BottledTime","floor":1},{"not_picked":["Revamp","Rearm"],"picked":"Comet","floor":3},{"not_picked":["FastForward","LightFlow"],"picked":"Snipe","floor":7},{"not_picked":["Reset","Foresight"],"picked":"Moondial","floor":10},{"not_picked":["Ricochet","MoonPhase"],"picked":"Spin","floor":11},{"not_picked":["Manipulate","StarChef"],"picked":"BottledTime","floor":12},{"not_picked":["Revamp","Potential"],"picked":"Defy","floor":14},{"not_picked":["PendulumOfEternity","FloweringNight"],"picked":"Sunlight","floor":16},{"not_picked":["Revamp","StarChef+1"],"picked":"GearUp","floor":18},{"not_picked":["Gouge","Replace"],"picked":"Alleviate","floor":19},{"not_picked":["DualDimension+1","ShatteredReality"],"picked":"Potential","floor":22},{"not_picked":["Unruled","Solidify"],"picked":"DoubleEdge","floor":24},{"not_picked":["InstantArmor","ShatteredReality+1"],"picked":"Unruled","floor":27},{"not_picked":["Starlight","Alleviate"],"picked":"Luminosity","floor":29},{"not_picked":["Unruled","Alleviate+1"],"picked":"Barrier+1","floor":30},{"not_picked":["TimeWarp","SilverBlades"],"picked":"Potential","floor":31},{"not_picked":["Embodiment","Sunlight"],"picked":"MurderousAura","floor":33},{"not_picked":["ShatteredReality","FanOfKnives+1"],"picked":"Spin+1","floor":35},{"not_picked":["Potential","Ricochet+1"],"picked":"Replace+1","floor":37},{"not_picked":["WasteNot+1","ShatteredReality"],"picked":"DoubleEdge+1","floor":38},{"not_picked":["Potential+1","MoonPhase"],"picked":"SpecialFormula+1","floor":39},{"not_picked":["Collapse","Initiator"],"picked":"Defy","floor":40}],"player_experience":703472,"relics_obtained":[{"floor":7,"key":"Replay:Mystery Machine"},{"floor":9,"key":"ReplayTheSpireMod:Ninjato"},{"floor":10,"key":"Shuriken"},{"floor":12,"key":"ReplayTheSpireMod:Lightbulb"},{"floor":21,"key":"Enchiridion"},{"floor":26,"key":"Toy Ornithopter"},{"floor":27,"key":"Nunchaku"},{"floor":29,"key":"Replay:Bottled Flurry"},{"floor":37,"key":"hubris:64BitClover"},{"floor":40,"key":"Boot"}],"event_choices":[{"damage_healed":0,"gold_gain":275,"player_choice":"Desecrate","damage_taken":0,"max_hp_gain":0,"max_hp_loss":0,"event_name":"Golden Shrine","floor":5,"gold_loss":0,"cards_obtained":["Regret"]},{"damage_healed":0,"gold_gain":0,"player_choice":"Obtained Book","damage_taken":16,"max_hp_gain":0,"max_hp_loss":0,"event_name":"Cursed Tome","floor":21,"gold_loss":0},{"damage_healed":0,"gold_gain":0,"player_choice":"Ignored","damage_taken":0,"max_hp_gain":0,"max_hp_loss":0,"event_name":"OrinTheCat","floor":36,"gold_loss":0}],"is_beta":false,"boss_relics":[{"not_picked":["Coffee Dripper","hubris:HollowSoul"],"picked":"Ectoplasm"},{"not_picked":["hubris:TerracottaHorce","Honey Jar"],"picked":"hubris:Backtick"}],"items_purged_floors":[4,13],"is_endless":false,"potions_floor_spawned":[7,10,11,14,18,19,29,31,38],"killed_by":"4 Shapes","ascension_level":0}}