{"host":"49pjgf1q9ev52n8z","time":1613210705,"event":{"mods":["BaseMod","Bestiary","Colored Map","Keyboard Shortcuts","Minty Spire (QoL Compilation)","Practice Mode","Relic Stats","StSLib"],"gold_per_floor":[14,27,40,40,40,40,69,69,69,104,16,16,37,53,53,53,53,65,65,65,84,98,133,149,162,212,238,238,250,250,283,283,384,384,403,419,389,205,216,247,266,266,266,266,297,322,334,39,39,39,39],"floor_reached":50,"language":"ENG","playtime":4235,"items_purged":[],"score":800,"play_id":"d2192bb2-8b5b-442f-859c-cdcc3326f3ee","local_time":"20210213020505","is_ascension_mode":true,"campfire_choices":[{"data":"Eruption","floor":6.0,"key":"SMITH"},{"data":"Wallop","floor":8.0,"key":"SMITH"},{"data":"ForeignInfluence","floor":12.0,"key":"SMITH"},{"data":"Adaptation","floor":15.0,"key":"SMITH"},{"data":"LessonLearned","floor":28.0,"key":"SMITH"},{"data":"MentalFortress","floor":30.0,"key":"SMITH"},{"data":"Nirvana","floor":32.0,"key":"SMITH"},{"floor":44.0,"key":"REST"},{"floor":49,"key":"REST"}],"circlet_count":0,"master_deck":["Defend_P+1","Defend_P+1","Defend_P","Eruption+1","Vigilance+1","Scrawl+1","Wallop+1","CutThroughFate+1","MentalFortress+1","BowlingBash+1","ForeignInfluence+1","Adaptation+1","Crescendo+1","Tantrum+1","Bite","Bite","Bite+1","Bite","Bite","EmptyFist+1","FollowUp+1","Nirvana+1","JustLucky+1","Adaptation+1","ThirdEye+1","EmptyFist+1","Indignation+1","ClearTheMind","BattleHymn","DevaForm","Good Instincts+1","Wireheading+1","TalkToTheHand+1"],"relics":["PureWater","StrikeDummy","Happy Flower","Regal Pillow","Odd Mushroom","Sozu","Oddly Smooth Stone","Akabeko","Letter Opener","Pen Nib","Astrolabe","Vajra","Toxic Egg 2","Darkstone Periapt","MawBank","Nunchaku","Medical Kit"],"acts_visited":["Exordium","TheCity","TheBeyond"],"potions_floor_usage":[],"damage_taken":[{"damage":0.0,"enemies":"Cultist","floor":1.0,"turns":5.0},{"damage":0.0,"enemies":"Small Slimes","floor":2.0,"turns":4.0},{"damage":7.0,"enemies":"Jaw Worm","floor":3.0,"turns":4.0},{"damage":0.0,"enemies":"Gremlin Nob","floor":7.0,"turns":3.0},{"damage":0.0,"enemies":"Lagavulin","floor":10.0,"turns":4.0},{"damage":0.0,"enemies":"The Mushroom Lair","floor":13.0,"turns":2.0},{"damage":1.0,"enemies":"2 Fungi Beasts","floor":14.0,"turns":4.0},{"damage":32.0,"enemies":"The Guardian","floor":16.0,"turns":8.0},{"damage":16.0,"enemies":"3 Byrds","floor":18.0,"turns":6.0},{"damage":0.0,"enemies":"Chosen","floor":21.0,"turns":4.0},{"damage":0.0,"enemies":"Centurion and Healer","floor":22.0,"turns":3.0},{"damage":23.0,"enemies":"Gremlin Leader","floor":23.0,"turns":5.0},{"damage":0.0,"enemies":"3 Cultists","floor":24.0,"turns":3.0},{"damage":0.0,"enemies":"Snecko","floor":25.0,"turns":2.0},{"damage":3.0,"enemies":"Slavers","floor":27.0,"turns":4.0},{"damage":0.0,"enemies":"Snake Plant","floor":29.0,"turns":1.0},{"damage":12.0,"enemies":"Gremlin Leader","floor":31.0,"turns":4.0},{"damage":57.0,"enemies":"Collector","floor":33.0,"turns":9.0},{"damage":0.0,"enemies":"3 Shapes","floor":35.0,"turns":2.0},{"damage":0.0,"enemies":"Orb Walker","floor":36.0,"turns":2.0},{"damage":25.0,"enemies":"Writhing Mass","floor":39.0,"turns":4.0},{"damage":10.0,"enemies":"Reptomancer","floor":40.0,"turns":3.0},{"damage":7.0,"enemies":"Transient","floor":41.0,"turns":5.0},{"damage":39,"enemies":"Nemesis","floor":45,"turns":3},{"damage":1,"enemies":"4 Shapes","floor":46,"turns":5},{"damage":71,"enemies":"Time Eater","floor":50,"turns":6}],"seed_played":"-6963682346305979842","potions_obtained":[{"floor":3.0,"key":"SpeedPotion"},{"floor":10.0,"key":"ColorlessPotion"}],"is_trial":false,"path_per_floor":["M","M","M","?","?","R","E","R","T","E","$","R","?","M","R","B",null,"M","?","?","M","M","E","M","M","T","E","R","M","R","E","R","B",null,"M","M","?","$","M","E","M","?","T","R","E","M","?","$","R","B"],"character_chosen":"WATCHER","items_purchased":["Adaptation","Crescendo","BattleHymn","Vajra","Nunchaku","Medical Kit"],"campfire_rested":2,"item_purchase_floors":[11,11,38,38,48,48],"current_hp_per_floor":[72,72,65,65,58,58,58,58,58,58,58,58,58,57,57,25,60,44,44,39,47,50,47,50,50,50,50,50,50,50,42,42,7,39,48,50,50,50,25,17,21,21,21,50,11,15,15,15,45,0,0],"gold":39,"neow_bonus":"THREE_RARE_CARDS","is_daily":false,"chose_seed":false,"campfire_upgraded":7,"win_rate":0.0,"timestamp":1613210705,"path_taken":["M","M","M","?","?","R","E","R","T","E","?","R","?","M","R","BOSS","M","?","?","?","M","E","M","?","T","E","R","M","R","E","R","BOSS","M","M","?","$","?","E","M","?","T","R","E","M","?","$","R","BOSS"],"items_purchased_type":["Card","Card","Card","Relic","Relic","Relic"],"build_version":"2020-12-22","purchased_purges":0,"victory":false,"max_hp_per_floor":[72,72,72,72,72,72,72,72,72,72,72,72,72,72,72,72,72,72,50,50,50,50,50,50,50,50,50,50,50,50,50,50,50,50,50,50,50,50,50,50,50,50,50,50,50,50,50,50,50,50,50],"relic_stats":{"Sozu":11,"Darkstone Periapt":0,"Regal Pillow":29,"Nunchaku":[0],"Happy Flower":[29],"counters":[26,105],"Astrolabe":["ThirdEye","EmptyFist","Indignation"],"Pen Nib":[10],"Letter Opener":[63],"MawBank":36,"Medical Kit":[0],"obtain_stats":[{"Darkstone Periapt":43,"Regal Pillow":10,"Happy Flower":9,"Astrolabe":34,"Oddly Smooth Stone":23,"Vajra":38,"Pen Nib":31,"Letter Opener":27,"Odd Mushroom":13,"MawBank":45,"Medical Kit":48,"Akabeko":26,"Sozu":17,"Nunchaku":48,"PureWater":0,"Toxic Egg 2":40,"StrikeDummy":7},{"Darkstone Periapt":23,"Regal Pillow":5,"Happy Flower":4,"Astrolabe":18,"Oddly Smooth Stone":12,"Vajra":20,"Pen Nib":17,"Letter Opener":15,"Odd Mushroom":6,"MawBank":24,"Medical Kit":25,"Akabeko":14,"Sozu":8,"Nunchaku":25,"PureWater":0,"Toxic Egg 2":22,"StrikeDummy":4},{"Darkstone Periapt":91,"Regal Pillow":20,"Happy Flower":16,"Astrolabe":75,"Oddly Smooth Stone":52,"Vajra":79,"Pen Nib":66,"Letter Opener":61,"Odd Mushroom":22,"MawBank":94,"Medical Kit":99,"Akabeko":57,"Sozu":34,"Nunchaku":99,"PureWater":0,"Toxic Egg 2":86,"StrikeDummy":16}]},"card_choices":[{"not_picked":["MasterReality","Ragnarok"],"picked":"Scrawl","floor":0.0},{"not_picked":["BowlingBash","DeceiveReality"],"picked":"Wallop","floor":1.0},{"not_picked":["Worship","Perseverance"],"picked":"CutThroughFate","floor":2.0},{"not_picked":["CutThroughFate","LikeWater"],"picked":"MentalFortress","floor":3.0},{"not_picked":["CrushJoints","Fasting2"],"picked":"BowlingBash","floor":7.0},{"not_picked":["Perseverance","BowlingBash"],"picked":"ForeignInfluence","floor":10.0},{"not_picked":["Conclude","WreathOfFlame"],"picked":"LessonLearned","floor":13.0},{"not_picked":["Halt","FlyingSleeves","Protect"],"picked":"SKIP","floor":14.0},{"not_picked":["Prostrate+1","ClearTheMind+1"],"picked":"Tantrum","floor":18.0},{"not_picked":["PathToVictory","ThirdEye"],"picked":"EmptyFist+1","floor":21.0},{"not_picked":["ForeignInfluence","BowlingBash"],"picked":"Perseverance","floor":22.0},{"not_picked":["WindmillStrike","Judgement","FlyingSleeves"],"picked":"SKIP","floor":23.0},{"not_picked":["WindmillStrike","Wallop"],"picked":"FollowUp+1","floor":24.0},{"not_picked":["JustLucky","FlyingSleeves","Protect"],"picked":"SKIP","floor":25.0},{"not_picked":["Evaluate","Consecrate"],"picked":"Nirvana","floor":27.0},{"not_picked":["InnerPeace","Prostrate+1"],"picked":"JustLucky+1","floor":29.0},{"not_picked":["Halt","ThirdEye+1"],"picked":"Adaptation+1","floor":31.0},{"not_picked":["SpiritShield","Wish"],"picked":"Devotion","floor":33.0},{"not_picked":["Study","EmptyBody"],"picked":"ClearTheMind","floor":35.0},{"not_picked":["Indignation","SashWhip+1","Evaluate"],"picked":"SKIP","floor":36.0},{"not_picked":["ThirdEye","FlyingSleeves","EmptyFist"],"picked":"SKIP","floor":39.0},{"not_picked":["Consecrate","CutThroughFate+1","Prostrate+1"],"picked":"SKIP","floor":40.0},{"not_picked":["Prostrate+1","FlurryOfBlows+1"],"picked":"DevaForm","floor":41.0},{"not_picked":["Mind Blast","Transmutation+1"],"picked":"Good Instincts+1","floor":42.0},{"not_picked":["WreathOfFlame+1","Crescendo+1"],"picked":"Wireheading","floor":45},{"not_picked":["EmptyMind+1","CrushJoints+1"],"picked":"TalkToTheHand+1","floor":46}],"player_experience":837116,"relics_obtained":[{"floor":7.0,"key":"StrikeDummy"},{"floor":9.0,"key":"Happy Flower"},{"floor":10.0,"key":"Regal Pillow"},{"floor":13.0,"key":"Odd Mushroom"},{"floor":23.0,"key":"Oddly Smooth Stone"},{"floor":26.0,"key":"Akabeko"},{"floor":27.0,"key":"Letter Opener"},{"floor":31.0,"key":"Pen Nib"},{"floor":40.0,"key":"Toxic Egg 2"},{"floor":43.0,"key":"Darkstone Periapt"},{"floor":45,"key":"MawBank"}],"event_choices":[{"damage_healed":0.0,"max_hp_gain":0.0,"max_hp_loss":0.0,"gold_gain":0.0,"event_name":"Living Wall","player_choice":"Grow","floor":4.0,"gold_loss":0.0,"damage_taken":0.0,"cards_upgraded":["Scrawl"]},{"cards_removed":["Strike_P"],"damage_healed":0.0,"max_hp_gain":0.0,"max_hp_loss":0.0,"gold_gain":0.0,"event_name":"Golden Wing","player_choice":"Card Removal","floor":5.0,"gold_loss":0.0,"damage_taken":7.0},{"damage_healed":0.0,"max_hp_gain":0.0,"max_hp_loss":0.0,"gold_gain":0.0,"event_name":"Mushrooms","player_choice":"Fought Mushrooms","floor":13.0,"gold_loss":0.0,"damage_taken":0.0},{"damage_healed":0.0,"max_hp_gain":0.0,"max_hp_loss":22.0,"gold_gain":0.0,"event_name":"Vampires","player_choice":"Became a vampire","floor":19.0,"gold_loss":0.0,"damage_taken":0.0,"cards_obtained":["Bite","Bite","Bite","Bite","Bite"]},{"damage_healed":0.0,"max_hp_gain":0.0,"max_hp_loss":0.0,"gold_gain":0.0,"event_name":"Wheel of Change","player_choice":"Damaged","floor":20.0,"gold_loss":0.0,"damage_taken":5.0},{"damage_healed":0.0,"max_hp_gain":0.0,"max_hp_loss":0.0,"gold_gain":0.0,"event_name":"The Woman in Blue","player_choice":"Bought 2 Potions","floor":37.0,"gold_loss":0.0,"damage_taken":0.0},{"damage_healed":0.0,"max_hp_gain":0.0,"max_hp_loss":0.0,"gold_gain":0.0,"event_name":"SensoryStone","player_choice":"Memory 1","floor":42.0,"gold_loss":0.0,"damage_taken":0.0},{"cards_removed":["LessonLearned"],"damage_healed":0,"gold_gain":0,"player_choice":"Purged","damage_taken":0,"max_hp_gain":0,"max_hp_loss":0,"event_name":"Purifier","floor":47,"gold_loss":0}],"is_beta":false,"boss_relics":[{"not_picked":["Black Star","Velvet Choker"],"picked":"Sozu"},{"not_picked":["Philosopher\u0027s Stone","VioletLotus"],"picked":"Astrolabe"}],"items_purged_floors":[],"is_endless":false,"potions_floor_spawned":[3,10,16,21,24,27,29,31,33,36,39,41],"killed_by":"Time Eater","ascension_level":5}}