{"host":"5z7rhcocprldured","time":1613238309,"event":{"mods":["2.2 Compatiblity","AchievementEnabler","AlwaysNeverKeys","BaseMod","Best Route Mod","Better Altar","Better Match","Better Note","Better Sensory Stone","Better Skull","Better Third Choice","BetterRewards","Block Reminder","Colored Map","Colored Powertips","Emptier Cage","Energized Spire","Infinite Spire","Marisa????????","Minty Spire (QoL Compilation)","Permanent Neow","Rare Cards Sparkle","Replay The Spire","SacredBarkPlus","Spicy Shops","StSLib","Synergy Search","The Bug Knight","Unceasing Turn Reminder"],"gold_per_floor":[116,116,126,137,237,269,294,318,330,353,365,452,483,521,533,643,655,680,281,281,281,292,292,292],"floor_reached":23,"language":"ENG","playtime":1456,"items_purged":["Strike_G"],"score":328,"play_id":"086352aa-ab7d-4bf5-bc2b-4a66ce655786","local_time":"20210213174509","is_ascension_mode":false,"campfire_choices":[{"data":"Noxious Fumes","floor":11,"key":"SMITH"},{"data":"Night Terror","floor":15,"key":"SMITH"}],"circlet_count":0,"master_deck":["Strike_G","Strike_G","Strike_G","Strike_G","Defend_G","Defend_G","Defend_G","Defend_G","Defend_G","Survivor","Neutralize","Footwork","Replay:Dark Deal+1","ReplayTheSpireMod:Speed Training","Dagger Spray","Deadly Poison","Night Terror+1","Leg Sweep","Infinite Blades","Noxious Fumes+1","Backflip","Accuracy","Poison Darts","Flying Knee","Die Die Die+1","Caltrops","Blade Dance"],"relics":["Ring of the Snake","TwistedFunnel","MawBank","Pantograph","Mirror","Sling"],"acts_visited":["TheCity"],"potions_floor_usage":[18,22],"damage_taken":[{"damage":0,"enemies":"Jaw Worm","floor":1,"turns":3},{"damage":0,"enemies":"Cultist","floor":3,"turns":4},{"damage":0,"enemies":"2 Louse","floor":4,"turns":2},{"damage":10,"enemies":"Lagavulin","floor":6,"turns":6},{"damage":0,"enemies":"Red Slaver","floor":7,"turns":3},{"damage":0,"enemies":"Large Slime","floor":8,"turns":6},{"damage":6,"enemies":"3 Louse","floor":10,"turns":4},{"damage":0,"enemies":"Looter","floor":13,"turns":1},{"damage":0,"enemies":"Gremlin Nob","floor":14,"turns":5},{"damage":22,"enemies":"Hexaghost","floor":16,"turns":9},{"damage":15,"enemies":"Shell Parasite","floor":18,"turns":5},{"damage":8,"enemies":"Spheric Guardian","floor":22,"turns":4},{"damage":51,"enemies":"Slavers","floor":23,"turns":3}],"seed_played":"-7841697113576571545","potions_obtained":[{"floor":4,"key":"ColorlessPotion"},{"floor":10,"key":"FearPotion"},{"floor":16,"key":"infinitespire:BlackPotion"}],"is_trial":false,"path_per_floor":["M","?","M","M","?","E","M","M","T","M","R","?","M","E","R","B",null,"M","$","?","?","M","E"],"character_chosen":"THE_SILENT","items_purchased":["Footwork","TwistedFunnel","Die Die Die+1","Sling","Caltrops"],"campfire_rested":0,"item_purchase_floors":[0,0,19,19,19],"current_hp_per_floor":[70,70,70,70,70,60,60,60,60,64,64,53,53,53,53,48,70,55,55,55,55,47,0,0],"gold":292,"neow_bonus":"","is_daily":false,"chose_seed":false,"campfire_upgraded":2,"win_rate":0.0,"timestamp":1613238309,"path_taken":["M","?","?","M","?","E","?","M","T","M","R","?","M","E","R","BOSS","M","$","?","?","M","E"],"items_purchased_type":["Card","Relic","Card","Relic","Card"],"build_version":"2020-12-22","purchased_purges":1,"victory":false,"max_hp_per_floor":[70,70,70,70,70,70,70,70,70,70,70,70,70,70,70,70,70,70,70,70,70,70,70,70],"card_choices":[{"not_picked":["Flying Knee","Caltrops"],"picked":"ReplayTheSpireMod:Speed Training","floor":1},{"not_picked":["Well Laid Plans","Bane"],"picked":"Dagger Spray","floor":3},{"not_picked":["Slice","Hidden Blade"],"picked":"Deadly Poison","floor":4},{"not_picked":["Flechettes","Caltrops"],"picked":"Night Terror","floor":6},{"not_picked":["Hidden Blade","Dagger Throw"],"picked":"Leg Sweep","floor":7},{"not_picked":["Backflip","Crippling Poison"],"picked":"Infinite Blades","floor":8},{"not_picked":["Dagger Spray","Skewer"],"picked":"Noxious Fumes","floor":10},{"not_picked":["Distraction","Crippling Poison"],"picked":"Backflip","floor":13},{"not_picked":["Dagger Throw","Backstab"],"picked":"Accuracy","floor":14},{"not_picked":["ReplayTheSpireMod:From All Sides","Tools of the Trade"],"picked":"Poison Darts","floor":16},{"not_picked":["Backflip","Slice+1"],"picked":"Flying Knee","floor":18},{"not_picked":["Escape Plan","Deadly Poison"],"picked":"Blade Dance","floor":22}],"player_experience":183950,"relics_obtained":[{"floor":6,"key":"MawBank"},{"floor":9,"key":"Pantograph"},{"floor":14,"key":"Mirror"}],"event_choices":[{"damage_healed":0,"gold_gain":0,"player_choice":"Upgraded","damage_taken":0,"max_hp_gain":0,"max_hp_loss":0,"event_name":"Upgrade Shrine","floor":2,"gold_loss":0,"cards_upgraded":["Replay:Dark Deal"]},{"damage_healed":0,"gold_gain":100,"player_choice":"Pray","damage_taken":0,"max_hp_gain":0,"max_hp_loss":0,"event_name":"Golden Shrine","floor":5,"gold_loss":0},{"damage_healed":0,"gold_gain":75,"player_choice":"Gold","damage_taken":11,"max_hp_gain":0,"max_hp_loss":0,"event_name":"betterThird:BetterGoop","floor":12,"gold_loss":0},{"cards_removed":["Replay:Dark Deal"],"damage_healed":0,"gold_gain":0,"player_choice":"Give","damage_taken":0,"max_hp_gain":0,"max_hp_loss":0,"event_name":"betterNote:BetterNote","floor":20,"gold_loss":0,"cards_obtained":["SignatureMove"]}],"is_beta":false,"boss_relics":[{"not_picked":["Pandora\u0027s Box","Velvet Choker","energizedSpire:OgreHead"]}],"items_purged_floors":[19],"is_endless":false,"potions_floor_spawned":[4,10,16],"killed_by":"Slavers","ascension_level":0}}