{"host":"p1xsuo25udtrkbq2","time":1613206387,"event":{"mods":["BaseMod","Colored Map","Googly Eyes","Highlight Path","Minty Spire (QoL Compilation)","Quick Restart","Rare Cards Sparkle","Relic Stats","Slay the Relics Exporter","StSLib","everything is the same but u backflip on backflip"],"gold_per_floor":[114,129,279,297,51,80,80,106,159,3,3,16,42,52,52,126,176,190,105,116,116,133,168,168,179,179,211,222,222,232,2,2,76,76,93,93,93,118,129,147,172,172,172,172,205,205,225,258,270,282,294,306,30,63,63,63],"floor_reached":55,"language":"ENG","playtime":7663,"items_purged":["Doubt","Strike_G","Defend_G"],"score":1614,"play_id":"a5921bf3-3774-452f-9ff9-edb22f2542b4","local_time":"20210213035307","is_ascension_mode":true,"campfire_choices":[{"floor":7.0,"key":"REST"},{"data":"A Thousand Cuts","floor":11.0,"key":"SMITH"},{"data":"Footwork","floor":15.0,"key":"SMITH"},{"floor":24.0,"key":"REST"},{"data":"Wraith Form v2","floor":29.0,"key":"SMITH"},{"data":"Well Laid Plans","floor":32.0,"key":"SMITH"},{"data":"Flechettes","floor":42,"key":"SMITH"},{"data":"Predator","floor":44,"key":"SMITH"},{"floor":46,"key":"RECALL"},{"data":"Noxious Fumes","floor":49,"key":"SMITH"},{"data":"Corpse Explosion","floor":52,"key":"SMITH"}],"circlet_count":0,"master_deck":["AscendersBane","Strike_G","Strike_G+1","Strike_G+1","Strike_G","Defend_G","Defend_G","Defend_G","Defend_G","Survivor","Neutralize","Well Laid Plans+1","Predator+1","Dagger Spray","Deadly Poison+1","Flechettes+1","A Thousand Cuts+1","Footwork+1","Corpse Explosion+1","Cloak And Dagger","After Image","Acrobatics","Backflip","Sucker Punch+1","Predator+1","Wraith Form v2+1","Dodge and Roll","Acrobatics","Wraith Form v2+1","PiercingWail","Phantasmal Killer+1","Dash+1","All Out Attack","Die Die Die","Noxious Fumes+1","Escape Plan","Malaise"],"relics":["Snecko Eye","MealTicket","Mercury Hourglass","Orichalcum","Bird Faced Urn","Tiny House","Oddly Smooth Stone","Nloth\u0027s Gift","Pen Nib","Ninja Scroll","The Courier","DollysMirror","Busted Crown","Unceasing Top","War Paint","Ancient Tea Set","MawBank","Bag of Preparation"],"acts_visited":["Exordium","TheCity","TheBeyond","TheEnding"],"potions_floor_usage":[41,50,55],"damage_taken":[{"damage":3.0,"enemies":"2 Louse","floor":1.0,"turns":4.0},{"damage":2.0,"enemies":"Jaw Worm","floor":2.0,"turns":5.0},{"damage":6.0,"enemies":"Cultist","floor":4.0,"turns":3.0},{"damage":29.0,"enemies":"Lagavulin","floor":6.0,"turns":7.0},{"damage":7.0,"enemies":"3 Sentries","floor":8.0,"turns":5.0},{"damage":3.0,"enemies":"Exordium Thugs","floor":12.0,"turns":3.0},{"damage":15.0,"enemies":"Gremlin Nob","floor":13.0,"turns":4.0},{"damage":0.0,"enemies":"3 Louse","floor":14.0,"turns":1.0},{"damage":19.0,"enemies":"The Guardian","floor":16.0,"turns":8.0},{"damage":0.0,"enemies":"3 Byrds","floor":18.0,"turns":3.0},{"damage":18.0,"enemies":"Chosen","floor":20.0,"turns":4.0},{"damage":21.0,"enemies":"Snake Plant","floor":22.0,"turns":4.0},{"damage":21.0,"enemies":"Slavers","floor":23.0,"turns":2.0},{"damage":0.0,"enemies":"3 Cultists","floor":25.0,"turns":3.0},{"damage":28.0,"enemies":"Gremlin Leader","floor":27.0,"turns":5.0},{"damage":0.0,"enemies":"Snecko","floor":28.0,"turns":5.0},{"damage":4.0,"enemies":"Centurion and Healer","floor":30.0,"turns":4.0},{"damage":1.0,"enemies":"Automaton","floor":33.0,"turns":10.0},{"damage":0.0,"enemies":"3 Darklings","floor":35.0,"turns":3.0},{"damage":0.0,"enemies":"Mind Bloom Boss Battle","floor":38.0,"turns":9.0},{"damage":0.0,"enemies":"Orb Walker","floor":39.0,"turns":3.0},{"damage":23.0,"enemies":"3 Darklings","floor":40.0,"turns":3.0},{"damage":1,"enemies":"Nemesis","floor":41,"turns":7},{"damage":4,"enemies":"Giant Head","floor":45,"turns":10},{"damage":0,"enemies":"4 Shapes","floor":47,"turns":3},{"damage":7,"enemies":"Reptomancer","floor":48,"turns":5},{"damage":47,"enemies":"Time Eater","floor":50,"turns":14},{"damage":0,"enemies":"Shield and Spear","floor":54,"turns":7},{"damage":127,"enemies":"The Heart","floor":55,"turns":5}],"seed_played":"-7135380431286164648","potions_obtained":[{"floor":2.0,"key":"ColorlessPotion"},{"floor":14.0,"key":"CunningPotion"},{"floor":17.0,"key":"Fruit Juice"},{"floor":20.0,"key":"FearPotion"},{"floor":22.0,"key":"Ancient Potion"},{"floor":25.0,"key":"Dexterity Potion"},{"floor":33.0,"key":"ColorlessPotion"},{"floor":38.0,"key":"DuplicationPotion"},{"floor":39.0,"key":"CultistPotion"},{"floor":47,"key":"FairyPotion"},{"floor":54,"key":"PowerPotion"}],"is_trial":false,"path_per_floor":["M","M","?","M","$","E","R","E","T","$","R","M","E","M","R","B",null,"M","?","M","?","M","E","R","M","T","E","M","R","M","$","R","B",null,"M","?","$","?","M","M","E","R","T","R","E","R","M","E","R","B",null,"R","$","E","B"],"character_chosen":"THE_SILENT","items_purchased":["MealTicket","A Thousand Cuts","EssenceOfSteel","DollysMirror","PiercingWail","Escape Plan","Malaise"],"campfire_rested":2,"item_purchase_floors":[5,10,10,31,31,53,53],"current_hp_per_floor":[56,54,54,48,48,19,38,31,31,46,46,43,28,28,28,15,58,62,62,48,48,36,21,43,49,49,29,39,39,41,56,56,65,73,76,72,72,72,72,53,64,64,64,64,72,72,72,71,71,39,64,64,72,72,0,0],"gold":63,"neow_bonus":"BOSS_RELIC","is_daily":false,"chose_seed":false,"campfire_upgraded":8,"win_rate":0.0,"timestamp":1613206387,"path_taken":["M","M","?","M","$","E","R","E","T","$","R","M","E","M","R","BOSS","M","?","M","?","M","E","R","M","T","E","?","R","M","$","R","BOSS","M","?","$","?","M","M","E","R","T","R","E","R","M","E","R","BOSS","R","$","E","BOSS"],"items_purchased_type":["Relic","Card","Potion","Relic","Card","Card","Card"],"build_version":"2020-12-22","purchased_purges":3,"victory":false,"max_hp_per_floor":[66,66,66,66,66,66,66,66,66,66,66,66,66,66,66,66,71,71,71,71,71,76,76,76,76,76,76,76,76,76,76,76,76,76,76,72,72,72,72,72,72,72,72,72,72,72,72,72,72,72,72,72,72,72,72,72],"relic_stats":{"counters":[29,147],"Pen Nib":[20],"Bag of Preparation":[0],"Orichalcum":[126],"War Paint":["Deadly Poison","Phantasmal Killer"],"MawBank":60,"Mercury Hourglass":[515],"Busted Crown":18,"Bird Faced Urn":[119],"Snecko Eye":[282,276,285,275],"MealTicket":38,"Nloth\u0027s Gift":3,"obtain_stats":[{"Tiny House":17,"Oddly Smooth Stone":19,"Pen Nib":23,"The Courier":27,"Bag of Preparation":54,"Whetstone":9,"Orichalcum":8,"War Paint":41,"Ancient Tea Set":45,"MawBank":48,"Mercury Hourglass":6,"Busted Crown":34,"Ninja Scroll":26,"DollysMirror":31,"Bird Faced Urn":13,"Snecko Eye":0,"MealTicket":5,"Nloth\u0027s Gift":21,"Unceasing Top":38,"Ring of the Snake":0},{"Tiny House":9,"Oddly Smooth Stone":10,"Pen Nib":13,"The Courier":15,"Bag of Preparation":28,"Whetstone":5,"Orichalcum":5,"War Paint":23,"Ancient Tea Set":24,"MawBank":26,"Mercury Hourglass":4,"Busted Crown":18,"Ninja Scroll":14,"DollysMirror":17,"Bird Faced Urn":7,"Snecko Eye":0,"MealTicket":3,"Nloth\u0027s Gift":11,"Unceasing Top":20,"Ring of the Snake":0},{"Tiny House":40,"Oddly Smooth Stone":43,"Pen Nib":53,"The Courier":61,"Bag of Preparation":142,"Whetstone":24,"Orichalcum":24,"War Paint":103,"Ancient Tea Set":113,"MawBank":121,"Mercury Hourglass":19,"Busted Crown":79,"Ninja Scroll":56,"DollysMirror":69,"Bird Faced Urn":31,"Snecko Eye":0,"MealTicket":12,"Nloth\u0027s Gift":47,"Unceasing Top":91,"Ring of the Snake":0}],"Unceasing Top":[0]},"card_choices":[{"not_picked":["Acrobatics","PiercingWail"],"picked":"Well Laid Plans","floor":1.0},{"not_picked":["Crippling Poison","Calculated Gamble"],"picked":"Predator","floor":2.0},{"not_picked":["Prepared","Deflect"],"picked":"Dagger Spray","floor":4.0},{"not_picked":["Skewer","Flechettes"],"picked":"Deadly Poison","floor":6.0},{"not_picked":["Masterful Stab","Prepared"],"picked":"Flechettes","floor":8.0},{"not_picked":["Cloak And Dagger","Caltrops"],"picked":"Footwork","floor":12.0},{"not_picked":["Expertise","Flying Knee"],"picked":"Corpse Explosion","floor":13.0},{"not_picked":["Blade Dance","Choke"],"picked":"Cloak And Dagger","floor":14.0},{"not_picked":["Die Die Die","Grand Finale"],"picked":"After Image","floor":16.0},{"not_picked":["Well Laid Plans","Cloak And Dagger"],"picked":"Acrobatics","floor":17.0},{"not_picked":["Flying Knee","Slice+1"],"picked":"Backflip","floor":18.0},{"not_picked":["Quick Slash","Caltrops"],"picked":"Sucker Punch+1","floor":20.0},{"not_picked":["Dagger Throw","Envenom"],"picked":"Predator","floor":22.0},{"not_picked":["Dagger Throw","Choke"],"picked":"Wraith Form v2","floor":23.0},{"not_picked":["Calculated Gamble","Flying Knee","Storm of Steel"],"picked":"SKIP","floor":25.0},{"not_picked":["Cloak And Dagger","Expertise"],"picked":"Dodge and Roll","floor":27.0},{"not_picked":["Predator","Noxious Fumes"],"picked":"Acrobatics","floor":28.0},{"not_picked":["Prepared","Tactician","Caltrops"],"picked":"SKIP","floor":30.0},{"not_picked":["After Image","Corpse Explosion"],"picked":"Phantasmal Killer","floor":33.0},{"not_picked":["Heel Hook+1"],"picked":"SKIP","floor":35.0},{"not_picked":["Caltrops"],"picked":"SKIP","floor":39.0},{"not_picked":[],"picked":"Dash+1","floor":40.0},{"not_picked":[],"picked":"All Out Attack","floor":41},{"not_picked":[],"picked":"Die Die Die","floor":45},{"not_picked":[],"picked":"Noxious Fumes","floor":47},{"not_picked":["Heel Hook"],"picked":"SKIP","floor":48},{"not_picked":["PiercingWail"],"picked":"SKIP","floor":54}],"player_experience":1066455,"relics_obtained":[{"floor":6.0,"key":"Mercury Hourglass"},{"floor":8.0,"key":"Orichalcum"},{"floor":9.0,"key":"Whetstone"},{"floor":13.0,"key":"Bird Faced Urn"},{"floor":23.0,"key":"Pen Nib"},{"floor":26.0,"key":"Ninja Scroll"},{"floor":27.0,"key":"The Courier"},{"floor":38.0,"key":"Unceasing Top"},{"floor":41,"key":"War Paint"},{"floor":45,"key":"Ancient Tea Set"},{"floor":48,"key":"MawBank"},{"floor":54,"key":"Bag of Preparation"}],"event_choices":[{"damage_healed":0.0,"max_hp_gain":0.0,"max_hp_loss":0.0,"gold_gain":150.0,"event_name":"Liars Game","player_choice":"AGREE","floor":3.0,"gold_loss":0.0,"damage_taken":0.0,"cards_obtained":["Doubt"]},{"damage_healed":0.0,"max_hp_gain":0.0,"max_hp_loss":0.0,"gold_gain":0.0,"event_name":"Addict","player_choice":"Obtained Relic","floor":19.0,"gold_loss":85.0,"damage_taken":0.0,"relics_obtained":["Oddly Smooth Stone"]},{"damage_healed":0.0,"max_hp_gain":0.0,"max_hp_loss":0.0,"gold_gain":0.0,"event_name":"N\u0027loth","player_choice":"Traded Relic","floor":21.0,"relics_lost":["Whetstone"],"gold_loss":0.0,"damage_taken":0.0,"relics_obtained":["Nloth\u0027s Gift"]},{"damage_healed":0.0,"max_hp_gain":0.0,"max_hp_loss":4.0,"gold_gain":0.0,"event_name":"Winding Halls","player_choice":"Max HP","floor":36.0,"gold_loss":0.0,"damage_taken":0.0},{"damage_healed":0.0,"max_hp_gain":0.0,"max_hp_loss":0.0,"gold_gain":0.0,"event_name":"MindBloom","player_choice":"Fight","floor":38.0,"gold_loss":0.0,"damage_taken":0.0}],"is_beta":false,"boss_relics":[{"not_picked":["Ectoplasm","Runic Pyramid"],"picked":"Tiny House"},{"not_picked":["WristBlade","Black Star"],"picked":"Busted Crown"}],"items_purged_floors":[5,31,53],"is_endless":false,"potions_floor_spawned":[2,14,20,22,25,33,38,39,40,47,48,54],"killed_by":"The Heart","ascension_level":19}}