{"host":"vyjryxuuuxkt43k4","time":1613215749,"event":{"mods":["AchievementEnabler","BaseMod","Colored Map","DeckTracker","Keyboard Shortcuts","Minty Spire (QoL Compilation)","Permanent Neow","Quick Restart","Rare Cards Sparkle","StSLib","SuperFastMode","everything is the same but u backflip on backflip"],"gold_per_floor":[362,362,5,5,5,5,5,15,15,48,64,90,90,25,25,25,25],"floor_reached":16,"language":"KOR","playtime":349,"items_purged":[],"score":192,"play_id":"9f615723-7e75-4f5a-b13a-97cb76cfdb4d","local_time":"20210213202909","is_ascension_mode":true,"campfire_choices":[{"data":"Dagger Spray","floor":6,"key":"SMITH"},{"data":"Skewer","floor":13,"key":"SMITH"},{"data":"Neutralize","floor":15,"key":"SMITH"}],"circlet_count":0,"master_deck":["AscendersBane","Strike_G","Strike_G","Strike_G","Defend_G","Defend_G","Defend_G","Defend_G","Defend_G","Survivor","Neutralize+1","Dagger Spray+1","Footwork+1","Quick Slash","Skewer+1","Slice","Well Laid Plans+1"],"relics":["Ring of the Snake","Frozen Egg 2","Vajra","The Courier","Oddly Smooth Stone","Art of War"],"acts_visited":["Exordium"],"potions_floor_usage":[10,10,16],"damage_taken":[{"damage":8,"enemies":"Jaw Worm","floor":1,"turns":6},{"damage":0,"enemies":"Small Slimes","floor":8,"turns":3},{"damage":25,"enemies":"Gremlin Nob","floor":10,"turns":4},{"damage":0,"enemies":"Cultist","floor":11,"turns":2},{"damage":29,"enemies":"Hexaghost","floor":16,"turns":10}],"seed_played":"-2325709073935887811","potions_obtained":[{"floor":8,"key":"Regen Potion"},{"floor":10,"key":"Swift Potion"}],"is_trial":false,"path_per_floor":["M","?","$","?","?","R","?","M","T","E","M","T","R","$","R","B"],"character_chosen":"THE_SILENT","items_purchased":["Regen Potion","Frozen Egg 2","Well Laid Plans+1"],"campfire_rested":0,"item_purchase_floors":[3,3,14],"current_hp_per_floor":[36,29,29,29,24,24,24,24,24,26,26,26,26,26,26,0,0],"gold":25,"neow_bonus":"TWO_FIFTY_GOLD","is_daily":false,"chose_seed":false,"campfire_upgraded":3,"win_rate":0.0,"timestamp":1613215749,"path_taken":["M","?","$","?","?","R","?","?","T","E","?","?","R","?","R","BOSS"],"items_purchased_type":["Potion","Relic","Card"],"build_version":"2020-12-22","purchased_purges":0,"victory":false,"max_hp_per_floor":[66,66,66,66,66,66,66,66,66,66,66,66,66,66,66,66,66],"card_choices":[{"not_picked":["Deflect","Outmaneuver"],"picked":"Dagger Spray","floor":1},{"not_picked":["Bane","Blade Dance"],"picked":"Quick Slash","floor":8},{"not_picked":["Poisoned Stab","Deadly Poison"],"picked":"Skewer","floor":10},{"not_picked":["Distraction","Deflect"],"picked":"Slice","floor":11}],"player_experience":977929,"relics_obtained":[{"floor":9,"key":"The Courier"},{"floor":10,"key":"Oddly Smooth Stone"},{"floor":12,"key":"Art of War"}],"event_choices":[{"cards_removed":["Strike_G"],"damage_healed":0,"gold_gain":0,"player_choice":"Card Removal","damage_taken":7,"max_hp_gain":0,"max_hp_loss":0,"event_name":"Golden Wing","floor":2,"gold_loss":0},{"damage_healed":0,"gold_gain":0,"cards_transformed":["Strike_G"],"player_choice":"Change","damage_taken":0,"max_hp_gain":0,"max_hp_loss":0,"event_name":"Living Wall","floor":4,"gold_loss":0,"cards_obtained":["Footwork"]},{"damage_healed":0,"gold_gain":0,"player_choice":"Success","damage_taken":5,"relics_obtained":["Vajra"],"max_hp_gain":0,"max_hp_loss":0,"event_name":"Scrap Ooze","floor":5,"gold_loss":0},{"damage_healed":0,"gold_gain":0,"player_choice":"Ignored","damage_taken":0,"max_hp_gain":0,"max_hp_loss":0,"event_name":"Liars Game","floor":7,"gold_loss":0}],"is_beta":false,"boss_relics":[],"items_purged_floors":[],"is_endless":false,"potions_floor_spawned":[8,10],"killed_by":"Hexaghost","ascension_level":20}}