{"host":"pj7egx7jkoz18hom","time":1613210608,"event":{"mods":["AchievementEnabler","BaseMod","Keyboard Shortcuts","Minty Spire (QoL Compilation)","SuperFastMode"],"gold_per_floor":[112,112,130,143,157,186,197,197,277,289,239,264,276,308,320,332,332],"floor_reached":16,"language":"KOR","playtime":479,"items_purged":[],"score":153,"play_id":"b2d78fda-3dd1-4794-a3be-2ecb08891cf8","local_time":"20210213190328","is_ascension_mode":true,"campfire_choices":[{"data":"Armaments","floor":8,"key":"SMITH"},{"data":"Infernal Blade","floor":13,"key":"SMITH"},{"floor":15,"key":"REST"}],"circlet_count":0,"master_deck":["Strike_R","Strike_R","Strike_R","Strike_R","Strike_R","Defend_R","Defend_R","Defend_R","Defend_R","Bash","Double Tap","Cleave","Wild Strike","Anger","Dropkick","Infernal Blade+1","Armaments+1","Iron Wave","Flame Barrier","Thunderclap"],"relics":["Burning Blood","Strawberry","Thread and Needle","Bottled Lightning","MawBank"],"acts_visited":["Exordium"],"potions_floor_usage":[5,5,12,16],"damage_taken":[{"damage":6,"enemies":"2 Louse","floor":1,"turns":3},{"damage":10,"enemies":"Small Slimes","floor":3,"turns":3},{"damage":12,"enemies":"Jaw Worm","floor":4,"turns":2},{"damage":13,"enemies":"Lots of Slimes","floor":5,"turns":2},{"damage":41,"enemies":"3 Sentries","floor":6,"turns":7},{"damage":10,"enemies":"Looter","floor":7,"turns":2},{"damage":19,"enemies":"3 Louse","floor":10,"turns":3},{"damage":0,"enemies":"Gremlin Nob","floor":12,"turns":2},{"damage":0,"enemies":"Blue Slaver","floor":14,"turns":2},{"damage":65,"enemies":"Hexaghost","floor":16,"turns":12}],"seed_played":"2152274312659690730","potions_obtained":[{"floor":3,"key":"ColorlessPotion"},{"floor":4,"key":"Fruit Juice"},{"floor":10,"key":"BlessingOfTheForge"},{"floor":12,"key":"GamblersBrew"}],"is_trial":false,"path_per_floor":["M","?","M","M","M","E","M","R","T","M","?","E","R","M","R","B"],"character_chosen":"IRONCLAD","items_purchased":[],"campfire_rested":1,"item_purchase_floors":[],"current_hp_per_floor":[80,87,83,77,75,40,36,36,36,23,23,29,29,35,62,0,0],"gold":332,"neow_bonus":"ONE_RANDOM_RARE_CARD","is_daily":false,"chose_seed":false,"campfire_upgraded":2,"win_rate":0.0,"timestamp":1613210608,"path_taken":["M","?","M","M","M","E","M","R","T","M","?","E","R","M","R","BOSS"],"items_purchased_type":[],"build_version":"2020-12-22","purchased_purges":0,"victory":false,"max_hp_per_floor":[80,87,87,87,92,92,92,92,92,92,92,92,92,92,92,92,92],"card_choices":[{"not_picked":["Disarm","Intimidate"],"picked":"Cleave","floor":1},{"not_picked":["Intimidate","Cleave"],"picked":"Wild Strike","floor":3},{"not_picked":["Rage","Double Tap"],"picked":"Anger","floor":4},{"not_picked":["Cleave","Iron Wave"],"picked":"Dropkick","floor":5},{"not_picked":["Warcry","Wild Strike"],"picked":"Infernal Blade","floor":6},{"not_picked":["Bloodletting","Clash"],"picked":"Armaments","floor":7},{"not_picked":["Reckless Charge","Sentinel"],"picked":"Iron Wave","floor":10},{"not_picked":["Seeing Red","Hemokinesis"],"picked":"Flame Barrier","floor":12},{"not_picked":["True Grit","Evolve"],"picked":"Thunderclap","floor":14}],"player_experience":35358,"relics_obtained":[{"floor":6,"key":"Thread and Needle"},{"floor":9,"key":"Bottled Lightning"},{"floor":12,"key":"MawBank"}],"event_choices":[{"damage_healed":0,"gold_gain":0,"player_choice":"Box","damage_taken":0,"relics_obtained":["Strawberry"],"max_hp_gain":0,"max_hp_loss":0,"event_name":"Big Fish","floor":2,"gold_loss":0,"cards_obtained":["Regret"]},{"cards_removed":["Regret"],"damage_healed":0,"gold_gain":0,"player_choice":"Card Removal","damage_taken":0,"max_hp_gain":0,"max_hp_loss":0,"event_name":"The Cleric","floor":11,"gold_loss":50}],"is_beta":false,"boss_relics":[],"items_purged_floors":[],"is_endless":false,"potions_floor_spawned":[3,4,10,12],"killed_by":"Hexaghost","ascension_level":2}}