{"host":"dx8mnueonnkh60qu","time":1613205010,"event":{"mods":["AchievementEnabler","Act Like it!","Aspiration","BaseMod","Better Silent Start","Better Third Choice","Bossed Relics","CCEM2","Conspire","Defuse TimeMaze Blight","Dota2Spire","Downfall","Hubris","Infinite Spire","Marked Mod","Minty Spire (QoL Compilation)","Quarter Circle Forward PUNCH!","Rare Cards Sparkle","Relic Stats","Reliquary","Robot Space Explorer","Spicy Shops","Spikes Relics","StSLib","SuperFastMode","The Blue Laboratory","The Caster"],"gold_per_floor":[115,115,129,145,164,164,199,199,199,224,224,235,235,245,245,345,345,356,356,30,49,66,100,100,127,127,127,127,160,176,195,195,292,292,308,358,108,129,145,189,189,224,294,294,315,328,328,353,353,359,359,359,209,246,288],"floor_reached":56,"language":"ENG","playtime":1500,"items_purged":[],"score":1650,"play_id":"03eb432c-d949-446f-93e5-04518ffc628d","local_time":"20210213033010","is_ascension_mode":true,"campfire_choices":[{"data":"Bash","floor":6,"key":"SMITH"},{"data":"Uppercut","floor":8,"key":"SMITH"},{"data":"Cleave","floor":11,"key":"SMITH"},{"data":"Iron Wave","floor":15,"key":"SMITH"},{"data":"Whirlwind","floor":24,"key":"SMITH"},{"data":"Flame Barrier","floor":28,"key":"SMITH"},{"data":"hubris:StunningStrike","floor":32,"key":"SMITH"},{"floor":44,"key":"RECALL"},{"data":"hubris:DuctTapeCard","floor":49,"key":"SMITH"},{"data":"conspire:HitWhereItHurts","floor":52,"key":"SMITH"}],"circlet_count":0,"master_deck":["Strike_R","Strike_R","Strike_R","Strike_R","Defend_R+1","Defend_R","Defend_R","Defend_R","Bash+1","Iron Wave+1","Spot Weakness+1","Anger","Clothesline","Uppercut+1","Cleave+1","hubris:StunningStrike","Necronomicurse","Juggernaut","Flame Barrier+1","Whirlwind+1","Rage","hubris:StunningStrike+1","Iron Wave","Feed","Heavy Blade+1","conspire:HitWhereItHurts+1","CurseOfTheBell","hubris:DuctTapeCard+2","Limit Break+1","Offering","hubris:StunningStrike+1","Inflame"],"relics":["CCEMRelics:TransientCore","hubris:Metronome","CCEMRelics:LatexGloves","Singing Bowl","hubris:CrackedHourglass","Necronomicon","qcfpunch:Black_Training_Shirt","Dota2Spire:ShivaGuard","infinitespire:Midas Blood","CCEMRelics:Barrel","Calling Bell","War Paint","CCEMRelics:GlassOfMilk","Dota2Spire:AssaultCuirass","qcfpunch:Combat_Fatigues","hubris:DuctTape","hubris:FunFungus","Dota2Spire:ShadowBlade","CCEMRelics:ImbuedSpirit","DollysMirror","conspire:GlowingRock"],"acts_visited":["Exordium","TheCity","TheBeyond","TheEnding"],"potions_floor_usage":[7,23,23,40,40],"damage_taken":[{"damage":0,"enemies":"Small Slimes","floor":1,"turns":3},{"damage":6,"enemies":"Cultist","floor":3,"turns":3},{"damage":5,"enemies":"2 Louse","floor":4,"turns":4},{"damage":18,"enemies":"Red Slaver","floor":5,"turns":3},{"damage":18,"enemies":"3 Sentries","floor":7,"turns":7},{"damage":24,"enemies":"Gremlin Nob","floor":10,"turns":4},{"damage":4,"enemies":"2 Fungi Beasts","floor":12,"turns":3},{"damage":0,"enemies":"Large Slime","floor":14,"turns":3},{"damage":24,"enemies":"Hexaghost","floor":16,"turns":7},{"damage":23,"enemies":"2 Thieves","floor":18,"turns":3},{"damage":0,"enemies":"Shell Parasite","floor":21,"turns":2},{"damage":16,"enemies":"Chosen and Byrds","floor":22,"turns":3},{"damage":0,"enemies":"Gremlin Leader","floor":23,"turns":5},{"damage":6,"enemies":"Book of Stabbing","floor":25,"turns":4},{"damage":0,"enemies":"Slavers","floor":29,"turns":3},{"damage":0,"enemies":"Centurion and Healer","floor":30,"turns":3},{"damage":0,"enemies":"Sentry and Sphere","floor":31,"turns":2},{"damage":0,"enemies":"Champ","floor":33,"turns":6},{"damage":0,"enemies":"Orb Walker","floor":35,"turns":1},{"damage":0,"enemies":"Mind Bloom Boss Battle","floor":36,"turns":3},{"damage":11,"enemies":"3 Shapes","floor":38,"turns":2},{"damage":0,"enemies":"Spire Growth","floor":39,"turns":2},{"damage":41,"enemies":"Nightmare","floor":40,"turns":5},{"damage":0,"enemies":"Giant Head","floor":42,"turns":6},{"damage":6,"enemies":"Transient","floor":45,"turns":5},{"damage":0,"enemies":"Maw","floor":46,"turns":3},{"damage":0,"enemies":"Nemesis","floor":48,"turns":2},{"damage":22,"enemies":"hubris:GrandSnecko","floor":50,"turns":6},{"damage":6,"enemies":"Shield and Spear","floor":54,"turns":4},{"damage":62,"enemies":"The Heart","floor":55,"turns":7}],"seed_played":"-5745106080746583853","potions_obtained":[{"floor":1,"key":"GamblersBrew"},{"floor":4,"key":"Guardian:BlockOnCardUsePotion"},{"floor":5,"key":"blueLaboratory:BottleOfRum"},{"floor":12,"key":"Dota2Spire:HealingSalve"},{"floor":14,"key":"blueLaboratory:FruitPunch"},{"floor":33,"key":"Energy Potion"},{"floor":35,"key":"FairyPotion"},{"floor":48,"key":"SneckoOil"}],"is_trial":false,"path_per_floor":["M","?","M","M","M","R","E","R","T","E","R","M","?","M","R","B",null,"M","?","$","M","M","E","R","E","T","?","R","E","M","M","R","B",null,"M","?","$","M","M","NM","?","E","T","R","M","M","?","E","R","B",null,"R","$","E","B",null],"character_chosen":"IRONCLAD","items_purchased":["Uppercut","Juggernaut","hubris:DuctTape","DollysMirror"],"campfire_rested":0,"item_purchase_floors":[20,20,37,53],"current_hp_per_floor":[84,84,82,83,71,71,59,59,59,41,41,45,45,53,53,35,110,92,76,76,84,74,94,94,94,94,94,94,100,106,112,112,118,146,154,160,160,156,162,132,134,141,141,141,143,151,151,159,159,143,199,199,199,199,145],"gold":288,"neow_bonus":"BOSS_RELIC","is_daily":false,"chose_seed":false,"campfire_upgraded":9,"win_rate":0.0,"timestamp":1613205010,"path_taken":["M","?","?","M","?","R","E","R","T","E","R","M","?","?","R","BOSS","M","?","$","M","M","E","R","E","T","?","R","E","?","M","R","BOSS","M","?","$","M","M","NM","?","E","T","R","M","M","?","E","R","BOSS","R","$","E","BOSS"],"items_purchased_type":["Card","Card","Relic","Relic"],"build_version":"2020-12-22","purchased_purges":0,"victory":true,"max_hp_per_floor":[84,84,88,91,95,95,95,95,95,98,98,104,104,110,110,110,110,114,114,114,121,125,129,129,132,132,132,132,136,140,145,145,146,146,154,160,160,167,172,179,181,182,182,182,185,191,191,198,198,199,199,199,199,202,202],"relic_stats":{"Singing Bowl":22,"counters":[30,114],"Necronomicon":[63],"War Paint":["Defend_R","Spot Weakness"],"obtain_stats":[{"CCEMRelics:Barrel":29,"hubris:Metronome":7,"CCEMRelics:LatexGloves":9,"Singing Bowl":10,"hubris:DuctTape":37,"CCEMRelics:ImbuedSpirit":48,"qcfpunch:Black_Training_Shirt":23,"Dota2Spire:ShivaGuard":25,"Dota2Spire:ShadowBlade":42,"War Paint":34,"Burning Blood":0,"CCEMRelics:TransientCore":0,"Calling Bell":34,"qcfpunch:Combat_Fatigues":36,"conspire:GlowingRock":54,"CCEMRelics:GlassOfMilk":34,"DollysMirror":53,"hubris:FunFungus":40,"Necronomicon":19,"Dota2Spire:AssaultCuirass":34,"hubris:CrackedHourglass":17,"infinitespire:Midas Blood":26},{"CCEMRelics:Barrel":15,"hubris:Metronome":5,"CCEMRelics:LatexGloves":5,"Singing Bowl":6,"hubris:DuctTape":20,"CCEMRelics:ImbuedSpirit":27,"qcfpunch:Black_Training_Shirt":13,"Dota2Spire:ShivaGuard":14,"Dota2Spire:ShadowBlade":24,"War Paint":18,"Burning Blood":0,"CCEMRelics:TransientCore":0,"Calling Bell":18,"qcfpunch:Combat_Fatigues":20,"conspire:GlowingRock":29,"CCEMRelics:GlassOfMilk":18,"DollysMirror":28,"hubris:FunFungus":23,"Necronomicon":10,"Dota2Spire:AssaultCuirass":18,"hubris:CrackedHourglass":9,"infinitespire:Midas Blood":14},{"CCEMRelics:Barrel":57,"hubris:Metronome":20,"CCEMRelics:LatexGloves":20,"Singing Bowl":24,"hubris:DuctTape":72,"CCEMRelics:ImbuedSpirit":97,"qcfpunch:Black_Training_Shirt":50,"Dota2Spire:ShivaGuard":54,"Dota2Spire:ShadowBlade":87,"War Paint":68,"Burning Blood":0,"CCEMRelics:TransientCore":0,"Calling Bell":68,"qcfpunch:Combat_Fatigues":72,"conspire:GlowingRock":107,"CCEMRelics:GlassOfMilk":68,"DollysMirror":103,"hubris:FunFungus":81,"Necronomicon":40,"Dota2Spire:AssaultCuirass":68,"hubris:CrackedHourglass":37,"infinitespire:Midas Blood":54}]},"card_choices":[{"not_picked":["Blood for Blood","Shrug It Off"],"picked":"Iron Wave","floor":1},{"not_picked":["Heavy Blade","Iron Wave"],"picked":"Spot Weakness","floor":3},{"not_picked":["Heavy Blade","Seeing Red"],"picked":"Anger","floor":4},{"not_picked":["Seeing Red","Body Slam"],"picked":"Clothesline","floor":5},{"not_picked":["Thunderclap","Anger"],"picked":"Uppercut","floor":7},{"not_picked":["Clash","Havoc"],"picked":"Cleave","floor":10},{"not_picked":["Thunderclap","Warcry","Dual Wield"],"picked":"Singing Bowl","floor":12},{"not_picked":["Headbutt","Perfected Strike","Warcry"],"picked":"Singing Bowl","floor":14},{"not_picked":["Berserk","Juggernaut"],"picked":"hubris:StunningStrike","floor":16},{"not_picked":["Sword Boomerang","Wild Strike"],"picked":"Anger+1","floor":18},{"not_picked":["Iron Wave","hubris:ReadiedAction","Headbutt"],"picked":"Singing Bowl","floor":21},{"not_picked":["Heavy Blade+1","Disarm"],"picked":"Flame Barrier","floor":22},{"not_picked":["Rupture","Shrug It Off+1"],"picked":"Whirlwind","floor":23},{"not_picked":["Anger","Hemokinesis"],"picked":"Rage","floor":25},{"not_picked":["Wild Strike","Cleave"],"picked":"Iron Wave","floor":29},{"not_picked":["Heavy Blade","Armaments"],"picked":"Feed","floor":30},{"not_picked":["Shrug It Off","Body Slam"],"picked":"Heavy Blade+1","floor":31},{"not_picked":["Immolate","Impervious"],"picked":"conspire:HitWhereItHurts","floor":33},{"not_picked":["Clash","Thunderclap+1","Anger"],"picked":"Singing Bowl","floor":35},{"not_picked":["Clash+1","Armaments","Sword Boomerang+1"],"picked":"Singing Bowl","floor":36},{"not_picked":["Sever Soul+1","conspire:ExplosiveBarrier","Havoc+1"],"picked":"Singing Bowl","floor":38},{"not_picked":["Combust","Body Slam+1"],"picked":"Limit Break","floor":39},{"not_picked":["hubris:ReadiedAction","Limit Break","Pummel"],"picked":"Singing Bowl","floor":40},{"not_picked":["Metamorphosis","Purity","Discovery"],"picked":"Singing Bowl","floor":41},{"not_picked":["Body Slam+1","Clothesline+1"],"picked":"Offering","floor":42},{"not_picked":["conspire:ExplosiveBarrier","Invigoration","Dual Wield+1"],"picked":"Singing Bowl","floor":45},{"not_picked":["Bloodletting+1","Cleave","Metallicize"],"picked":"Singing Bowl","floor":46},{"not_picked":["conspire:Charge+1","Evolve","Corruption"],"picked":"Singing Bowl","floor":48},{"not_picked":["Twin Strike","Anger+1"],"picked":"Inflame","floor":54}],"player_experience":625195,"relics_obtained":[{"floor":7,"key":"hubris:Metronome"},{"floor":9,"key":"CCEMRelics:LatexGloves"},{"floor":10,"key":"Singing Bowl"},{"floor":19,"key":"Necronomicon"},{"floor":23,"key":"qcfpunch:Black_Training_Shirt"},{"floor":25,"key":"Dota2Spire:ShivaGuard"},{"floor":26,"key":"infinitespire:Midas Blood"},{"floor":29,"key":"CCEMRelics:Barrel"},{"floor":34,"key":"War Paint"},{"floor":34,"key":"CCEMRelics:GlassOfMilk"},{"floor":34,"key":"Dota2Spire:AssaultCuirass"},{"floor":36,"key":"qcfpunch:Combat_Fatigues"},{"floor":40,"key":"hubris:FunFungus"},{"floor":42,"key":"Dota2Spire:ShadowBlade"},{"floor":48,"key":"CCEMRelics:ImbuedSpirit"},{"floor":54,"key":"conspire:GlowingRock"}],"event_choices":[{"damage_healed":0,"gold_gain":0,"player_choice":"Full Heal","damage_taken":0,"max_hp_gain":0,"max_hp_loss":0,"event_name":"Wheel of Change","floor":2,"gold_loss":0},{"cards_removed":["Strike_R"],"damage_healed":0,"gold_gain":0,"player_choice":"Purged","damage_taken":0,"max_hp_gain":0,"max_hp_loss":0,"event_name":"Purifier","floor":13,"gold_loss":0},{"damage_healed":0,"gold_gain":0,"player_choice":"Obtained Book","damage_taken":16,"max_hp_gain":0,"max_hp_loss":0,"event_name":"Cursed Tome","floor":19,"gold_loss":0},{"damage_healed":0,"gold_gain":0,"player_choice":"Copied","damage_taken":0,"max_hp_gain":0,"max_hp_loss":0,"event_name":"Duplicator","floor":27,"gold_loss":0,"cards_obtained":["hubris:StunningStrike"]},{"damage_healed":0,"gold_gain":0,"player_choice":"Fight","damage_taken":0,"max_hp_gain":0,"max_hp_loss":0,"event_name":"MindBloom","floor":36,"gold_loss":0},{"damage_healed":0,"gold_gain":0,"player_choice":"Memory 1","damage_taken":0,"max_hp_gain":0,"max_hp_loss":0,"event_name":"SensoryStone","floor":41,"gold_loss":0},{"damage_healed":0,"gold_gain":0,"player_choice":"Upgraded","damage_taken":0,"max_hp_gain":0,"max_hp_loss":0,"event_name":"Upgrade Shrine","floor":47,"gold_loss":0,"cards_upgraded":["Limit Break"]}],"is_beta":false,"boss_relics":[{"not_picked":["CCEMRelics:ReaperScythe","aspiration:SilentSkillbook"],"picked":"hubris:CrackedHourglass"},{"not_picked":["Black Star","CosmicIsotope"],"picked":"Calling Bell"}],"items_purged_floors":[],"is_endless":false,"potions_floor_spawned":[1,4,5,12,14,16,18,21,30,33,35,36,39,48],"ascension_level":2}}