{"host":"1vy6j31128f61x2z","time":1613179406,"event":{"mods":["AchievementEnabler","BaseMod","Colored Powertips","Minty Spire (QoL Compilation)","Permanent Neow"],"gold_per_floor":[13,33,46,46,66,91,108,128,128,128,143,172,192,223,223,327,327,341,359,458,144,160,160,190,190,235,235,261,271,371,405,405,502,502,518,534,553,185,185,216,27,27,27,58,85,85,97,110,110,110],"floor_reached":51,"language":"ENG","playtime":3279,"items_purged":["Strike_B"],"score":967,"play_id":"9d3f0dab-6706-4f81-a84f-54d05814957e","local_time":"20210212202326","is_ascension_mode":true,"campfire_choices":[{"data":"Lockon","floor":10.0,"key":"SMITH"},{"data":"Coolheaded","floor":15.0,"key":"SMITH"},{"data":"Tempest","floor":23,"key":"SMITH"},{"data":"Hologram","floor":25,"key":"SMITH"},{"data":"Glacier","floor":27,"key":"SMITH"},{"data":"Sweeping Beam","floor":32,"key":"SMITH"},{"data":"Echo Form","floor":42,"key":"SMITH"},{"data":"Auto Shields","floor":46,"key":"SMITH"},{"floor":49,"key":"REST"}],"circlet_count":0,"master_deck":["Strike_B","Strike_B","Strike_B","Defend_B","Defend_B","Defend_B","Defend_B","Zap","Dualcast+1","Coolheaded+1","Hologram+1","Auto Shields+1","Cold Snap","Lockon+1","Reboot+1","Conserve Battery","Glacier+1","Steam","Sweeping Beam+1","Echo Form+1","Conserve Battery+1","Tempest+1","Leap+1","Redo+1","Go for the Eyes+1","Melter+1","Chaos+1","Coolheaded+1","Self Repair+1","Rainbow+1","Sunder+1","Blizzard+1","Transmutation+1","Chill+1","White Noise+1","Hologram+1","Beam Cell+1"],"relics":["Cracked Core","Ginger","Mercury Hourglass","Incense Burner","War Paint","Gremlin Horn","PreservedInsect","Velvet Choker","Toxic Egg 2","Frozen Egg 2","Smiling Mask","Regal Pillow","Shuriken","SacredBark","ClockworkSouvenir","Sundial","Oddly Smooth Stone","Kunai","Cables","MealTicket"],"acts_visited":["Exordium","TheCity","TheBeyond"],"potions_floor_usage":[24,31,33,50,50],"damage_taken":[{"damage":0.0,"enemies":"Cultist","floor":1.0,"turns":3.0},{"damage":0.0,"enemies":"Jaw Worm","floor":2.0,"turns":6.0},{"damage":0.0,"enemies":"2 Louse","floor":3.0,"turns":3.0},{"damage":5.0,"enemies":"Gremlin Gang","floor":5.0,"turns":4.0},{"damage":23.0,"enemies":"Gremlin Nob","floor":6.0,"turns":4.0},{"damage":0.0,"enemies":"Exordium Wildlife","floor":7.0,"turns":4.0},{"damage":0.0,"enemies":"Exordium Thugs","floor":8.0,"turns":2.0},{"damage":11.0,"enemies":"Red Slaver","floor":11.0,"turns":3.0},{"damage":2.0,"enemies":"Lagavulin","floor":12.0,"turns":5.0},{"damage":0.0,"enemies":"Looter","floor":13.0,"turns":2.0},{"damage":0.0,"enemies":"Gremlin Nob","floor":14.0,"turns":3.0},{"damage":16.0,"enemies":"The Guardian","floor":16.0,"turns":17.0},{"damage":0.0,"enemies":"Chosen","floor":18.0,"turns":4.0},{"damage":3.0,"enemies":"Spheric Guardian","floor":19.0,"turns":4.0},{"damage":0.0,"enemies":"Snecko","floor":22.0,"turns":5.0},{"damage":8,"enemies":"Slavers","floor":24,"turns":6},{"damage":6,"enemies":"Gremlin Leader","floor":28,"turns":5},{"damage":7,"enemies":"Snake Plant","floor":29,"turns":4},{"damage":10,"enemies":"Slavers","floor":31,"turns":4},{"damage":18,"enemies":"Automaton","floor":33,"turns":8},{"damage":0,"enemies":"3 Shapes","floor":35,"turns":3},{"damage":0,"enemies":"Orb Walker","floor":36,"turns":4},{"damage":0,"enemies":"Jaw Worm Horde","floor":37,"turns":3},{"damage":29,"enemies":"Reptomancer","floor":40,"turns":6},{"damage":22,"enemies":"Giant Head","floor":44,"turns":9},{"damage":19,"enemies":"Transient","floor":47,"turns":5},{"damage":0,"enemies":"Spire Growth","floor":48,"turns":5},{"damage":20,"enemies":"Time Eater","floor":50,"turns":12}],"seed_played":"-6898864057098522289","potions_obtained":[{"floor":3.0,"key":"EssenceOfSteel"},{"floor":7.0,"key":"Energy Potion"},{"floor":11.0,"key":"SpeedPotion"},{"floor":28,"key":"FocusPotion"},{"floor":31,"key":"Strength Potion"},{"floor":33,"key":"Swift Potion"},{"floor":40,"key":"PowerPotion"}],"is_trial":false,"path_per_floor":["M","M","M","T","M","E","M","M","T","R","M","E","M","E","R","B",null,"M","M","?","$","M","R","E","R","T","R","E","M","?","E","R","B",null,"M","M","M","$","?","E","$","R","T","E","T","R","M","M","R","B",null],"character_chosen":"DEFECT","items_purchased":["Toxic Egg 2","Leap+1","Redo+1","ClockworkSouvenir","Transmutation+1","White Noise+1","Oddly Smooth Stone"],"campfire_rested":1,"item_purchase_floors":[21,21,21,38,38,41,41],"current_hp_per_floor":[75,75,75,75,70,47,47,47,47,47,36,34,34,34,34,18,75,75,72,72,72,72,72,64,64,64,64,58,51,51,41,41,33,75,75,75,75,75,75,56,56,56,56,44,44,44,25,25,62,52],"gold":110,"neow_bonus":"ONE_RARE_RELIC","is_daily":false,"chose_seed":false,"campfire_upgraded":8,"win_rate":0.0,"timestamp":1613179406,"path_taken":["M","M","M","?","M","E","M","M","T","R","M","E","M","E","R","BOSS","M","M","?","$","M","R","E","R","T","R","E","M","?","E","R","BOSS","M","?","M","$","?","E","$","R","T","E","?","R","?","M","R","BOSS"],"items_purchased_type":["Relic","Card","Card","Relic","Card","Card","Relic"],"build_version":"2020-12-22","purchased_purges":1,"victory":true,"max_hp_per_floor":[75,75,75,75,75,75,75,75,75,75,75,75,75,75,75,75,75,75,75,75,75,75,75,75,75,75,75,75,75,75,75,75,75,75,75,75,75,75,75,75,75,75,75,75,75,75,75,75,75,75],"card_choices":[{"not_picked":["Force Field","Barrage"],"picked":"Coolheaded","floor":1.0},{"not_picked":["Barrage","Beam Cell"],"picked":"Hologram","floor":2.0},{"not_picked":["FTL","Stack"],"picked":"Auto Shields","floor":3.0},{"not_picked":["Barrage","Rebound"],"picked":"Cold Snap","floor":5.0},{"not_picked":["Conserve Battery","Skim"],"picked":"Lockon","floor":6.0},{"not_picked":["Go for the Eyes","Gash"],"picked":"Reboot","floor":7.0},{"not_picked":["Chaos","Steam Power"],"picked":"Conserve Battery","floor":8.0},{"not_picked":["Go for the Eyes","Streamline"],"picked":"Glacier","floor":11.0},{"not_picked":["Amplify","Stack"],"picked":"Steam","floor":12.0},{"not_picked":["Turbo","Cold Snap"],"picked":"Sweeping Beam","floor":13.0},{"not_picked":["Heatsinks","Hyperbeam","Beam Cell"],"picked":"SKIP","floor":14.0},{"not_picked":["Core Surge","Seek"],"picked":"Echo Form","floor":16.0},{"not_picked":["Compile Driver","Go for the Eyes"],"picked":"Conserve Battery+1","floor":18.0},{"not_picked":["Stack+1","Aggregate"],"picked":"Tempest","floor":19.0},{"not_picked":["Beam Cell+1","Steam+1"],"picked":"Go for the Eyes+1","floor":22},{"not_picked":["Compile Driver+1","Gash"],"picked":"Melter+1","floor":24},{"not_picked":["Meteor Strike","Steam+1"],"picked":"Chaos+1","floor":28},{"not_picked":["Steam+1","Auto Shields+1"],"picked":"Coolheaded+1","floor":29},{"not_picked":["Force Field+1","Hello World+1"],"picked":"Self Repair+1","floor":31},{"not_picked":["Meteor Strike","All For One"],"picked":"Rainbow+1","floor":33},{"not_picked":["Sweeping Beam","Gash+1"],"picked":"Sunder+1","floor":35},{"not_picked":["Redo+1","Compile Driver"],"picked":"Blizzard+1","floor":36},{"not_picked":["Gash","Hello World+1","Compile Driver"],"picked":"SKIP","floor":37},{"not_picked":["Stack+1","Fission+1"],"picked":"Chill+1","floor":40},{"not_picked":["Ball Lightning","Stack+1"],"picked":"Hologram+1","floor":44},{"not_picked":["Self Repair+1","Streamline"],"picked":"Beam Cell+1","floor":47},{"not_picked":["Rip and Tear","Barrage","Force Field+1"],"picked":"SKIP","floor":48}],"player_experience":65176,"relics_obtained":[{"floor":4.0,"key":"Mercury Hourglass"},{"floor":6.0,"key":"Incense Burner"},{"floor":9.0,"key":"War Paint"},{"floor":12.0,"key":"Gremlin Horn"},{"floor":14.0,"key":"PreservedInsect"},{"floor":24,"key":"Frozen Egg 2"},{"floor":26,"key":"Smiling Mask"},{"floor":28,"key":"Regal Pillow"},{"floor":31,"key":"Shuriken"},{"floor":40,"key":"Sundial"},{"floor":43,"key":"Kunai"},{"floor":44,"key":"Cables"},{"floor":45,"key":"MealTicket"}],"event_choices":[{"damage_healed":0.0,"max_hp_gain":0.0,"max_hp_loss":0.0,"gold_gain":99.0,"event_name":"Nest","player_choice":"Stole From Cult","floor":20.0,"gold_loss":0.0,"damage_taken":0.0},{"damage_healed":0,"gold_gain":100,"player_choice":"Pray","damage_taken":0,"max_hp_gain":0,"max_hp_loss":0,"event_name":"Golden Shrine","floor":30,"gold_loss":0},{"damage_healed":0,"gold_gain":0,"player_choice":"Ignored","damage_taken":0,"max_hp_gain":0,"max_hp_loss":0,"event_name":"Tomb of Lord Red Mask","floor":39,"gold_loss":0}],"is_beta":false,"boss_relics":[{"not_picked":["Empty Cage","Calling Bell"],"picked":"Velvet Choker"},{"not_picked":["Coffee Dripper","Tiny House"],"picked":"SacredBark"}],"items_purged_floors":[38],"is_endless":false,"potions_floor_spawned":[3,7,11,13,16,19,28,29,31,33,35,40,47,48],"ascension_level":4}}