{"host":"t7mx8yfj1no5p62f","time":1613225345,"event":{"mods":["BaseMod","Colored Map","Colored Powertips","Curses Come First","Minty Spire (QoL Compilation)","Relic Stats","StSLib"],"gold_per_floor":[117,167,183,183,183,218,4,4,31,49,80,96,96,108,108,108,108],"floor_reached":16,"language":"ENG","playtime":385,"items_purged":[],"score":270,"play_id":"9cc5ba33-5c0c-471a-be6e-bacb5f70029c","local_time":"20210213090905","is_ascension_mode":true,"campfire_choices":[{"data":"Dagger Spray","floor":13,"key":"SMITH"},{"data":"Masterful Stab","floor":15,"key":"SMITH"}],"circlet_count":0,"master_deck":["AscendersBane","Strike_G","Strike_G","Strike_G","Strike_G","Defend_G","Defend_G","Defend_G","Defend_G","Defend_G","Survivor","Neutralize","Infinite Blades","Slice","Masterful Stab+1","Dagger Spray+1","Noxious Fumes","Endless Agony","Leg Sweep","Backflip"],"relics":["Ring of the Snake","NeowsBlessing","Orichalcum","OrangePellets","Vajra","Juzu Bracelet"],"acts_visited":["Exordium"],"potions_floor_usage":[11,16,16,16],"damage_taken":[{"damage":0.0,"enemies":"Jaw Worm","floor":1.0,"turns":1.0},{"damage":0.0,"enemies":"Cultist","floor":3.0,"turns":1.0},{"damage":0.0,"enemies":"Gremlin Nob","floor":6.0,"turns":1.0},{"damage":0,"enemies":"2 Louse","floor":10,"turns":2},{"damage":13,"enemies":"3 Sentries","floor":11,"turns":6},{"damage":7,"enemies":"Blue Slaver","floor":12,"turns":4},{"damage":6,"enemies":"Exordium Wildlife","floor":14,"turns":4},{"damage":24,"enemies":"Slime Boss","floor":16,"turns":8}],"seed_played":"-8263480268460828170","potions_obtained":[{"floor":1.0,"key":"EntropicBrew"},{"floor":3.0,"key":"Explosive Potion"},{"floor":11,"key":"DistilledChaos"}],"is_trial":false,"path_per_floor":["M","?","M","?","?","E","$","$","T","M","E","M","R","M","R","B"],"character_chosen":"THE_SILENT","items_purchased":["OrangePellets","Dagger Spray"],"campfire_rested":0,"item_purchase_floors":[7,7],"current_hp_per_floor":[59,53,53,53,46,46,46,46,46,46,33,26,26,20,20,0,0],"gold":108,"neow_bonus":"THREE_ENEMY_KILL","is_daily":false,"chose_seed":false,"campfire_upgraded":2,"win_rate":0.0,"timestamp":1613225345,"path_taken":["M","?","?","?","?","E","?","$","T","M","E","M","R","M","R","BOSS"],"items_purchased_type":["Relic","Card"],"build_version":"2020-12-22","purchased_purges":0,"victory":false,"max_hp_per_floor":[66,66,66,66,66,66,66,66,66,66,66,66,66,66,66,66,66],"relic_stats":{"OrangePellets":[2],"counters":[8,27],"Juzu Bracelet":0,"Orichalcum":[30],"obtain_stats":[{"OrangePellets":7,"NeowsBlessing":0,"Vajra":9,"Juzu Bracelet":11,"Orichalcum":6,"Ring of the Snake":0},{"OrangePellets":3,"NeowsBlessing":0,"Vajra":3,"Juzu Bracelet":5,"Orichalcum":3,"Ring of the Snake":0},{"OrangePellets":3,"NeowsBlessing":0,"Vajra":3,"Juzu Bracelet":11,"Orichalcum":3,"Ring of the Snake":0}],"Ring of the Snake":[16]},"card_choices":[{"not_picked":["Accuracy","Expertise"],"picked":"Infinite Blades","floor":1.0},{"not_picked":["PiercingWail","Deadly Poison"],"picked":"Slice","floor":3.0},{"not_picked":["Terror","Poisoned Stab"],"picked":"Masterful Stab","floor":6.0},{"not_picked":["Footwork","Poisoned Stab"],"picked":"Noxious Fumes","floor":10},{"not_picked":["Riddle With Holes","Sucker Punch"],"picked":"Endless Agony","floor":11},{"not_picked":["Infinite Blades","Cloak And Dagger"],"picked":"Leg Sweep","floor":12},{"not_picked":["Cloak And Dagger","Dodge and Roll"],"picked":"Backflip","floor":14}],"player_experience":1960292,"relics_obtained":[{"floor":6.0,"key":"Orichalcum"},{"floor":9.0,"key":"Vajra"},{"floor":11,"key":"Juzu Bracelet"}],"event_choices":[{"damage_healed":0.0,"max_hp_gain":0.0,"max_hp_loss":0.0,"gold_gain":50.0,"event_name":"FaceTrader","player_choice":"Touch","floor":2.0,"gold_loss":0.0,"damage_taken":6.0},{"damage_healed":0.0,"max_hp_gain":0.0,"max_hp_loss":0.0,"gold_gain":0.0,"cards_transformed":["Strike_G"],"event_name":"Living Wall","player_choice":"Change","floor":4.0,"gold_loss":0.0,"damage_taken":0.0,"cards_obtained":["Setup"]},{"cards_removed":["Setup"],"damage_healed":0.0,"max_hp_gain":0.0,"max_hp_loss":0.0,"gold_gain":0.0,"event_name":"Golden Wing","player_choice":"Card Removal","floor":5.0,"gold_loss":0.0,"damage_taken":7.0}],"is_beta":false,"boss_relics":[],"items_purged_floors":[],"is_endless":false,"potions_floor_spawned":[1,3,11],"killed_by":"Slime Boss","ascension_level":20}}