{"host":"i09pxcjttd31eh4q","time":1613194194,"event":{"mods":["AchievementEnabler","BaseMod","Colored Map","Keyboard Shortcuts","Minty Spire (QoL Compilation)","StSLib","SuperFastMode"],"gold_per_floor":[118,134,59,59,72,72,100,113,113,113,129,141,160,170,170,170,170],"floor_reached":16,"language":"KOR","playtime":289,"items_purged":["Defend_P"],"score":212,"play_id":"8f15edd0-fce7-422b-8287-578a2510035f","local_time":"20210213142954","is_ascension_mode":true,"campfire_choices":[{"data":"Eruption","floor":6.0,"key":"SMITH"},{"data":"MentalFortress","floor":15.0,"key":"SMITH"}],"circlet_count":0,"master_deck":["AscendersBane","Strike_P","Strike_P","Strike_P","Strike_P","Defend_P","Defend_P","Defend_P","Eruption+1","Vigilance","EmptyFist","MentalFortress+1","Wallop"],"relics":["Sozu","Yang"],"acts_visited":["Exordium"],"potions_floor_usage":[],"damage_taken":[{"damage":4.0,"enemies":"Small Slimes","floor":1.0,"turns":4.0},{"damage":4.0,"enemies":"Jaw Worm","floor":2.0,"turns":4.0},{"damage":0.0,"enemies":"Cultist","floor":5.0,"turns":4.0},{"damage":19.0,"enemies":"Lagavulin","floor":7.0,"turns":7.0},{"damage":0.0,"enemies":"Large Slime","floor":8.0,"turns":3.0},{"damage":1.0,"enemies":"Looter","floor":11.0,"turns":4.0},{"damage":6.0,"enemies":"Lots of Slimes","floor":12.0,"turns":4.0},{"damage":7.0,"enemies":"Large Slime","floor":13.0,"turns":6.0},{"damage":22.0,"enemies":"Exordium Thugs","floor":14.0,"turns":3.0},{"damage":0,"enemies":"Slime Boss","floor":16,"turns":5}],"seed_played":"-7259476952083648510","potions_obtained":[],"is_trial":false,"path_per_floor":["M","M","$","?","M","R","E","M","T","?","M","M","M","M","R","B"],"character_chosen":"WATCHER","items_purchased":[],"campfire_rested":0,"item_purchase_floors":[],"current_hp_per_floor":[57,53,53,58,58,58,39,39,39,39,38,32,25,3,3,3,3],"gold":170,"neow_bonus":"BOSS_RELIC","is_daily":false,"chose_seed":false,"campfire_upgraded":2,"win_rate":0.0,"timestamp":1613194194,"path_taken":["M","M","$","?","M","R","E","M","T","?","?","M","M","M","R","BOSS"],"items_purchased_type":[],"build_version":"2020-12-22","purchased_purges":1,"victory":false,"max_hp_per_floor":[68,68,68,73,73,73,73,73,73,73,73,73,73,73,73,73,73],"card_choices":[{"not_picked":["Protect","ReachHeaven","WindmillStrike"],"picked":"SKIP","floor":1.0},{"not_picked":["Consecrate","Protect","Worship"],"picked":"SKIP","floor":2.0},{"not_picked":["SashWhip","EmptyBody","Worship"],"picked":"SKIP","floor":5.0},{"not_picked":["Sanctity","WindmillStrike","SandsOfTime"],"picked":"SKIP","floor":7.0},{"not_picked":["Meditate","ClearTheMind","ThirdEye"],"picked":"SKIP","floor":8.0},{"not_picked":["EmptyBody","PathToVictory"],"picked":"EmptyFist","floor":11.0},{"not_picked":["Weave","ClearTheMind"],"picked":"MentalFortress","floor":12.0},{"not_picked":["Worship","MasterReality","Wireheading"],"picked":"SKIP","floor":13.0},{"not_picked":["Consecrate","Evaluate"],"picked":"Wallop","floor":14.0}],"player_experience":904985,"relics_obtained":[{"floor":7.0,"key":"Yang"}],"event_choices":[{"damage_healed":0.0,"max_hp_gain":5.0,"max_hp_loss":0.0,"gold_gain":0.0,"event_name":"Big Fish","player_choice":"Donut","floor":4.0,"gold_loss":0.0,"damage_taken":0.0},{"damage_healed":0.0,"max_hp_gain":0.0,"max_hp_loss":0.0,"gold_gain":0.0,"event_name":"Match and Keep!","player_choice":"0 cards matched","floor":10.0,"gold_loss":0.0,"damage_taken":0.0,"cards_obtained":[]}],"is_beta":false,"boss_relics":[],"items_purged_floors":[3],"is_endless":false,"potions_floor_spawned":[5,7,8,12],"killed_by":"Slime Boss","ascension_level":20}}