{"host":"42xf941fomyavgzy","time":1613218295,"event":{"mods":["Act Like it!","Astrologer","BaseMod","Colored Map","Minty Spire (QoL Compilation)","Shop Mod","StSLib","SuperFastMode","The Cursed"],"gold_per_floor":[117,132,307,55,67,67,81,111,135,135,135],"floor_reached":10,"language":"JPN","playtime":505,"items_purged":[],"score":88,"play_id":"891d6d52-20a6-4c83-ba56-c25f33b4a1a8","local_time":"20210213211135","is_ascension_mode":true,"campfire_choices":[{"data":"Footwork","floor":6,"key":"SMITH"}],"circlet_count":0,"master_deck":["Strike_G","Strike_G","Strike_G","Strike_G","Strike_G","Defend_G","Defend_G","Defend_G","Defend_G","Defend_G","Survivor","Neutralize","Bullet Time","Poisoned Stab","Underhanded Strike","Doubt","Corpse Explosion","Deadly Poison","Footwork+1","All Out Attack","PiercingWail"],"relics":["Ring of the Snake","Regal Pillow","Boot"],"acts_visited":["Exordium"],"potions_floor_usage":[8,10,10],"damage_taken":[{"damage":0,"enemies":"Small Slimes","floor":1,"turns":3},{"damage":0,"enemies":"2 Louse","floor":2,"turns":3},{"damage":9,"enemies":"Jaw Worm","floor":5,"turns":4},{"damage":4,"enemies":"3 Louse","floor":7,"turns":3},{"damage":16,"enemies":"Lagavulin","floor":8,"turns":5},{"damage":40,"enemies":"Gremlin Nob","floor":10,"turns":3}],"seed_played":"-1585597613949460912","potions_obtained":[{"floor":2,"key":"DistilledChaos"},{"floor":5,"key":"FearPotion"},{"floor":8,"key":"SkillPotion"}],"is_trial":false,"path_per_floor":["M","M","?","$","M","R","M","E","T","E"],"character_chosen":"THE_SILENT","items_purchased":["Corpse Explosion","Deadly Poison","Footwork"],"campfire_rested":0,"item_purchase_floors":[4,4,4],"current_hp_per_floor":[63,63,63,63,54,54,50,34,34,0,0],"gold":135,"neow_bonus":"ONE_RANDOM_RARE_CARD","is_daily":false,"chose_seed":false,"campfire_upgraded":1,"win_rate":0.0,"timestamp":1613218295,"path_taken":["M","M","?","$","M","R","M","E","T","E"],"items_purchased_type":["Card","Card","Card"],"build_version":"2020-12-22","purchased_purges":0,"victory":false,"max_hp_per_floor":[70,70,70,70,70,70,70,70,70,70,70],"card_choices":[{"not_picked":["Deflect","Quick Slash"],"picked":"Poisoned Stab","floor":1},{"not_picked":["Dagger Throw","Masterful Stab"],"picked":"Underhanded Strike","floor":2},{"not_picked":["Bane","Blade Dance"],"picked":"All Out Attack","floor":5},{"not_picked":["Sucker Punch","Quick Slash","Dagger Spray"],"picked":"SKIP","floor":7},{"not_picked":["Finisher","Setup"],"picked":"PiercingWail","floor":8}],"player_experience":484875,"relics_obtained":[{"floor":8,"key":"Regal Pillow"},{"floor":9,"key":"Boot"}],"event_choices":[{"damage_healed":0,"gold_gain":175,"player_choice":"AGREE","damage_taken":0,"max_hp_gain":0,"max_hp_loss":0,"event_name":"Liars Game","floor":3,"gold_loss":0,"cards_obtained":["Doubt"]}],"is_beta":false,"boss_relics":[],"items_purged_floors":[],"is_endless":false,"potions_floor_spawned":[2,5,8],"killed_by":"Gremlin Nob","ascension_level":6}}