{"host":"q57ekfojy3i00x9o","time":1613222926,"event":{"mods":["Act Like it!","Arknights","Aspiration","BaseMod","Colored Map","Energized Spire","Hermit","Minty Spire (QoL Compilation)","Quick Restart","Spicy Shops","Spikes Relics","StSLib","slay the spire mod where everything is the same but ironclad has a cowboy hat"],"gold_per_floor":[118,118,118,137,32,32,51,51,128,147,147,147,147,182,182,182,182],"floor_reached":16,"language":"RUS","playtime":305,"items_purged":[],"score":147,"play_id":"b2ad6065-1a71-4d7b-8ee4-b8649206f651","local_time":"20210213182846","is_ascension_mode":true,"campfire_choices":[{"data":"ats:Disruption Kick","floor":6.0,"key":"SMITH"},{"floor":8.0,"key":"REST"},{"floor":13,"key":"REST"},{"floor":15,"key":"REST"}],"circlet_count":0,"master_deck":["AscendersBane","ats:Strike C","ats:Strike G","ats:Strike S+1","ats:Strike V","ats:Armor Crushing Shot","ats:Defend","ats:Defend+1","ats:Defend","ats:Defend","ats:Emotion Absorption","ats:Song Of Battle","Bash","ats:Demon Strength","ats:Disruption Kick+1","ats:Flexible Camouflage","ats:Closed Bolt Burst Fire","ats:Magnetic Hammer","ats:Flexible Camouflage","ats:Collapsing Strike","ats:Ambush"],"relics":["ats:Sanity","Omamori","Toxic Egg 2","ats:Originium","Art of War"],"acts_visited":["Exordium"],"potions_floor_usage":[14,16],"damage_taken":[{"damage":10.0,"enemies":"Cultist","floor":1.0,"turns":4.0},{"damage":20.0,"enemies":"Small Slimes","floor":4.0,"turns":4.0},{"damage":9.0,"enemies":"2 Louse","floor":7.0,"turns":3.0},{"damage":4,"enemies":"Looter","floor":10,"turns":3},{"damage":30,"enemies":"3 Sentries","floor":14,"turns":5},{"damage":46,"enemies":"The Guardian","floor":16,"turns":7}],"seed_played":"-2650361662203482163","potions_obtained":[{"floor":1.0,"key":"FearPotion"},{"floor":4.0,"key":"CultistPotion"}],"is_trial":false,"path_per_floor":["M","?","?","M","$","R","M","R","T","M","$","?","R","E","R","B"],"character_chosen":"DOCTOR_CLASS","items_purchased":["ats:Closed Bolt Burst Fire","ats:Magnetic Hammer"],"campfire_rested":3,"item_purchase_floors":[5,5],"current_hp_per_floor":[55,55,55,35,35,35,26,47,47,43,43,29,50,20,41,0,0],"gold":182,"neow_bonus":"RANDOM_COMMON_RELIC","is_daily":false,"chose_seed":false,"campfire_upgraded":1,"win_rate":0.0,"timestamp":1613222926,"path_taken":["M","?","?","M","$","R","M","R","T","?","?","?","R","E","R","BOSS"],"items_purchased_type":["Card","Card"],"build_version":"2020-12-22","purchased_purges":0,"victory":false,"max_hp_per_floor":[72,72,72,72,72,72,72,72,72,72,72,72,72,72,72,72,72],"card_choices":[{"not_picked":["ats:LN2 Cannon","ats:Charging Defense"],"picked":"ats:Song Of Battle","floor":1.0},{"not_picked":["ats:Very Hot Blade","ats:Cat Scratch"],"picked":"ats:Flexible Camouflage","floor":4.0},{"not_picked":["ats:Directed Diagnosis","ats:Beaten Up"],"picked":"ats:Flexible Camouflage","floor":7.0},{"not_picked":["ats:LN2 Cannon","ats:Flame Of Heaven+1"],"picked":"ats:Collapsing Strike","floor":10},{"not_picked":["ats:Phantom","ats:Song Of Battle"],"picked":"ats:Ambush","floor":14}],"player_experience":766910,"relics_obtained":[{"floor":9.0,"key":"Toxic Egg 2"},{"floor":14,"key":"ats:Originium"},{"floor":14,"key":"Art of War"}],"event_choices":[{"damage_healed":0.0,"max_hp_gain":0.0,"max_hp_loss":0.0,"gold_gain":0.0,"event_name":"Golden Wing","player_choice":"Ignored","floor":2.0,"gold_loss":0.0,"damage_taken":0.0},{"damage_healed":0.0,"max_hp_gain":0.0,"max_hp_loss":0.0,"gold_gain":0.0,"event_name":"Match and Keep!","player_choice":"3 cards matched","floor":3.0,"gold_loss":0.0,"damage_taken":0.0,"cards_obtained":["Bash","ats:Demon Strength","ats:Disruption Kick"]},{"damage_healed":0,"gold_gain":0,"player_choice":"Entered Light","damage_taken":14,"max_hp_gain":0,"max_hp_loss":0,"event_name":"Shining Light","floor":12,"gold_loss":0,"cards_upgraded":["ats:Defend","ats:Strike S"]}],"is_beta":false,"boss_relics":[],"items_purged_floors":[],"is_endless":false,"potions_floor_spawned":[1,4],"killed_by":"The Guardian","ascension_level":10}}