{"host":"49pjgf1q9ev52n8z","time":1613202390,"event":{"mods":["BaseMod","Bestiary","Colored Map","Keyboard Shortcuts","Minty Spire (QoL Compilation)","Practice Mode","Relic Stats","StSLib"],"gold_per_floor":[109,120,131,141,158,158,187,187,187,214,251,309,309,274,274,401,401,420,440,440,467,5,5,18,18,18,18,18,74,74,104,104,208,208,224,278,278,321,347,347,46,61,61,61,61],"floor_reached":44,"language":"ENG","playtime":5216,"items_purged":[],"score":643,"play_id":"dc15075a-48b3-4744-a561-ae885febd31b","local_time":"20210212234630","is_ascension_mode":true,"campfire_choices":[{"data":"Eruption","floor":6,"key":"SMITH"},{"floor":8,"key":"REST"},{"data":"Wish","floor":13,"key":"SMITH"},{"data":"Adaptation","floor":15,"key":"SMITH"},{"data":"Blasphemy","floor":23,"key":"SMITH"},{"data":"TalkToTheHand","floor":25,"key":"SMITH"},{"data":"SignatureMove","floor":27,"key":"SMITH"},{"data":"Wireheading","floor":30,"key":"SMITH"},{"data":"BattleHymn","floor":32,"key":"SMITH"},{"floor":40,"key":"REST"}],"circlet_count":0,"master_deck":["Strike_P","Strike_P","Strike_P+1","Defend_P+1","Defend_P","Defend_P","Defend_P+1","Eruption+1","Vigilance","CurseOfTheBell","Collect","FollowUp","SignatureMove+1","ThirdEye","Wish+1","Adaptation+1","Adaptation","Blasphemy+1","BowlingBash","TalkToTheHand+1","BattleHymn+1","Wireheading+1","RitualDagger+1","FearNoEvil+1","CutThroughFate+1","LessonLearned+1","Nirvana+1","Indignation","Clumsy","DevaForm","EmptyFist+1","Regret"],"relics":["Calling Bell","Bronze Scales","Matryoshka","Thread and Needle","Lantern","Centennial Puzzle","Gremlin Horn","Singing Bowl","Ancient Tea Set","SlaversCollar","Red Mask","Lee\u0027s Waffle","Bag of Preparation","Pen Nib","Molten Egg 2","Oddly Smooth Stone","Boot","Cursed Key","WingedGreaves","War Paint","Art of War","PreservedInsect"],"acts_visited":["Exordium","TheCity","TheBeyond"],"potions_floor_usage":[7,7,21,21,36,38],"damage_taken":[{"damage":0,"enemies":"Jaw Worm","floor":1,"turns":3},{"damage":0,"enemies":"Small Slimes","floor":2,"turns":4},{"damage":0,"enemies":"2 Louse","floor":3,"turns":3},{"damage":0,"enemies":"2 Fungi Beasts","floor":4,"turns":4},{"damage":7,"enemies":"Exordium Wildlife","floor":5,"turns":6},{"damage":31,"enemies":"Lagavulin","floor":7,"turns":5},{"damage":6,"enemies":"3 Sentries","floor":10,"turns":7},{"damage":2,"enemies":"Blue Slaver","floor":11,"turns":3},{"damage":9,"enemies":"Lagavulin","floor":12,"turns":7},{"damage":33,"enemies":"Hexaghost","floor":16,"turns":7},{"damage":8,"enemies":"2 Thieves","floor":18,"turns":3},{"damage":0,"enemies":"Chosen","floor":19,"turns":3},{"damage":42,"enemies":"Masked Bandits","floor":21,"turns":4},{"damage":0,"enemies":"Snake Plant","floor":24,"turns":1},{"damage":0,"enemies":"Gremlin Leader","floor":29,"turns":5},{"damage":7,"enemies":"Slavers","floor":31,"turns":2},{"damage":3,"enemies":"Champ","floor":33,"turns":7},{"damage":8,"enemies":"3 Shapes","floor":35,"turns":4},{"damage":41,"enemies":"2 Orb Walkers","floor":36,"turns":3},{"damage":14,"enemies":"3 Darklings","floor":38,"turns":2},{"damage":27,"enemies":"Transient","floor":42,"turns":5},{"damage":32,"enemies":"Jaw Worm Horde","floor":44,"turns":2}],"seed_played":"-3478142867359214926","potions_obtained":[{"floor":1,"key":"BottledMiracle"},{"floor":3,"key":"Ambrosia"},{"floor":4,"key":"AttackPotion"},{"floor":11,"key":"BottledMiracle"},{"floor":19,"key":"SteroidPotion"},{"floor":31,"key":"AttackPotion"}],"is_trial":false,"path_per_floor":["M","M","M","M","M","R","E","R","T","E","M","E","R","?","R","B",null,"M","M","?","?","$","R","M","R","T","R","?","E","R","E","R","B",null,"M","?","?","M","T","R","$","M","T","M"],"character_chosen":"WATCHER","items_purchased":["Lee\u0027s Waffle","Regen Potion","Bag of Preparation","Wireheading","DevaForm","Art of War"],"campfire_rested":2,"item_purchase_floors":[22,22,22,22,41,41],"current_hp_per_floor":[72,72,72,72,65,65,34,55,55,49,47,38,38,56,56,23,60,52,52,52,12,81,81,83,83,83,83,77,77,77,70,70,67,79,71,35,35,23,23,48,48,21,21,0,0],"gold":61,"neow_bonus":"BOSS_RELIC","is_daily":false,"chose_seed":false,"campfire_upgraded":8,"win_rate":0.0,"timestamp":1613202390,"path_taken":["M","M","M","M","M","R","E","R","T","E","M","E","R","?","R","BOSS","M","M","?","?","$","R","M","R","T","R","?","E","R","E","R","BOSS","M","?","?","M","?","R","$","M","T","M"],"items_purchased_type":["Relic","Potion","Relic","Card","Card","Relic"],"build_version":"2020-12-22","purchased_purges":0,"victory":false,"max_hp_per_floor":[72,72,72,72,72,72,72,72,72,72,72,72,72,72,72,72,72,72,72,72,74,81,81,83,83,83,83,83,83,83,83,83,83,83,83,83,83,85,85,85,85,85,85,85,85],"relic_stats":{"Lee\u0027s Waffle":69,"Gremlin Horn":[17,17],"Singing Bowl":6,"counters":[22,90],"Pen Nib":[8],"PreservedInsect":0,"Bag of Preparation":[18],"War Paint":["Defend_P","Defend_P"],"Boot":[0],"Cursed Key":2,"Centennial Puzzle":[36],"Bronze Scales":[191],"Art of War":[0],"obtain_stats":[{"Lantern":7,"Lee\u0027s Waffle":22,"Gremlin Horn":9,"Singing Bowl":10,"Oddly Smooth Stone":29,"Thread and Needle":0,"Pen Nib":26,"PreservedInsect":43,"Bag of Preparation":22,"War Paint":39,"Ancient Tea Set":12,"Boot":31,"Cursed Key":34,"Calling Bell":0,"SlaversCollar":17,"Centennial Puzzle":9,"Matryoshka":0,"Bronze Scales":0,"Molten Egg 2":26,"WingedGreaves":36,"Red Mask":21,"Art of War":41,"PureWater":0},{"Lantern":6,"Lee\u0027s Waffle":13,"Gremlin Horn":6,"Singing Bowl":7,"Oddly Smooth Stone":15,"Thread and Needle":0,"Pen Nib":14,"PreservedInsect":21,"Bag of Preparation":13,"War Paint":20,"Ancient Tea Set":9,"Boot":16,"Cursed Key":17,"Calling Bell":0,"SlaversCollar":10,"Centennial Puzzle":6,"Matryoshka":0,"Bronze Scales":0,"Molten Egg 2":14,"WingedGreaves":19,"Red Mask":13,"Art of War":20,"PureWater":0},{"Lantern":25,"Lee\u0027s Waffle":59,"Gremlin Horn":25,"Singing Bowl":32,"Oddly Smooth Stone":65,"Thread and Needle":0,"Pen Nib":60,"PreservedInsect":88,"Bag of Preparation":59,"War Paint":83,"Ancient Tea Set":42,"Boot":67,"Cursed Key":74,"Calling Bell":0,"SlaversCollar":49,"Centennial Puzzle":25,"Matryoshka":0,"Bronze Scales":0,"Molten Egg 2":60,"WingedGreaves":81,"Red Mask":59,"Art of War":83,"PureWater":0}]},"card_choices":[{"not_picked":["PathToVictory","WheelKick"],"picked":"Collect","floor":1},{"not_picked":["FlyingSleeves","Conclude"],"picked":"FollowUp","floor":2},{"not_picked":["Prostrate","Sanctity"],"picked":"SignatureMove","floor":3},{"not_picked":["WreathOfFlame","PathToVictory","Protect"],"picked":"SKIP","floor":4},{"not_picked":["SandsOfTime","FlyingSleeves"],"picked":"ThirdEye","floor":5},{"not_picked":["Prostrate","PathToVictory","Evaluate"],"picked":"SKIP","floor":7},{"not_picked":["Pray","Prostrate"],"picked":"Wish","floor":10},{"not_picked":["JustLucky","EmptyBody"],"picked":"Adaptation","floor":11},{"not_picked":["CrushJoints","CarveReality"],"picked":"Adaptation","floor":12},{"not_picked":["Ragnarok","Establishment"],"picked":"Blasphemy","floor":16},{"not_picked":["DeceiveReality","PathToVictory"],"picked":"BowlingBash","floor":18},{"not_picked":["Sanctity","Halt"],"picked":"TalkToTheHand","floor":19},{"not_picked":["Evaluate","Fasting2","FollowUp"],"picked":"Singing Bowl","floor":21},{"not_picked":["Worship","Meditate","SignatureMove"],"picked":"Singing Bowl","floor":24},{"not_picked":["FollowUp+1","Study+1"],"picked":"FearNoEvil+1","floor":29},{"not_picked":["DeceiveReality+1","ConjureBlade"],"picked":"CutThroughFate+1","floor":31},{"not_picked":["DevaForm","Alpha"],"picked":"LessonLearned+1","floor":33},{"not_picked":["EmptyFist+1","WreathOfFlame+1"],"picked":"Nirvana+1","floor":35},{"not_picked":["Halt","InnerPeace"],"picked":"Indignation","floor":36},{"not_picked":["Halt+1","CrushJoints+1","Prostrate"],"picked":"Singing Bowl","floor":38},{"not_picked":["Evaluate+1","Consecrate+1"],"picked":"EmptyFist+1","floor":42}],"player_experience":828008,"relics_obtained":[{"floor":0,"key":"Bronze Scales"},{"floor":0,"key":"Matryoshka"},{"floor":0,"key":"Thread and Needle"},{"floor":7,"key":"Lantern"},{"floor":9,"key":"Centennial Puzzle"},{"floor":9,"key":"Gremlin Horn"},{"floor":10,"key":"Singing Bowl"},{"floor":12,"key":"Ancient Tea Set"},{"floor":21,"key":"Red Mask"},{"floor":26,"key":"Pen Nib"},{"floor":26,"key":"Molten Egg 2"},{"floor":29,"key":"Oddly Smooth Stone"},{"floor":31,"key":"Boot"},{"floor":36,"key":"WingedGreaves"},{"floor":39,"key":"War Paint"},{"floor":43,"key":"PreservedInsect"}],"event_choices":[{"damage_healed":18,"gold_gain":0,"player_choice":"Healed","damage_taken":0,"max_hp_gain":0,"max_hp_loss":0,"event_name":"The Cleric","floor":14,"gold_loss":35},{"damage_healed":0,"gold_gain":0,"player_choice":"Read","damage_taken":0,"max_hp_gain":0,"max_hp_loss":0,"event_name":"The Library","floor":20,"gold_loss":0,"cards_obtained":["BattleHymn"]},{"damage_healed":0,"gold_gain":0,"player_choice":"Fought Bandits","damage_taken":0,"max_hp_gain":0,"max_hp_loss":0,"event_name":"Masked Bandits","floor":21,"gold_loss":0},{"damage_healed":0,"gold_gain":0,"player_choice":"Joined the Cult","damage_taken":6,"max_hp_gain":0,"max_hp_loss":0,"event_name":"Nest","floor":28,"gold_loss":0,"cards_obtained":["RitualDagger"]},{"damage_healed":0,"gold_gain":0,"player_choice":"Fight","damage_taken":0,"max_hp_gain":0,"max_hp_loss":0,"event_name":"Mysterious Sphere","floor":36,"gold_loss":0},{"cards_removed":["Strike_P"],"damage_healed":0,"gold_gain":0,"player_choice":"Removed Attack","damage_taken":0,"max_hp_gain":0,"max_hp_loss":0,"event_name":"Falling","floor":37,"gold_loss":0}],"is_beta":false,"boss_relics":[{"not_picked":["Velvet Choker","Snecko Eye"],"picked":"SlaversCollar"},{"not_picked":["Philosopher\u0027s Stone","Sozu"],"picked":"Cursed Key"}],"items_purged_floors":[],"is_endless":false,"potions_floor_spawned":[1,3,4,11,19,31,35],"killed_by":"Jaw Worm Horde","ascension_level":5}}