{"host":"bvp2uifzy1c463d9","time":1613185695,"event":{"mods":["AchievementEnabler","BaseMod","Block Reminder","Bossed Relics","ChefMod","Colored Map","Colored Powertips","Energized Spire","Hermit","Highlight Path","Hubris","Infinite Spire","Minty Spire (QoL Compilation)","Random Character Button","Relic Sorter","Relic Stats","Reliquary","Replay The Spire","StSLib","The Blue Laboratory","The Jungle","The Servant 0.9.4","Wandering Minibosses"],"gold_per_floor":[119,119,119,140,140,181,256,34,84,84,84,100,124,158,158,158,158],"floor_reached":16,"language":"ENG","playtime":600,"items_purged":[],"score":133,"play_id":"03fe564f-05ae-4e42-a03d-b925b6b86c29","local_time":"20210212210815","is_ascension_mode":false,"campfire_choices":[{"data":"chefmod:Puree","floor":10,"key":"SMITH"},{"data":"CommonCold","floor":15,"key":"PURGE"}],"circlet_count":0,"master_deck":["chefmod:Strike","chefmod:Strike","chefmod:Strike","chefmod:Strike","chefmod:QuickThaw","chefmod:Defend","chefmod:Defend","chefmod:Defend","chefmod:Defend","chefmod:TodaysSpecial","chefmod:DoubleChop","chefmod:SaveForLater","chefmod:FiveAlarmChili","chefmod:Puree+1","chefmod:FrozenTuna","chefmod:DoubleChop","chefmod:DinoKale","chefmod:DinoKale"],"relics":["chefmod:TrustyPot","NeowsBlessing","Golden Idol","Nunchaku","Oddly Smooth Stone","hubris:Towel","Ginger"],"acts_visited":["Exordium"],"potions_floor_usage":[14],"damage_taken":[{"damage":0,"enemies":"2 Louse","floor":1,"turns":1},{"damage":0,"enemies":"Small Slimes","floor":4,"turns":1},{"damage":0,"enemies":"Lagavulin","floor":6,"turns":1},{"damage":0,"enemies":"Jaw Worm","floor":12,"turns":2},{"damage":0,"enemies":"3 Louse","floor":13,"turns":2},{"damage":4,"enemies":"3 Sentries","floor":14,"turns":7},{"damage":42,"enemies":"Hexaghost","floor":16,"turns":14}],"seed_played":"-3786979365923900970","potions_obtained":[{"floor":6,"key":"LifebloodPotion"},{"floor":12,"key":"GamblersBrew"},{"floor":14,"key":"PowerPotion"}],"is_trial":false,"path_per_floor":["M","?","?","M","?","E","?","$","T","R","?","M","M","E","R_BF","B"],"character_chosen":"THE_CHEF","items_purchased":["chefmod:Puree","chefmod:FrozenTuna"],"campfire_rested":0,"item_purchase_floors":[8,8],"current_hp_per_floor":[76,57,57,57,57,57,46,46,46,46,46,46,46,42,42,0,0],"gold":158,"neow_bonus":"THREE_ENEMY_KILL","is_daily":false,"chose_seed":false,"campfire_upgraded":1,"win_rate":0.0,"timestamp":1613185695,"path_taken":["M","?","?","M","?","E","?","$","T","R","?","?","M","E","R_BF","BOSS"],"items_purchased_type":["Card","Card"],"build_version":"2020-12-22","purchased_purges":0,"victory":false,"max_hp_per_floor":[76,76,76,76,76,76,76,76,76,76,76,76,76,76,76,76,76],"relic_stats":{"Nunchaku":[3],"counters":[7,28],"Golden Idol":27,"Ginger":[0],"obtain_stats":[{"chefmod:TrustyPot":0,"Nunchaku":6,"NeowsBlessing":0,"Golden Idol":2,"Oddly Smooth Stone":9,"Ginger":14,"hubris:Towel":11},{"chefmod:TrustyPot":0,"Nunchaku":3,"NeowsBlessing":0,"Golden Idol":1,"Oddly Smooth Stone":3,"Ginger":6,"hubris:Towel":3},{"chefmod:TrustyPot":0,"Nunchaku":3,"NeowsBlessing":0,"Golden Idol":1,"Oddly Smooth Stone":3,"Ginger":14,"hubris:Towel":3}]},"card_choices":[{"not_picked":["chefmod:Sorbet","chefmod:BleedOut"],"picked":"chefmod:DoubleChop","floor":1},{"not_picked":["chefmod:ZaruSoba","chefmod:Gelato"],"picked":"chefmod:SaveForLater","floor":4},{"not_picked":["chefmod:Fillet","chefmod:Granita"],"picked":"chefmod:FiveAlarmChili","floor":6},{"not_picked":["chefmod:Granita","chefmod:ColdSteel"],"picked":"chefmod:DoubleChop","floor":12},{"not_picked":["chefmod:Defrost","chefmod:OldCookbook"],"picked":"chefmod:DinoKale","floor":13},{"not_picked":["chefmod:FrozenTuna","chefmod:SaveForLater"],"picked":"chefmod:DinoKale","floor":14}],"player_experience":316826,"relics_obtained":[{"floor":6,"key":"Nunchaku"},{"floor":9,"key":"Oddly Smooth Stone"},{"floor":14,"key":"Ginger"}],"event_choices":[{"damage_healed":0,"gold_gain":0,"player_choice":"Take Damage","damage_taken":19,"relics_obtained":["Golden Idol"],"max_hp_gain":0,"max_hp_loss":0,"event_name":"Golden Idol","floor":2,"gold_loss":0},{"damage_healed":0,"gold_gain":0,"player_choice":"Ignored","damage_taken":0,"max_hp_gain":0,"max_hp_loss":0,"event_name":"Liars Game","floor":3,"gold_loss":0},{"damage_healed":0,"gold_gain":75,"player_choice":"Gather Gold","damage_taken":11,"max_hp_gain":0,"max_hp_loss":0,"event_name":"World of Goop","floor":7,"gold_loss":0}],"is_beta":false,"boss_relics":[],"items_purged_floors":[],"is_endless":false,"potions_floor_spawned":[6,12,14],"killed_by":"Hexaghost","ascension_level":0}}