{"host":"5h6e4l6hpn0p5lap","time":1613217935,"event":{"mods":["AchievementEnabler","BaseMod","Better Altar","Better Match","Better Sensory Stone","Better Skull","Better Third Choice","Colored Map","Filter the Spire","Minty Spire (QoL Compilation)","StSLib"],"gold_per_floor":[109,109,121,121,138,166,183,183,263,263,263],"floor_reached":10,"language":"ENG","playtime":304,"items_purged":[],"score":102,"play_id":"82f91ab5-40d9-4bd1-8a60-fa8c91a7b929","local_time":"20210213070535","is_ascension_mode":true,"campfire_choices":[{"floor":8,"key":"REST"}],"circlet_count":0,"master_deck":["AscendersBane","Strike_P","Strike_P","Strike_P","Defend_P","Defend_P","Defend_P","Defend_P","Eruption","Vigilance","CarveReality","PathToVictory","BowlingBash","ClearTheMind","CutThroughFate","Conclude"],"relics":["PureWater","GoldenEye","Eternal Feather"],"acts_visited":["Exordium"],"potions_floor_usage":[6,7],"damage_taken":[{"damage":0,"enemies":"Cultist","floor":1,"turns":2},{"damage":0,"enemies":"2 Louse","floor":3,"turns":3},{"damage":7,"enemies":"Jaw Worm","floor":5,"turns":3},{"damage":24,"enemies":"Gremlin Nob","floor":6,"turns":5},{"damage":20,"enemies":"Exordium Thugs","floor":7,"turns":6},{"damage":0,"enemies":"3 Sentries","floor":10,"turns":1}],"seed_played":"7528010930130618009","potions_obtained":[{"floor":1,"key":"AttackPotion"},{"floor":3,"key":"LiquidBronze"},{"floor":5,"key":"SkillPotion"}],"is_trial":false,"path_per_floor":["M","?","M","?","M","E","M","R","T","E"],"character_chosen":"WATCHER","items_purchased":[],"campfire_rested":1,"item_purchase_floors":[],"current_hp_per_floor":[65,65,65,65,58,34,14,35,35,35,35],"gold":263,"neow_bonus":"TRANSFORM_CARD","is_daily":false,"chose_seed":false,"campfire_upgraded":0,"win_rate":0.0,"timestamp":1613217935,"path_taken":["M","?","M","?","M","E","M","R","T","E"],"items_purchased_type":[],"build_version":"2020-12-22","purchased_purges":0,"victory":false,"max_hp_per_floor":[72,72,72,72,72,72,72,72,72,72,72],"card_choices":[{"not_picked":["BattleHymn","FollowUp"],"picked":"PathToVictory","floor":1},{"not_picked":["Crescendo","Evaluate"],"picked":"BowlingBash","floor":3},{"not_picked":["Crescendo","BowlingBash"],"picked":"ClearTheMind","floor":5},{"not_picked":["ClearTheMind","Evaluate"],"picked":"CutThroughFate","floor":6},{"not_picked":["Protect","Adaptation"],"picked":"Conclude","floor":7}],"player_experience":1107150,"relics_obtained":[{"floor":6,"key":"GoldenEye"},{"floor":9,"key":"Eternal Feather"}],"event_choices":[{"damage_healed":65,"gold_gain":0,"player_choice":"Leave","damage_taken":0,"max_hp_gain":0,"max_hp_loss":72,"event_name":"betterThird:BetterShining","floor":2,"gold_loss":0},{"damage_healed":0,"gold_gain":0,"player_choice":"Bought 0 Potions","damage_taken":0,"max_hp_gain":0,"max_hp_loss":0,"event_name":"The Woman in Blue","floor":4,"gold_loss":0}],"is_beta":false,"boss_relics":[],"items_purged_floors":[],"is_endless":false,"potions_floor_spawned":[1,3,5],"killed_by":"3 Sentries","ascension_level":10}}