{"host":"3c8x8j1h2jyrixpf","time":1613253954,"event":{"mods":["BaseMod","Colored Powertips","Highlight Path","Minty Spire (QoL Compilation)","StSLib"],"gold_per_floor":[18,18,18,31,31,31,74,98,98,98,118,118,149,168,168,299,299,313,326,326,426,447,447,460,460,460],"floor_reached":25,"language":"ENG","playtime":1030,"items_purged":[],"score":330,"play_id":"855ddc6e-cb2c-4cba-9e15-49f336f08c27","local_time":"20210213160554","is_ascension_mode":true,"campfire_choices":[{"floor":6,"key":"REST"},{"data":"Glass Knife","floor":10,"key":"SMITH"},{"data":"Predator","floor":12,"key":"SMITH"},{"floor":15,"key":"REST"},{"data":"Noxious Fumes","floor":23,"key":"SMITH"}],"circlet_count":0,"master_deck":["AscendersBane","Strike_G","Strike_G","Strike_G","Strike_G","Strike_G","Defend_G","Defend_G","Defend_G","Defend_G","Defend_G","Survivor","Neutralize","Deadly Poison+1","Bouncing Flask+1","Glass Knife+1","Well Laid Plans","Predator+1","Blade Dance","Crippling Poison","Burst","PiercingWail","Noxious Fumes+1","Skewer"],"relics":["Ring of the Snake","The Specimen","Golden Idol","FossilizedHelix","Peace Pipe","Sozu","White Beast Statue"],"acts_visited":["Exordium","TheCity"],"potions_floor_usage":[13,16,24],"damage_taken":[{"damage":0,"enemies":"Small Slimes","floor":1,"turns":5},{"damage":11,"enemies":"Jaw Worm","floor":4,"turns":6},{"damage":7,"enemies":"Lagavulin","floor":7,"turns":6},{"damage":0,"enemies":"2 Louse","floor":8,"turns":2},{"damage":0,"enemies":"Red Slaver","floor":11,"turns":4},{"damage":15,"enemies":"3 Sentries","floor":13,"turns":10},{"damage":1,"enemies":"Exordium Thugs","floor":14,"turns":4},{"damage":2,"enemies":"Slime Boss","floor":16,"turns":11},{"damage":0,"enemies":"Shell Parasite","floor":18,"turns":5},{"damage":0,"enemies":"Spheric Guardian","floor":19,"turns":2},{"damage":8,"enemies":"Centurion and Healer","floor":22,"turns":6},{"damage":0,"enemies":"Sentry and Sphere","floor":24,"turns":4},{"damage":57,"enemies":"Gremlin Leader","floor":25,"turns":4}],"seed_played":"-2887055239449537026","potions_obtained":[{"floor":1,"key":"Ancient Potion"},{"floor":4,"key":"Block Potion"},{"floor":11,"key":"GhostInAJar"},{"floor":13,"key":"ColorlessPotion"}],"is_trial":false,"path_per_floor":["M","?","$","M","?","R","E","M","T","R","M","R","E","M","R","B",null,"M","M","?","?","M","R","M","E"],"character_chosen":"THE_SILENT","items_purchased":[],"campfire_rested":2,"item_purchase_floors":[],"current_hp_per_floor":[63,46,46,35,21,42,35,35,35,35,35,35,20,19,40,38,62,62,62,62,62,54,54,54,0,0],"gold":460,"neow_bonus":"ONE_RARE_RELIC","is_daily":false,"chose_seed":false,"campfire_upgraded":3,"win_rate":0.0,"timestamp":1613253954,"path_taken":["M","?","$","M","?","R","E","M","T","R","M","R","E","M","R","BOSS","M","M","?","?","M","R","M","E"],"items_purchased_type":[],"build_version":"2020-12-22","purchased_purges":0,"victory":false,"max_hp_per_floor":[70,70,70,70,70,70,70,70,70,70,70,70,70,70,70,70,70,70,70,70,70,70,70,70,70,70],"card_choices":[{"not_picked":["Skewer","Acrobatics"],"picked":"Deadly Poison","floor":1},{"not_picked":["Dodge and Roll","Dash"],"picked":"Bouncing Flask","floor":4},{"not_picked":["Skewer","Dagger Throw"],"picked":"Glass Knife","floor":7},{"not_picked":["Reflex","Outmaneuver"],"picked":"Well Laid Plans","floor":8},{"not_picked":["Sucker Punch","Prepared"],"picked":"Predator","floor":11},{"not_picked":["Outmaneuver","Flechettes"],"picked":"Blade Dance","floor":13},{"not_picked":["Quick Slash","Acrobatics"],"picked":"Crippling Poison","floor":14},{"not_picked":["Tools of the Trade","Glass Knife"],"picked":"Burst","floor":16},{"not_picked":["Expertise+1","Dagger Throw"],"picked":"PiercingWail","floor":18},{"not_picked":["Sucker Punch+1","Dagger Throw","Distraction"],"picked":"SKIP","floor":19},{"not_picked":["Sucker Punch+1","Outmaneuver"],"picked":"Noxious Fumes","floor":22},{"not_picked":["Concentrate","Infinite Blades"],"picked":"Skewer","floor":24}],"player_experience":242614,"relics_obtained":[{"floor":7,"key":"FossilizedHelix"},{"floor":13,"key":"Peace Pipe"}],"event_choices":[{"damage_healed":0,"gold_gain":0,"player_choice":"Take Damage","damage_taken":17,"relics_obtained":["Golden Idol"],"max_hp_gain":0,"max_hp_loss":0,"event_name":"Golden Idol","floor":2,"gold_loss":0},{"damage_healed":0,"gold_gain":0,"player_choice":"Entered Light","damage_taken":14,"max_hp_gain":0,"max_hp_loss":0,"event_name":"Shining Light","floor":5,"gold_loss":0,"cards_upgraded":["Deadly Poison","Bouncing Flask"]},{"damage_healed":0,"gold_gain":0,"player_choice":"Opened","damage_taken":0,"relics_obtained":["White Beast Statue"],"max_hp_gain":0,"max_hp_loss":0,"event_name":"The Mausoleum","floor":20,"gold_loss":0},{"damage_healed":0,"gold_gain":100,"player_choice":"Pray","damage_taken":0,"max_hp_gain":0,"max_hp_loss":0,"event_name":"Golden Shrine","floor":21,"gold_loss":0}],"is_beta":false,"boss_relics":[{"not_picked":["Runic Dome","Empty Cage"],"picked":"Sozu"}],"items_purged_floors":[],"is_endless":false,"potions_floor_spawned":[1,4,11,13,18,19,22,24],"killed_by":"Gremlin Leader","ascension_level":11}}