{"host":"fa35vd3kig5td25x","time":1613220256,"event":{"mods":["BaseMod","Colored Powertips","Minty Spire (QoL Compilation)","Relic Stats","Slay the Relics Exporter"],"gold_per_floor":[113,127,52,52,62,62,62,73,73,91,91,119,119,139,139,139,139],"floor_reached":16,"language":"ENG","playtime":1019,"items_purged":[],"score":204,"play_id":"f32ef3ba-49fa-4f34-85df-6d1a830050c5","local_time":"20210213134416","is_ascension_mode":true,"campfire_choices":[{"data":"Predator","floor":6.0,"key":"SMITH"},{"floor":11.0,"key":"REST"},{"floor":15,"key":"REST"}],"circlet_count":0,"master_deck":["AscendersBane","Strike_G","Strike_G","Strike_G","Defend_G+1","Defend_G","Defend_G","Defend_G","Survivor","Neutralize","Sucker Punch+1","Predator+1","Infinite Blades","Flying Knee","Dash","Endless Agony"],"relics":["Empty Cage","Mango","TungstenRod"],"acts_visited":["Exordium"],"potions_floor_usage":[16],"damage_taken":[{"damage":4.0,"enemies":"Jaw Worm","floor":1.0,"turns":6.0},{"damage":4.0,"enemies":"Small Slimes","floor":2.0,"turns":5.0},{"damage":0.0,"enemies":"2 Louse","floor":5.0,"turns":3.0},{"damage":20.0,"enemies":"Gremlin Gang","floor":8.0,"turns":6.0},{"damage":1.0,"enemies":"2 Fungi Beasts","floor":10.0,"turns":3.0},{"damage":25.0,"enemies":"3 Sentries","floor":12.0,"turns":10.0},{"damage":2,"enemies":"Exordium Wildlife","floor":14,"turns":3},{"damage":23,"enemies":"Slime Boss","floor":16,"turns":7}],"seed_played":"1434158437408154416","potions_obtained":[{"floor":14,"key":"FearPotion"}],"is_trial":false,"path_per_floor":["M","M","?","?","M","R","?","M","T","M","R","E","?","M","R","B"],"character_chosen":"THE_SILENT","items_purchased":[],"campfire_rested":2,"item_purchase_floors":[],"current_hp_per_floor":[55,51,51,31,31,31,31,11,25,24,48,23,23,21,45,22,22],"gold":139,"neow_bonus":"BOSS_RELIC","is_daily":false,"chose_seed":false,"campfire_upgraded":1,"win_rate":0.0,"timestamp":1613220256,"path_taken":["M","M","?","?","M","R","?","M","T","?","R","E","?","M","R","BOSS"],"items_purchased_type":[],"build_version":"2020-12-22","purchased_purges":0,"victory":false,"max_hp_per_floor":[66,66,66,66,66,66,66,66,80,80,80,80,80,80,80,80,80],"relic_stats":{"counters":[8,43],"obtain_stats":[{"Mango":9,"Empty Cage":0,"TungstenRod":12,"Ring of the Snake":0},{"Mango":4,"Empty Cage":0,"TungstenRod":6,"Ring of the Snake":0},{"Mango":20,"Empty Cage":0,"TungstenRod":33,"Ring of the Snake":0}],"TungstenRod":4},"card_choices":[{"not_picked":["Quick Slash","Dodge and Roll"],"picked":"Sucker Punch","floor":1.0},{"not_picked":["Backstab","Deflect"],"picked":"Predator","floor":2.0},{"not_picked":["Expertise","Poisoned Stab"],"picked":"Infinite Blades","floor":5.0},{"not_picked":["Backstab","Expertise"],"picked":"Flying Knee","floor":8.0},{"not_picked":["Prepared","Flying Knee"],"picked":"Dash","floor":10.0},{"not_picked":["Endless Agony","Quick Slash","Sucker Punch"],"picked":"SKIP","floor":12},{"not_picked":["Quick Slash","Sucker Punch"],"picked":"Endless Agony","floor":12},{"not_picked":["Finisher","Flying Knee","Blur"],"picked":"SKIP","floor":14}],"player_experience":3131452,"relics_obtained":[{"floor":9.0,"key":"Mango"},{"floor":12,"key":"TungstenRod"}],"event_choices":[{"cards_removed":["Strike_G"],"damage_healed":0.0,"max_hp_gain":0.0,"max_hp_loss":0.0,"gold_gain":0.0,"event_name":"The Cleric","player_choice":"Card Removal","floor":3.0,"gold_loss":75.0,"damage_taken":0.0},{"damage_healed":0.0,"max_hp_gain":0.0,"max_hp_loss":0.0,"gold_gain":0.0,"event_name":"Shining Light","player_choice":"Entered Light","floor":4.0,"gold_loss":0.0,"damage_taken":20.0,"cards_upgraded":["Defend_G","Sucker Punch"]},{"damage_healed":0.0,"max_hp_gain":0.0,"max_hp_loss":0.0,"gold_gain":0.0,"event_name":"Liars Game","player_choice":"Ignored","floor":7.0,"gold_loss":0.0,"damage_taken":0.0},{"damage_healed":0,"gold_gain":0,"player_choice":"0 cards matched","damage_taken":0,"max_hp_gain":0,"max_hp_loss":0,"event_name":"Match and Keep!","floor":13,"gold_loss":0,"cards_obtained":[]}],"is_beta":false,"boss_relics":[],"items_purged_floors":[],"is_endless":false,"potions_floor_spawned":[12,14],"killed_by":"Slime Boss","ascension_level":20}}