{"host":"anl785ehjgcmdvvq","time":1613207743,"event":{"mods":["AchievementEnabler","BaseMod","Minty Spire (QoL Compilation)"],"gold_per_floor":[115,127,143,163,438,466,466,500,500,519,519,545,559,44,44,139,139,156,156,175,175,185,217,231,260,285,285,285],"floor_reached":27,"language":"ENG","playtime":804,"items_purged":["Regret"],"score":369,"play_id":"be50e91f-86af-467d-b73a-765de6825bf3","local_time":"20210213121543","is_ascension_mode":true,"campfire_choices":[{"floor":7,"key":"REST"},{"data":"Bash","floor":11,"key":"SMITH"},{"floor":15,"key":"REST"}],"circlet_count":0,"master_deck":["Strike_R","Strike_R","Strike_R","Strike_R","Strike_R","Defend_R","Defend_R","Defend_R","Defend_R","Bash+1","Clothesline","Heavy Blade","Twin Strike","Headbutt+1","Feed+1","Clash+1","Blood for Blood+1","Armaments+1","Offering+1","Spot Weakness+1","Writhe","Dual Wield+1","Clash+1"],"relics":["Burning Blood","Molten Egg 2","Orichalcum","Torii","Blood Vial","Toxic Egg 2","SlaversCollar","Sundial","Shuriken","Bronze Scales","Boot"],"acts_visited":["Exordium","TheCity"],"potions_floor_usage":[12,12,12,23,24,25,27],"damage_taken":[{"damage":0,"enemies":"Small Slimes","floor":1,"turns":3},{"damage":4,"enemies":"Cultist","floor":2,"turns":3},{"damage":3,"enemies":"2 Louse","floor":3,"turns":2},{"damage":10,"enemies":"Exordium Wildlife","floor":4,"turns":5},{"damage":61,"enemies":"3 Sentries","floor":6,"turns":10},{"damage":22,"enemies":"Gremlin Nob","floor":8,"turns":4},{"damage":6,"enemies":"Looter","floor":10,"turns":2},{"damage":21,"enemies":"Lagavulin","floor":12,"turns":5},{"damage":9,"enemies":"Red Slaver","floor":13,"turns":2},{"damage":7,"enemies":"Slime Boss","floor":16,"turns":8},{"damage":13,"enemies":"3 Byrds","floor":18,"turns":4},{"damage":22,"enemies":"Shell Parasite","floor":20,"turns":4},{"damage":6,"enemies":"Snecko","floor":22,"turns":2},{"damage":26,"enemies":"Gremlin Leader","floor":23,"turns":3},{"damage":21,"enemies":"Centurion and Healer","floor":24,"turns":5},{"damage":50,"enemies":"Slavers","floor":25,"turns":5},{"damage":29,"enemies":"Gremlin Leader","floor":27,"turns":3}],"seed_played":"-2015370668650339302","potions_obtained":[{"floor":3,"key":"Swift Potion"},{"floor":4,"key":"Ancient Potion"},{"floor":8,"key":"FearPotion"},{"floor":16,"key":"GamblersBrew"},{"floor":23,"key":"SkillPotion"},{"floor":24,"key":"Weak Potion"},{"floor":25,"key":"EssenceOfSteel"}],"is_trial":false,"path_per_floor":["M","M","M","M","?","E","R","E","T","M","R","E","M","$","R","B",null,"M","?","M","?","M","E","M","E","T","E"],"character_chosen":"IRONCLAD","items_purchased":["Blood Vial","Toxic Egg 2","Armaments+1"],"campfire_rested":2,"item_purchase_floors":[14,14,14],"current_hp_per_floor":[88,88,88,84,84,29,55,39,39,39,39,24,25,25,52,57,86,85,85,71,71,73,59,46,8,8,0,0],"gold":285,"neow_bonus":"TEN_PERCENT_HP_BONUS","is_daily":false,"chose_seed":false,"campfire_upgraded":1,"win_rate":0.0,"timestamp":1613207743,"path_taken":["M","M","M","M","?","E","R","E","T","?","R","E","M","$","R","BOSS","M","?","M","?","M","E","M","E","T","E"],"items_purchased_type":["Relic","Relic","Card"],"build_version":"2020-12-22","purchased_purges":1,"victory":false,"max_hp_per_floor":[88,88,88,88,88,88,88,88,88,88,88,88,92,92,92,96,96,100,100,100,100,100,104,104,108,108,108,108],"card_choices":[{"not_picked":["Carnage","Flame Barrier"],"picked":"Clothesline","floor":1},{"not_picked":["Iron Wave","Warcry","Havoc"],"picked":"SKIP","floor":2},{"not_picked":["Dropkick","Armaments"],"picked":"Heavy Blade","floor":3},{"not_picked":["Headbutt","Combust"],"picked":"Twin Strike","floor":4},{"not_picked":["Body Slam+1","Infernal Blade"],"picked":"Headbutt+1","floor":6},{"not_picked":["Warcry","Seeing Red"],"picked":"Feed+1","floor":8},{"not_picked":["Burning Pact","Clothesline+1"],"picked":"Clash+1","floor":10},{"not_picked":["Rage","Thunderclap+1"],"picked":"Blood for Blood+1","floor":12},{"not_picked":["Fire Breathing","Evolve","Headbutt+1"],"picked":"SKIP","floor":13},{"not_picked":["Immolate+1","Double Tap+1"],"picked":"Offering+1","floor":16},{"not_picked":["Cleave+1","Iron Wave+1"],"picked":"Spot Weakness+1","floor":18},{"not_picked":["Anger+1","Clothesline+1"],"picked":"Dual Wield+1","floor":20},{"not_picked":["True Grit+1","Havoc+1","Perfected Strike+1"],"picked":"SKIP","floor":22},{"not_picked":["Wild Strike+1","Exhume+1","True Grit+1"],"picked":"SKIP","floor":23},{"not_picked":["Shockwave+1","Spot Weakness+1","Feel No Pain"],"picked":"SKIP","floor":24},{"not_picked":["Ghostly Armor+1","Reckless Charge+1","Cleave+1"],"picked":"SKIP","floor":25}],"player_experience":133036,"relics_obtained":[{"floor":6,"key":"Molten Egg 2"},{"floor":8,"key":"Orichalcum"},{"floor":12,"key":"Torii"},{"floor":23,"key":"Shuriken"},{"floor":25,"key":"Bronze Scales"},{"floor":26,"key":"Boot"}],"event_choices":[{"damage_healed":0,"gold_gain":275,"player_choice":"Desecrate","damage_taken":0,"max_hp_gain":0,"max_hp_loss":0,"event_name":"Golden Shrine","floor":5,"gold_loss":0,"cards_obtained":["Regret"]},{"damage_healed":0,"gold_gain":0,"player_choice":"Opened","damage_taken":0,"relics_obtained":["Sundial"],"max_hp_gain":0,"max_hp_loss":0,"event_name":"The Mausoleum","floor":19,"gold_loss":0,"cards_obtained":["Writhe"]},{"damage_healed":0,"gold_gain":0,"player_choice":"Read","damage_taken":0,"max_hp_gain":0,"max_hp_loss":0,"event_name":"The Library","floor":21,"gold_loss":0,"cards_obtained":["Clash"]}],"is_beta":false,"boss_relics":[{"not_picked":["Runic Dome","Sozu"],"picked":"SlaversCollar"}],"items_purged_floors":[14],"is_endless":false,"potions_floor_spawned":[3,4,8,16,23,24,25],"killed_by":"Gremlin Leader","ascension_level":5}}