{"host":"ex9ev9v5sog028vn","time":1613208753,"event":{"mods":["Act Like it!","BaseMod","Block Reminder","Downfall","Minty Spire (QoL Compilation)","Quick Restart","Relic Stats","StSLib"],"gold_per_floor":[99,116,129,114,47,47,47,73,73,73,85,85,95,112,125,125,125,125],"floor_reached":16,"language":"ENG","playtime":1177,"items_purged":[],"score":102,"play_id":"4eabbf91-af73-4c62-8e22-895b00eafa12","local_time":"20210213063233","is_ascension_mode":false,"campfire_choices":[{"data":"Slimebound:Split","floor":1.0,"key":"SMITH"},{"data":"Slimebound:GoopTackle","floor":6.0,"key":"SMITH"}],"circlet_count":0,"master_deck":["Slimebound:Strike_Slimebound+1","Slimebound:Strike_Slimebound+1","Slimebound:Tackle","Slimebound:Defend_Slimebound","Slimebound:Defend_Slimebound","Slimebound:Defend_Slimebound","Slimebound:Defend_Slimebound","Slimebound:Split+1","Slimebound:CorrosiveSpit","Slimebound:GoopTackle+1","Slimebound:SplitBruiser","Slimebound:ViciousTackle+1","Slimebound:Schlurp","Slimebound:HauntingLick","Slimebound:SlimeBarrage","Slimebound:FlameTackle","Slimebound:Prepare","Slimebound:Repurpose"],"relics":["Slimebound:AbsorbEndCombat","Letter Opener","Boot"],"acts_visited":["Exordium"],"potions_floor_usage":[16],"damage_taken":[{"damage":4.0,"enemies":"Cultist","floor":2.0,"turns":3.0},{"damage":2.0,"enemies":"Jaw Worm","floor":3.0,"turns":4.0},{"damage":6.0,"enemies":"downfall:FleeingMerchant","floor":4.0,"turns":4.0},{"damage":30.0,"enemies":"downfall:FleeingMerchant","floor":5.0,"turns":4.0},{"damage":10.0,"enemies":"3 Sentries","floor":8.0,"turns":5.0},{"damage":7.0,"enemies":"Small Slimes","floor":11.0,"turns":3.0},{"damage":2.0,"enemies":"Exordium Wildlife","floor":13.0,"turns":3.0},{"damage":13.0,"enemies":"3 Louse","floor":14.0,"turns":2.0},{"damage":14.0,"enemies":"Red Slaver","floor":15.0,"turns":2.0},{"damage":27,"enemies":"IC_STATUS_ARCHETYPE","floor":16,"turns":4}],"seed_played":"-3867293861388348316","potions_obtained":[{"floor":3.0,"key":"SkillPotion"},{"floor":8.0,"key":"Block Potion"},{"floor":11.0,"key":"Strength Potion"}],"is_trial":false,"path_per_floor":["R","M","M","$","$","R","T","E","?","?","M","?","M","M","M","B"],"character_chosen":"SLIMEBOUND","items_purchased":["Slimebound:HauntingLick"],"campfire_rested":0,"item_purchase_floors":[5],"current_hp_per_floor":[71,71,71,70,43,43,43,35,35,35,30,30,32,19,9,0,0,0],"gold":125,"neow_bonus":"TEN_PERCENT_HP_BONUS","is_daily":false,"chose_seed":false,"campfire_upgraded":2,"win_rate":0.0,"timestamp":1613208753,"path_taken":["R","M","M","?","$","R","T","E","?","?","?","?","M","M","M","BOSS"],"items_purchased_type":["Card"],"build_version":"2020-12-22","purchased_purges":0,"victory":false,"max_hp_per_floor":[71,71,71,71,71,71,71,71,71,71,71,71,71,71,71,71,71,71],"relic_stats":{"counters":[10,34],"Letter Opener":[64],"Boot":[0],"obtain_stats":[{"Slimebound:AbsorbEndCombat":0,"Letter Opener":7,"Boot":8},{"Slimebound:AbsorbEndCombat":0,"Letter Opener":4,"Boot":5},{"Slimebound:AbsorbEndCombat":0,"Letter Opener":15,"Boot":20}]},"card_choices":[{"not_picked":["Slimebound:SplitAcid","Slimebound:PressTheAttack"],"picked":"Slimebound:GoopTackle","floor":2.0},{"not_picked":["Slimebound:ItLooksTasty","Slimebound:FinishingTackle"],"picked":"Slimebound:SplitBruiser","floor":3.0},{"not_picked":["Slimebound:SplitBruiser","Slimebound:GoopSpray"],"picked":"Slimebound:ViciousTackle","floor":4.0},{"not_picked":["Slimebound:SamplingLick","Slimebound:SplitAcid"],"picked":"Slimebound:Schlurp","floor":5.0},{"not_picked":["Slimebound:HauntingLick","Slimebound:GoopTackle"],"picked":"Slimebound:SlimeBarrage","floor":8.0},{"not_picked":["Slimebound:DuplicatedForm","Slimebound:SlimeBarrage","Slimebound:FinishingTackle"],"picked":"SKIP","floor":11.0},{"not_picked":["Slimebound:FinishingTackle","Slimebound:Nibble"],"picked":"Slimebound:FlameTackle","floor":13.0},{"not_picked":["Slimebound:Dissolve","Slimebound:SplitBruiser"],"picked":"Slimebound:Prepare","floor":14.0},{"not_picked":["Slimebound:ProtectTheBoss","Slimebound:SlimeBarrage"],"picked":"Slimebound:Repurpose","floor":15.0}],"player_experience":710758,"relics_obtained":[{"floor":7.0,"key":"Letter Opener"},{"floor":8.0,"key":"Boot"}],"event_choices":[{"cards_removed":["downfall:Malfunctioning"],"damage_healed":0.0,"max_hp_gain":0.0,"max_hp_loss":0.0,"gold_gain":0.0,"event_name":"Living Wall","player_choice":"Forget","floor":10.0,"gold_loss":0.0,"damage_taken":0.0}],"is_beta":false,"boss_relics":[],"items_purged_floors":[],"is_endless":false,"potions_floor_spawned":[3,8,11],"killed_by":"IC_STATUS_ARCHETYPE","ascension_level":0}}