{"host":"jwpp8hxpigr0nknu","time":1613251680,"event":{"mods":["BaseMod","Colored Map","Colored Powertips","Downfall","Minty Spire (QoL Compilation)","Rare Cards Sparkle","Replay The Spire","Shop Mod","StSLib"],"gold_per_floor":[109,192,192,206,281,281,281],"floor_reached":6,"language":"ENG","playtime":764,"items_purged":[],"score":58,"play_id":"24455bf4-060e-4ccd-b788-393b3527f938","local_time":"20210213152800","daily_mods":["Draft"],"is_ascension_mode":true,"campfire_choices":[],"circlet_count":0,"master_deck":["AscendersBane","Whirlwind","ReplayTheSpireMod:Strike From Hell","Sword Boomerang","True Grit","Pommel Strike","Clothesline","Shrug It Off","Armaments","Dark Embrace","Dark Embrace","Disarm","ReplayTheSpireMod:Stacked","Flex","Flame Barrier","Heavy Blade","Power Through","True Grit","Second Wind","Thunderclap"],"relics":["Burning Blood","Akabeko","Snack Pack"],"acts_visited":["Exordium"],"potions_floor_usage":[],"damage_taken":[{"damage":0.0,"enemies":"2 Louse","floor":1.0,"turns":1.0},{"damage":1.0,"enemies":"Jaw Worm","floor":4.0,"turns":2.0},{"damage":35,"enemies":"Gremlin Nob","floor":6,"turns":6}],"seed_played":"-5216743489262234376","potions_obtained":[{"floor":1.0,"key":"champ:CounterPotion"}],"is_trial":true,"path_per_floor":["M","?","T","M","?","E"],"character_chosen":"IRONCLAD","items_purchased":[],"campfire_rested":0,"item_purchase_floors":[],"current_hp_per_floor":[74,56,56,61,50,15,15],"gold":281,"neow_bonus":"","is_daily":false,"chose_seed":true,"campfire_upgraded":0,"win_rate":0.0,"timestamp":1613251680,"path_taken":["M","?","?","M","?","E"],"items_purchased_type":[],"build_version":"2020-12-22","purchased_purges":0,"victory":false,"max_hp_per_floor":[75,75,75,75,75,75,75],"card_choices":[{"not_picked":["ReplayTheSpireMod:Muscle Training","Cleave"],"picked":"Whirlwind","floor":0.0},{"not_picked":["Perfected Strike","Hemokinesis"],"picked":"ReplayTheSpireMod:Strike From Hell","floor":0.0},{"not_picked":["Combust","Cleave"],"picked":"Sword Boomerang","floor":0.0},{"not_picked":["Metallicize","Havoc"],"picked":"True Grit","floor":0.0},{"not_picked":["Body Slam","Run Through"],"picked":"Pommel Strike","floor":0.0},{"not_picked":["Wild Strike","Pommel Strike"],"picked":"Clothesline","floor":0.0},{"not_picked":["Inflame","Replay:Undeath\u0027s Touch"],"picked":"Shrug It Off","floor":0.0},{"not_picked":["Headbutt","Cleave"],"picked":"Armaments","floor":0.0},{"not_picked":["Iron Wave","Heavy Blade"],"picked":"Dark Embrace","floor":0.0},{"not_picked":["Headbutt","Heavy Blade"],"picked":"Dark Embrace","floor":0.0},{"not_picked":["Body Slam","Perfected Strike"],"picked":"Disarm","floor":0.0},{"not_picked":["ReplayTheSpireMod:Limb From Limb","Dark Embrace"],"picked":"ReplayTheSpireMod:Stacked","floor":0.0},{"not_picked":["Twin Strike","Abandon"],"picked":"Flex","floor":0.0},{"not_picked":["Armaments","Carnage"],"picked":"Flame Barrier","floor":0.0},{"not_picked":["Havoc","Anger"],"picked":"Heavy Blade","floor":0.0},{"not_picked":["True Grit","Clash"],"picked":"Power Through","floor":1.0},{"not_picked":["Sword Boomerang","Wild Strike"],"picked":"True Grit","floor":2.0},{"not_picked":["Shrug It Off","Iron Wave"],"picked":"Second Wind","floor":2.0},{"not_picked":["ReplayTheSpireMod:Muscle Training","True Grit"],"picked":"Thunderclap","floor":4}],"player_experience":344902,"relics_obtained":[{"floor":2.0,"key":"Akabeko"},{"floor":3.0,"key":"Snack Pack"}],"event_choices":[{"damage_healed":0,"gold_gain":75,"player_choice":"Gather Gold","damage_taken":11,"max_hp_gain":0,"max_hp_loss":0,"event_name":"World of Goop","floor":5,"gold_loss":0}],"is_beta":false,"boss_relics":[],"items_purged_floors":[],"is_endless":false,"potions_floor_spawned":[1],"killed_by":"Gremlin Nob","ascension_level":14}}