{"host":"6r762osam2bvfm66","time":1613186364,"event":{"mods":["BaseMod","Bestiary","Colored Map","Highlight Path","Minty Spire (QoL Compilation)","Relic Stats"],"gold_per_floor":[11,21,21,35,51,51,85,102,153,178,197,228,240,240,240,342,342,379,395,395,494,512,542,542,596,608,620,620],"floor_reached":27,"language":"ENG","playtime":1599,"items_purged":[],"score":390,"play_id":"015d8ab8-121e-4da9-a660-12f186fd8fb3","local_time":"20210212211924","is_ascension_mode":true,"campfire_choices":[{"data":"CutThroughFate","floor":6.0,"key":"SMITH"},{"floor":15.0,"key":"REST"},{"floor":24,"key":"REST"}],"circlet_count":0,"master_deck":["Strike_P","Strike_P","Strike_P","Strike_P","Defend_P+1","Defend_P+1","Defend_P","Defend_P","Eruption","Vigilance","Ragnarok+1","CutThroughFate+1","WheelKick","Prostrate","EmptyFist","Weave","Tantrum","Adaptation","Protect","Wish","Indignation+1","Halt+1","MentalFortress","EmptyBody"],"relics":["PureWater","Oddly Smooth Stone","Orichalcum","Shuriken","Nunchaku","Snecko Eye","Nilry\u0027s Codex","MealTicket","MawBank","PreservedInsect"],"acts_visited":["Exordium","TheCity"],"potions_floor_usage":[22,23,23],"damage_taken":[{"damage":0.0,"enemies":"Jaw Worm","floor":1.0,"turns":4.0},{"damage":3.0,"enemies":"2 Louse","floor":2.0,"turns":2.0},{"damage":0.0,"enemies":"Cultist","floor":4.0,"turns":2.0},{"damage":2.0,"enemies":"Looter","floor":5.0,"turns":3.0},{"damage":0.0,"enemies":"Gremlin Nob","floor":7.0,"turns":2.0},{"damage":6.0,"enemies":"Lots of Slimes","floor":8.0,"turns":3.0},{"damage":12.0,"enemies":"Lagavulin","floor":10.0,"turns":4.0},{"damage":0.0,"enemies":"Large Slime","floor":11.0,"turns":4.0},{"damage":9.0,"enemies":"3 Sentries","floor":12.0,"turns":4.0},{"damage":0.0,"enemies":"Blue Slaver","floor":13.0,"turns":2.0},{"damage":10.0,"enemies":"Hexaghost","floor":16.0,"turns":7.0},{"damage":0,"enemies":"Chosen","floor":18,"turns":3},{"damage":0,"enemies":"Spheric Guardian","floor":19,"turns":1},{"damage":0,"enemies":"3 Cultists","floor":22,"turns":3},{"damage":37,"enemies":"Book of Stabbing","floor":23,"turns":4},{"damage":0,"enemies":"Gremlin Leader","floor":25,"turns":4},{"damage":55,"enemies":"Book of Stabbing","floor":27,"turns":3}],"seed_played":"-492916825958645295","potions_obtained":[{"floor":4.0,"key":"Swift Potion"},{"floor":5.0,"key":"StancePotion"},{"floor":7.0,"key":"Swift Potion"},{"floor":8.0,"key":"Explosive Potion"},{"floor":13.0,"key":"GamblersBrew"},{"floor":22,"key":"Swift Potion"}],"is_trial":false,"path_per_floor":["M","M","?","M","M","R","E","M","T","E","M","E","M","?","R","B",null,"M","M","?","?","M","E","R","E","T","E"],"character_chosen":"WATCHER","items_purchased":[],"campfire_rested":2,"item_purchase_floors":[],"current_hp_per_floor":[72,69,69,69,67,67,67,61,61,49,49,40,40,26,47,37,72,72,72,56,56,56,19,40,40,40,0,0],"gold":620,"neow_bonus":"THREE_RARE_CARDS","is_daily":false,"chose_seed":false,"campfire_upgraded":1,"win_rate":0.0,"timestamp":1613186364,"path_taken":["M","M","?","M","M","R","E","M","T","E","M","E","M","?","R","BOSS","M","M","?","?","M","E","R","E","T","E"],"items_purchased_type":[],"build_version":"2020-12-22","purchased_purges":0,"victory":false,"max_hp_per_floor":[72,72,72,72,72,72,72,72,72,72,72,72,72,72,72,72,72,72,72,72,72,72,72,72,72,72,72,72],"relic_stats":{"Nunchaku":[4],"counters":[17,55],"Shuriken":[9],"Snecko Eye":[31,44,40,39],"MealTicket":0,"PreservedInsect":40,"Orichalcum":[48],"MawBank":24,"obtain_stats":[{"Nunchaku":12,"Shuriken":10,"Nilry\u0027s Codex":20,"Oddly Smooth Stone":7,"Snecko Eye":17,"MealTicket":23,"PreservedInsect":26,"PureWater":0,"Orichalcum":9,"MawBank":25},{"Nunchaku":9,"Shuriken":7,"Nilry\u0027s Codex":13,"Oddly Smooth Stone":5,"Snecko Eye":11,"MealTicket":15,"PreservedInsect":16,"PureWater":0,"Orichalcum":6,"MawBank":16},{"Nunchaku":28,"Shuriken":20,"Nilry\u0027s Codex":41,"Oddly Smooth Stone":13,"Snecko Eye":37,"MealTicket":48,"PreservedInsect":52,"PureWater":0,"Orichalcum":16,"MawBank":52}]},"card_choices":[{"not_picked":["Wish","Scrawl"],"picked":"Ragnarok","floor":0.0},{"not_picked":["FlyingSleeves","ClearTheMind"],"picked":"CutThroughFate","floor":1.0},{"not_picked":["ReachHeaven","Evaluate"],"picked":"WheelKick","floor":2.0},{"not_picked":["WindmillStrike","BowlingBash","PathToVictory"],"picked":"SKIP","floor":4.0},{"not_picked":["FlurryOfBlows","Evaluate"],"picked":"Prostrate","floor":5.0},{"not_picked":["FlurryOfBlows","Consecrate"],"picked":"EmptyFist","floor":7.0},{"not_picked":["SashWhip","CutThroughFate","FollowUp"],"picked":"SKIP","floor":8.0},{"not_picked":["Alpha","LikeWater"],"picked":"Weave","floor":10.0},{"not_picked":["JustLucky","FollowUp"],"picked":"Tantrum","floor":11.0},{"not_picked":["LikeWater","Meditate"],"picked":"Adaptation","floor":12.0},{"not_picked":["ClearTheMind","EmptyBody"],"picked":"Protect","floor":13.0},{"not_picked":["DeusExMachina","MasterReality"],"picked":"Wish","floor":16.0},{"not_picked":["Consecrate","PathToVictory"],"picked":"Indignation+1","floor":18},{"not_picked":["FollowUp+1","FearNoEvil"],"picked":"Halt+1","floor":19},{"not_picked":["JustLucky+1","WheelKick+1"],"picked":"MentalFortress","floor":22},{"not_picked":["ConjureBlade","Tantrum"],"picked":"EmptyBody","floor":23},{"not_picked":["BowlingBash","Halt","FlurryOfBlows"],"picked":"SKIP","floor":25}],"player_experience":94430,"relics_obtained":[{"floor":7.0,"key":"Oddly Smooth Stone"},{"floor":9.0,"key":"Orichalcum"},{"floor":10.0,"key":"Shuriken"},{"floor":12.0,"key":"Nunchaku"},{"floor":20,"key":"Nilry\u0027s Codex"},{"floor":23,"key":"MealTicket"},{"floor":25,"key":"MawBank"},{"floor":26,"key":"PreservedInsect"}],"event_choices":[{"damage_healed":0.0,"max_hp_gain":0.0,"max_hp_loss":0.0,"gold_gain":0.0,"event_name":"Living Wall","player_choice":"Grow","floor":3.0,"gold_loss":0.0,"damage_taken":0.0,"cards_upgraded":["Ragnarok"]},{"damage_healed":0.0,"max_hp_gain":0.0,"max_hp_loss":0.0,"gold_gain":0.0,"event_name":"Shining Light","player_choice":"Entered Light","floor":14.0,"gold_loss":0.0,"damage_taken":14.0,"cards_upgraded":["Defend_P","Defend_P"]},{"damage_healed":0,"gold_gain":0,"player_choice":"Obtained Book","damage_taken":16,"max_hp_gain":0,"max_hp_loss":0,"event_name":"Cursed Tome","floor":20,"gold_loss":0},{"damage_healed":0,"gold_gain":99,"player_choice":"Stole From Cult","damage_taken":0,"max_hp_gain":0,"max_hp_loss":0,"event_name":"Nest","floor":21,"gold_loss":0}],"is_beta":false,"boss_relics":[{"not_picked":["Philosopher\u0027s Stone","Pandora\u0027s Box"],"picked":"Snecko Eye"}],"items_purged_floors":[],"is_endless":false,"potions_floor_spawned":[4,5,7,8,13,22],"killed_by":"Book of Stabbing","ascension_level":4}}