{"host":"tia00321x3ndnwo4","time":1613234686,"event":{"mods":["2.2 Compatiblity","BaseMod","Bestiary","Colored Map","Colored Powertips","Curses Come First","Downfall","Highlight Path","Minty Spire (QoL Compilation)","Relic Stats","Slay the Relics Exporter","StSLib","SuperFastMode"],"gold_per_floor":[99,119,119,131,144,144,171,346,364,364,375,375,389,389,409,409,409,409],"floor_reached":16,"language":"ENG","playtime":484,"items_purged":[],"score":94,"play_id":"a61eaf6a-cdf0-474b-be63-c21c3b91cb9e","local_time":"20210213084446","is_ascension_mode":false,"campfire_choices":[{"data":"bronze:Goto","floor":1,"key":"SMITH"},{"data":"bronze:CutThrough","floor":6,"key":"SMITH"},{"data":"bronze:WhirlingStrike","floor":10,"key":"SMITH"},{"floor":12,"key":"REST"}],"circlet_count":0,"master_deck":["bronze:Strike","bronze:Strike","bronze:Strike","bronze:Strike","bronze:Defend","bronze:Defend+1","bronze:Defend+1","bronze:Defend","bronze:Replicate","bronze:Goto+1","bronze:Fortify+1","downfall:Malfunctioning","bronze:CutThrough+1","bronze:WhirlingStrike+1","Doubt","bronze:Turbo","bronze:Repulsor","bronze:Iterate","bronze:Iterate"],"relics":["bronze:BronzeCore","Bird Faced Urn","Bag of Marbles","bronze:BottledCode"],"acts_visited":["Exordium"],"potions_floor_usage":[],"damage_taken":[{"damage":6,"enemies":"2 Louse","floor":2,"turns":3},{"damage":16,"enemies":"Jaw Worm","floor":4,"turns":4},{"damage":9,"enemies":"Small Slimes","floor":5,"turns":4},{"damage":8,"enemies":"2 Fungi Beasts","floor":9,"turns":4},{"damage":5,"enemies":"Exordium Thugs","floor":11,"turns":4},{"damage":14,"enemies":"3 Louse","floor":13,"turns":3},{"damage":0,"enemies":"Gremlin Gang","floor":15,"turns":3},{"damage":28,"enemies":"SI_SHIV_ARCHETYPE","floor":16,"turns":7}],"seed_played":"-8703231050291991460","potions_obtained":[{"floor":2,"key":"SpeedPotion"},{"floor":4,"key":"champ:CounterPotion"},{"floor":13,"key":"champ:CounterPotion"}],"is_trial":false,"path_per_floor":["R","M","?","M","M","R","T","?","M","R","M","R","M","?","M","B"],"character_chosen":"THE_AUTOMATON","items_purchased":[],"campfire_rested":1,"item_purchase_floors":[],"current_hp_per_floor":[63,57,57,41,32,32,32,32,24,24,19,37,25,25,25,0,0,0],"gold":409,"neow_bonus":"ONE_RARE_RELIC","is_daily":false,"chose_seed":false,"campfire_upgraded":3,"win_rate":0.0,"timestamp":1613234686,"path_taken":["R","M","?","M","M","R","T","?","M","R","M","R","M","?","M","BOSS"],"items_purchased_type":[],"build_version":"2020-12-22","purchased_purges":0,"victory":false,"max_hp_per_floor":[63,63,63,63,63,63,63,63,63,63,63,63,63,53,53,53,53,53],"relic_stats":{"counters":[8,32],"Bird Faced Urn":[4],"obtain_stats":[{"bronze:BottledCode":14,"bronze:BronzeCore":0,"Bird Faced Urn":0,"Bag of Marbles":7},{"bronze:BottledCode":6,"bronze:BronzeCore":0,"Bird Faced Urn":0,"Bag of Marbles":3},{"bronze:BottledCode":22,"bronze:BronzeCore":0,"Bird Faced Urn":0,"Bag of Marbles":11}]},"card_choices":[{"not_picked":["bronze:Shield","bronze:Philosophize"],"picked":"bronze:Fortify","floor":2},{"not_picked":["bronze:FineTuning","bronze:Fortify"],"picked":"bronze:CutThrough","floor":4},{"not_picked":["bronze:Frontload","bronze:Branch"],"picked":"bronze:WhirlingStrike","floor":5},{"not_picked":["bronze:CutThrough","bronze:BuggyMess"],"picked":"bronze:Turbo","floor":9},{"not_picked":["bronze:CutThrough","bronze:BitShift"],"picked":"bronze:Repulsor","floor":11},{"not_picked":["bronze:OilSpill","bronze:Boost"],"picked":"bronze:Iterate","floor":13},{"not_picked":["bronze:Deprecate","bronze:Invalidate"],"picked":"bronze:Iterate","floor":15}],"player_experience":193537,"relics_obtained":[{"floor":7,"key":"Bag of Marbles"}],"event_choices":[],"is_beta":false,"boss_relics":[],"items_purged_floors":[],"is_endless":false,"potions_floor_spawned":[2,4,13],"killed_by":"SI_SHIV_ARCHETYPE","ascension_level":0}}