{"host":"5y2vm16xfq9gfmb2","time":1613174692,"event":{"mods":["AchievementEnabler","BaseMod","Better Third Choice","Colored Map","Colored Powertips","DeckTracker","Marisa????????","Minty Spire (QoL Compilation)","Rare Cards Sparkle","Relic Stats","StSLib","The Alterego","The Animator","The Marked","The Servant 0.9.4"],"gold_per_floor":[367,383,416,121,121,121,121,144,144,144,144,173,187,211,211,316,316,335,335,368,328,352,352,58,58,85,104,115,115,115],"floor_reached":29,"language":"ENG","playtime":1668,"items_purged":[],"score":244,"play_id":"d571d10a-5145-4eeb-b1d7-fc409fa2e8f6","local_time":"20210212190452","is_ascension_mode":false,"campfire_choices":[{"floor":6,"key":"REST"},{"floor":10,"key":"RECALL"},{"floor":15,"key":"REST"},{"floor":23,"key":"REST"},{"floor":25,"key":"REST"}],"circlet_count":0,"master_deck":["animator:Strike_Overlord","animator:Defend_Overlord","animator:Strike","animator:Strike+1","animator:Strike","animator:Defend","animator:Defend","animator:Defend","animator:Cocytus","animator:Demiurge","animator:Chris","animator:Darkness","animator:Shalltear+1","animator:Saber","animator:Sebas","animator:Evileye","animator:Genos","animator:Entoma+2","animator:Caster","animator:ChlammyZell","animator:ZankiKiguchi","Aggregate","animator:Vanir","Parasite","animator:CrowleyEusford","animator:EmiyaShirou","animator:Mitsurugi","animator:Rimuru","animator:Aqua","animator:Fredrika","animator:ShinjiMatou+1","animator:YunYun","animator:Kagari","animator:Shigure+1","animator:ChaikaBohdan"],"relics":["animator:LivingPicture","animator:ColorlessFragment","animator:PurgingStone","animator:WornHelmet","Mark of Pain","Whetstone"],"acts_visited":["Exordium","TheCity"],"potions_floor_usage":[16,16],"damage_taken":[{"damage":3,"enemies":"Cultist","floor":1,"turns":4},{"damage":6,"enemies":"2 Louse","floor":2,"turns":4},{"damage":3,"enemies":"Small Slimes","floor":3,"turns":4},{"damage":5,"enemies":"3 Louse","floor":8,"turns":5},{"damage":13,"enemies":"Blue Slaver","floor":12,"turns":4},{"damage":2,"enemies":"Looter","floor":13,"turns":4},{"damage":8,"enemies":"3 Louse","floor":14,"turns":4},{"damage":32,"enemies":"Slime Boss","floor":16,"turns":9},{"damage":6,"enemies":"Chosen","floor":18,"turns":5},{"damage":26,"enemies":"2 Thieves","floor":20,"turns":4},{"damage":32,"enemies":"Shelled Parasite and Fungi","floor":22,"turns":6},{"damage":1,"enemies":"Snecko","floor":27,"turns":4},{"damage":43,"enemies":"Sentry and Sphere","floor":28,"turns":5},{"damage":6,"enemies":"Centurion and Healer","floor":29,"turns":1}],"seed_played":"-4139345884436839531","potions_obtained":[{"floor":3,"key":"Strength Potion"},{"floor":8,"key":"LiquidMemories"},{"floor":12,"key":"Dexterity Potion"},{"floor":14,"key":"Fire Potion"},{"floor":28,"key":"SneckoOil"}],"is_trial":false,"path_per_floor":["M","M","M","$","?","R","?","M","T","R","?","M","M","M","R","B",null,"M","?","M","?","M","R","$","R","T","M","M","M"],"character_chosen":"THE_ANIMATOR","items_purchased":["animator:Saber","animator:Sebas","animator:Evileye","animator:ColorlessFragment","animator:YunYun","animator:Kagari"],"campfire_rested":4,"item_purchase_floors":[4,4,4,24,24,24],"current_hp_per_floor":[45,39,36,36,36,55,32,27,27,27,43,30,28,20,39,7,66,60,60,36,36,8,28,28,48,48,48,6,0,0],"gold":115,"neow_bonus":"TWO_FIFTY_GOLD","is_daily":false,"chose_seed":false,"campfire_upgraded":0,"win_rate":0.0,"timestamp":1613174692,"path_taken":["M","M","?","$","?","R","?","M","T","R","?","M","?","M","R","BOSS","M","?","M","?","?","R","$","R","T","M","M","M"],"items_purchased_type":["Card","Card","Card","Relic","Card","Card"],"build_version":"2020-12-22","purchased_purges":0,"victory":false,"max_hp_per_floor":[66,66,66,66,66,66,66,66,66,66,66,66,66,66,66,66,66,66,66,66,66,68,68,68,68,68,69,70,70,70],"relic_stats":{"counters":[14,63],"Whetstone":["animator:Entoma","animator:Strike"],"obtain_stats":[{"animator:PurgingStone":0,"animator:ColorlessFragment":24,"animator:TheMissingPiece":0,"animator:LivingPicture":0,"Mark of Pain":17,"Whetstone":26,"animator:WornHelmet":7},{"animator:PurgingStone":0,"animator:ColorlessFragment":11,"animator:TheMissingPiece":0,"animator:LivingPicture":0,"Mark of Pain":8,"Whetstone":11,"animator:WornHelmet":3},{"animator:PurgingStone":0,"animator:ColorlessFragment":53,"animator:TheMissingPiece":0,"animator:LivingPicture":0,"Mark of Pain":38,"Whetstone":53,"animator:WornHelmet":12}]},"card_choices":[{"not_picked":["animator:Yoichi","animator:Demiurge"],"picked":"animator:Chris","floor":1},{"not_picked":["animator:DolaRiku","animator:Mitsurugi"],"picked":"animator:Darkness","floor":2},{"not_picked":["animator:Tatsumaki","animator:IzunaHatsuse"],"picked":"animator:Shalltear","floor":3},{"not_picked":["animator:Kazuma","animator:Mitsurugi"],"picked":"animator:Vanir","floor":8},{"not_picked":["animator:ZankiKiguchi","animator:Vesta"],"picked":"animator:CrowleyEusford","floor":12},{"not_picked":["animator:Souei","animator:Aqua"],"picked":"animator:EmiyaShirou","floor":13},{"not_picked":["animator:Caster","animator:Vanir"],"picked":"animator:Mitsurugi","floor":14},{"not_picked":["animator:Saber","animator:FeridBathory"],"picked":"animator:Rimuru","floor":16},{"not_picked":["animator:Verdia","animator:Vanir"],"picked":"animator:Aqua","floor":18},{"not_picked":["animator:Mitsuba","animator:Azekura"],"picked":"animator:Fredrika","floor":20},{"not_picked":["animator:Yuuichirou","animator:DolaRiku"],"picked":"animator:ShinjiMatou+1","floor":22},{"not_picked":["animator:Gillette+1","animator:Demiurge"],"picked":"animator:Shigure+1","floor":27},{"not_picked":["animator:Assassin","animator:Kazuma"],"picked":"animator:ChaikaBohdan","floor":28}],"player_experience":66260,"relics_obtained":[{"floor":26,"key":"Whetstone"}],"event_choices":[{"damage_healed":16,"gold_gain":0,"player_choice":"Healed and dodged fight","damage_taken":0,"max_hp_gain":0,"max_hp_loss":0,"event_name":"Mushrooms","floor":11,"gold_loss":0,"cards_obtained":["Parasite"]},{"damage_healed":0,"gold_gain":0,"player_choice":"Ignored","damage_taken":0,"max_hp_gain":0,"max_hp_loss":0,"event_name":"Beggar","floor":19,"gold_loss":0},{"damage_healed":0,"gold_gain":0,"player_choice":"Upgrade","damage_taken":0,"max_hp_gain":0,"max_hp_loss":0,"event_name":"Designer","floor":21,"gold_loss":40,"cards_upgraded":["animator:Shalltear"]}],"is_beta":false,"boss_relics":[{"not_picked":["Empty Cage","animator:HolyGrailRelic"],"picked":"Mark of Pain"}],"items_purged_floors":[],"is_endless":false,"potions_floor_spawned":[3,8,12,13,14,28],"killed_by":"Centurion and Healer","ascension_level":0}}