{"host":"37ccm3d17clopct7","time":1613213163,"event":{"mods":["BaseMod","GungeonMod","Hermit","Lobotomy","Minty Spire (QoL Compilation)","StSLib","The Bug Knight","The Cursed","The Hierophant","The Jungle","The Runesmith"],"gold_per_floor":[114,114,39,14,29,29,44,76,129,149,174,174,174,186,186,282,282,301,301,63,63,77,77,91,91,114,160,183,212,224,236,248,357,369,393,30,30,0,0,33,49,78,125,125,159,176,210,225,225,225,225,225,225,25,59,59],"floor_reached":57,"language":"KOR","playtime":3911,"items_purged":["TheCursedMod:Defend_TheCursed","TheCursedMod:Strike_TheCursed"],"score":1555,"play_id":"fe073c47-390c-4550-aca6-0087ec769418","local_time":"20210213194603","is_ascension_mode":true,"campfire_choices":[{"floor":6,"key":"RECALL"},{"data":"TheCursedMod:Obscuration","floor":12,"key":"SMITH"},{"floor":15,"key":"REST"},{"data":"TheCursedMod:NeowsMight","floor":23,"key":"SMITH"},{"data":"TheCursedMod:LuckyCharm","floor":25,"key":"SMITH"},{"data":"TheCursedMod:DemonicPact","floor":30,"key":"SMITH"},{"floor":32,"key":"REST"},{"data":"TheCursedMod:Hemoplague","floor":44,"key":"SMITH"},{"data":"TheCursedMod:Neurasthenia","floor":49,"key":"SMITH"},{"data":"TheCursedMod:FleshFromBone","floor":53,"key":"SMITH"}],"circlet_count":0,"master_deck":["TheCursedMod:Strike_TheCursed","TheCursedMod:Strike_TheCursed","TheCursedMod:CursedWand+1","TheCursedMod:CleanUpWorkshop","TheCursedMod:Dregs","TheCursedMod:TacticalStrike","TheCursedMod:SurpriseAttack","TheCursedMod:SmokeScreen+1","TheCursedMod:TroublousMinions","TheCursedMod:SpitefulStrike","TheCursedMod:Obscuration+1","TheCursedMod:SurpriseAttack","TheCursedMod:FleshFromBone+1","TheCursedMod:NeowsMight+1","CurseOfTheBell","TheCursedMod:RapidMovement+1","TheCursedMod:LuckyCharm+1","TheCursedMod:CircleOfWindfury","TheCursedMod:TacticalStrike+1","TheCursedMod:DemonicPact+1","TheCursedMod:CursedShiv","TheCursedMod:CircleOfFlame","TheCursedMod:Neurasthenia+1","TheCursedMod:Torture+1","TheCursedMod:BloodBarrier+1","TheCursedMod:NeowsMight+1","TheCursedMod:Hemoplague+1","TheCursedMod:FleshFromBone+1","TheCursedMod:SurpriseAttack","TheCursedMod:AshesToAshes+1","TheCursedMod:Mangle","TheCursedMod:Hemoplague+1","TheCursedMod:SpitefulPray+1","TheCursedMod:CircleOfAbyss","TheCursedMod:AbyssShockwave","TheCursedMod:SurpriseAttack+1"],"relics":["TheCursedMod:BlackMagic101","DemoMod:MonsterBlood","DemoMod:BlueGuonStone","Orichalcum","DemoMod:ChaffGrenade","Calling Bell","Smiling Mask","DemoMod:OrangeGuonStone","FossilizedHelix","theJungle:WildStrawberry","TheAbacus","MawBank","Bag of Marbles","theJungle:BirthdayCake","Astrolabe","Lantern","PreservedInsect","Red Mask","Gremlin Horn","Omamori","War Paint","Runesmith:AutoHammer","Toy Ornithopter","Shuriken"],"acts_visited":["Exordium","theJungle:Jungle","TheBeyond","TheEnding"],"potions_floor_usage":[16,27,27,33,42,42,55,56,56],"damage_taken":[{"damage":3,"enemies":"Small Slimes","floor":1,"turns":4},{"damage":1,"enemies":"Cultist","floor":5,"turns":3},{"damage":0,"enemies":"Jaw Worm","floor":7,"turns":3},{"damage":21,"enemies":"Lagavulin","floor":8,"turns":10},{"damage":0,"enemies":"Blue Slaver","floor":10,"turns":3},{"damage":0,"enemies":"3 Sentries","floor":11,"turns":8},{"damage":0,"enemies":"3 Louse","floor":14,"turns":3},{"damage":22,"enemies":"Hexaghost","floor":16,"turns":23},{"damage":0,"enemies":"Shell Parasite","floor":18,"turns":7},{"damage":0,"enemies":"theJungle:GiantWrat","floor":22,"turns":6},{"damage":0,"enemies":"theJungle:SlimyTreeVines","floor":24,"turns":8},{"damage":24,"enemies":"theJungle:Cassacara","floor":27,"turns":13},{"damage":0,"enemies":"theJungle:Snecko_Cultist_And_Trap","floor":28,"turns":4},{"damage":0,"enemies":"theJungle:2_Snecko_Cultists","floor":29,"turns":3},{"damage":105,"enemies":"theJungle:FunGuy","floor":33,"turns":30},{"damage":0,"enemies":"Orb Walker","floor":35,"turns":2},{"damage":0,"enemies":"Reptomancer","floor":40,"turns":5},{"damage":0,"enemies":"3 Shapes","floor":41,"turns":3},{"damage":0,"enemies":"Giant Head","floor":42,"turns":9},{"damage":0,"enemies":"Reptomancer","floor":45,"turns":3},{"damage":0,"enemies":"Jaw Worm Horde","floor":46,"turns":4},{"damage":0,"enemies":"Nemesis","floor":47,"turns":5},{"damage":0,"enemies":"Transient","floor":48,"turns":5},{"damage":19,"enemies":"Time Eater","floor":50,"turns":14},{"damage":0,"enemies":"Shield and Spear","floor":55,"turns":7},{"damage":109,"enemies":"The Heart","floor":56,"turns":8}],"seed_played":"824955189334503497","potions_obtained":[{"floor":7,"key":"Energy Potion"},{"floor":10,"key":"Block Potion"},{"floor":16,"key":"Energy Potion"},{"floor":18,"key":"GamblersBrew"},{"floor":27,"key":"Energy Potion"},{"floor":29,"key":"SteroidPotion"},{"floor":35,"key":"LiquidBronze"},{"floor":42,"key":"SpeedPotion"},{"floor":46,"key":"SkillPotion"},{"floor":47,"key":"Swift Potion"}],"is_trial":false,"path_per_floor":["M","?","$","$","M","R","M","E","T","M","E","R","T","M","R","B",null,"M","?","$","?","M","R","M","R","T","E","M","M","R","?","R","B",null,"M","$","?","?","?","E","M","E","T","R","E","M","E","M","R","B",null,null,"R","$","E","B",null],"character_chosen":"THE_CURSED","items_purchased":["TheCursedMod:SurpriseAttack","TheCursedMod:LuckyCharm","TheAbacus","TheCursedMod:Hemoplague","Lantern","PreservedInsect","TheCursedMod:CircleOfAbyss","TheCursedMod:AbyssShockwave"],"campfire_rested":2,"item_purchase_floors":[4,20,20,36,36,36,54,54],"current_hp_per_floor":[79,79,79,79,78,78,78,57,57,57,57,57,57,57,81,59,82,82,75,75,75,75,75,81,81,81,57,57,57,57,77,109,4,109,109,109,109,109,109,109,109,109,109,109,109,109,109,109,109,90,90,109,109,109,109,9],"gold":59,"neow_bonus":"RANDOM_COMMON_RELIC","is_daily":false,"chose_seed":false,"campfire_upgraded":7,"win_rate":0.0,"timestamp":1613213163,"path_taken":["M","?","?","$","M","R","M","E","T","M","E","R","?","?","R","BOSS","M","?","$","?","M","R","M","R","T","E","M","?","R","?","R","BOSS","M","$","?","?","?","E","M","E","T","R","E","M","E","?","R","BOSS","R","$","E","BOSS"],"items_purchased_type":["Card","Card","Relic","Card","Card","Relic","Card","Card"],"build_version":"2020-12-22","purchased_purges":2,"victory":true,"max_hp_per_floor":[82,82,82,82,82,82,82,82,82,82,82,82,82,82,82,82,82,82,89,89,89,89,89,89,89,89,89,89,89,89,109,109,109,109,109,109,109,109,109,109,109,109,109,109,109,109,109,109,109,109,109,109,109,109,109,109],"card_choices":[{"not_picked":["TheCursedMod:CursedShiv","TheCursedMod:CircleOfCorruption"],"picked":"TheCursedMod:TacticalStrike","floor":1},{"not_picked":["TheCursedMod:Stigma","TheCursedMod:CircleOfWindfury"],"picked":"TheCursedMod:SmokeScreen","floor":5},{"not_picked":["TheCursedMod:AntiAging","TheCursedMod:SpreadPlague"],"picked":"TheCursedMod:TroublousMinions","floor":7},{"not_picked":["TheCursedMod:RavingStaff","TheCursedMod:CircleOfAmplification"],"picked":"TheCursedMod:SpitefulStrike","floor":8},{"not_picked":["TheCursedMod:ReleasedKnowledge","TheCursedMod:SmokeScreen"],"picked":"TheCursedMod:Obscuration","floor":10},{"not_picked":["TheCursedMod:FuryStrike","TheCursedMod:DemonicPact"],"picked":"TheCursedMod:SurpriseAttack","floor":11},{"not_picked":["TheCursedMod:TroublousMinions","TheCursedMod:DoubleShield"],"picked":"TheCursedMod:FleshFromBone","floor":14},{"not_picked":["TheCursedMod:ManaCirculation","TheCursedMod:ShockAndAwe"],"picked":"TheCursedMod:NeowsMight","floor":16},{"not_picked":["TheCursedMod:TacticalStrike","TheCursedMod:SpitefulStrike"],"picked":"TheCursedMod:RapidMovement+1","floor":18},{"not_picked":["TheCursedMod:Evocation","TheCursedMod:Stigma+1"],"picked":"TheCursedMod:TacticalStrike+1","floor":22},{"not_picked":["TheCursedMod:Wield","TheCursedMod:SpitefulStrike+1","TheCursedMod:CircleOfAmplification"],"picked":"SKIP","floor":24},{"not_picked":["TheCursedMod:CursedMace+1","TheCursedMod:SpitefulPlan+1"],"picked":"TheCursedMod:DemonicPact","floor":27},{"not_picked":["TheCursedMod:RapidMovement","TheCursedMod:AshesToAshes"],"picked":"TheCursedMod:CursedShiv","floor":28},{"not_picked":["TheCursedMod:DoubleShield","TheCursedMod:Obscuration+1"],"picked":"TheCursedMod:CircleOfFlame","floor":29},{"not_picked":["TheCursedMod:UltimatePain","TheCursedMod:CircleOfAbyss"],"picked":"TheCursedMod:Neurasthenia","floor":33},{"not_picked":["TheCursedMod:SmokeScreen","TheCursedMod:CursedArmor"],"picked":"TheCursedMod:Evocation+1","floor":35},{"not_picked":["TheCursedMod:DemonicPact","TheCursedMod:Mangle"],"picked":"TheCursedMod:FleshFromBone+1","floor":40},{"not_picked":["TheCursedMod:RavingStaff","TheCursedMod:CircleOfFlame+1"],"picked":"TheCursedMod:SurpriseAttack","floor":41},{"not_picked":["TheCursedMod:Obscuration","TheCursedMod:CursedMace+1"],"picked":"TheCursedMod:AshesToAshes","floor":42},{"not_picked":["TheCursedMod:BlessingInDisguise","TheCursedMod:CursedBoomerang"],"picked":"TheCursedMod:Mangle","floor":45},{"not_picked":["TheCursedMod:StunningStrike","TheCursedMod:Wield+1"],"picked":"TheCursedMod:Hemoplague+1","floor":46},{"not_picked":["TheCursedMod:VitalStrike+1","TheCursedMod:CircleOfAmplification"],"picked":"TheCursedMod:SpitefulPray+1","floor":47},{"not_picked":["TheCursedMod:SaltUponWound+1","TheCursedMod:AntiAging","TheCursedMod:AshesToAshes"],"picked":"SKIP","floor":48},{"not_picked":["TheCursedMod:DoubleShield+1","TheCursedMod:CircleOfAmplification"],"picked":"TheCursedMod:SurpriseAttack+1","floor":55}],"player_experience":202969,"relics_obtained":[{"floor":8,"key":"DemoMod:BlueGuonStone"},{"floor":11,"key":"DemoMod:WeirdEgg"},{"floor":13,"key":"DemoMod:ChaffGrenade"},{"floor":17,"key":"Smiling Mask"},{"floor":17,"key":"DemoMod:OrangeGuonStone"},{"floor":17,"key":"FossilizedHelix"},{"floor":26,"key":"MawBank"},{"floor":27,"key":"Bag of Marbles"},{"floor":40,"key":"Gremlin Horn"},{"floor":42,"key":"Omamori"},{"floor":43,"key":"War Paint"},{"floor":45,"key":"Runesmith:AutoHammer"},{"floor":47,"key":"Toy Ornithopter"},{"floor":55,"key":"Shuriken"}],"event_choices":[{"damage_healed":0,"gold_gain":0,"player_choice":"Forge","damage_taken":0,"max_hp_gain":0,"max_hp_loss":0,"event_name":"Accursed Blacksmith","floor":2,"gold_loss":0,"cards_upgraded":["TheCursedMod:CursedWand"]},{"damage_healed":0,"gold_gain":0,"cards_transformed":["TheCursedMod:Defend_TheCursed"],"player_choice":"Transformed","damage_taken":0,"max_hp_gain":0,"max_hp_loss":0,"event_name":"Transmorgrifier","floor":21,"gold_loss":0,"cards_obtained":["TheCursedMod:CircleOfWindfury"]},{"cards_removed":["TheCursedMod:Evocation"],"damage_healed":0,"gold_gain":0,"player_choice":"Removed Skill","damage_taken":0,"max_hp_gain":0,"max_hp_loss":0,"event_name":"Falling","floor":37,"gold_loss":0},{"damage_healed":0,"gold_gain":0,"player_choice":"Paid","damage_taken":0,"relics_obtained":["Red Mask"],"max_hp_gain":0,"max_hp_loss":0,"event_name":"Tomb of Lord Red Mask","floor":38,"gold_loss":30},{"damage_healed":0,"gold_gain":0,"player_choice":"Ignored","damage_taken":0,"max_hp_gain":0,"max_hp_loss":0,"event_name":"Fountain of Cleansing","floor":39,"gold_loss":0}],"is_beta":false,"boss_relics":[{"not_picked":["SlaversCollar","Velvet Choker"],"picked":"Calling Bell"},{"not_picked":["Black Star","Snecko Eye"],"picked":"Astrolabe"}],"items_purged_floors":[3,20],"is_endless":false,"potions_floor_spawned":[7,10,16,18,22,27,29,35,42,46,47,48],"ascension_level":1}}