{"host":"r5cycnjhcbwgkpkf","time":1613201537,"event":{"mods":["2.2 Compatiblity","AchievementEnabler","BaseMod","Bestiary","Better Altar","Better Match","Better Note","Better Skull","Better Third Choice","BetterRewards","Colored Map","Colored Powertips","Googly Eyes","Infinite Spire","Minty Spire (QoL Compilation)","Reliquary","Replay The Spire","Spicy Shops","StSLib"],"gold_per_floor":[117,117,127,92,92,92,92,92,92,104,104,131,57,74,74,151,151,162,77,77,77,77,77,90,90,117,136,136,175,175,191,191,191,191],"floor_reached":33,"language":"ENG","playtime":1411,"items_purged":["Strike_B","Strike_B"],"score":632,"play_id":"deacf6f5-7d72-49d9-a841-7c37e2097d90","local_time":"20210212233217","is_ascension_mode":true,"campfire_choices":[{"data":"Zap","floor":6.0,"key":"SMITH"},{"data":"Ball Lightning","floor":8.0,"key":"SMITH"},{"floor":11.0,"key":"REST"},{"floor":15.0,"key":"REST"},{"floor":23,"key":"REST"},{"data":"Static Discharge","floor":25,"key":"SMITH"},{"data":"Strike_B","floor":30,"key":"SMITH"},{"data":"Strike_B","floor":32,"key":"SMITH"}],"circlet_count":0,"master_deck":["AscendersBane","Strike_B+1","Strike_B+1","Defend_B+1","Defend_B+1","Defend_B+1","Defend_B+1","Zap+1","Dualcast+1","Storm","Static Discharge+1","Ball Lightning+1","Conserve Battery+1","Seek+1","Chill+1","Reboot+1"],"relics":["Cracked Core","reliquary:PartyBalloon","Durian","Toxic Egg 2","ReplayTheSpireMod:Ring of Exchange","Bottled Tornado","reliquary:Firecrackers","Replay:Bottled Eggs","Anchor","SlaversCollar","Matryoshka","War Paint","CeramicFish","PreservedInsect","Pantograph"],"acts_visited":["Exordium","TheCity"],"potions_floor_usage":[29],"damage_taken":[{"damage":5.0,"enemies":"Small Slimes","floor":1.0,"turns":3.0},{"damage":2.0,"enemies":"Jaw Worm","floor":3.0,"turns":3.0},{"damage":4.0,"enemies":"infinitespire:Voidling","floor":10.0,"turns":3.0},{"damage":31.0,"enemies":"Gremlin Nob","floor":12.0,"turns":4.0},{"damage":0.0,"enemies":"Exordium Wildlife","floor":14.0,"turns":3.0},{"damage":50.0,"enemies":"Hexaghost","floor":16.0,"turns":9.0},{"damage":18.0,"enemies":"2 Thieves","floor":18.0,"turns":4.0},{"damage":7,"enemies":"3 Byrds","floor":24,"turns":5},{"damage":1,"enemies":"Centurion and Healer","floor":27,"turns":8},{"damage":11,"enemies":"Slavers","floor":29,"turns":3},{"damage":6,"enemies":"Shelled Parasite and Fungi","floor":31,"turns":6},{"damage":68,"enemies":"Pondfish","floor":33,"turns":10}],"seed_played":"387204920249247400","potions_obtained":[{"floor":14.0,"key":"Explosive Potion"},{"floor":16.0,"key":"EssenceOfSteel"},{"floor":28,"key":"Flashbang"},{"floor":31,"key":"EssenceOfSteel"}],"is_trial":false,"path_per_floor":["M","?","M","?","?","R","AVR","R","T","M","R","E","$","M","R_BF","B",null,"M","?","AVR","?","?","R","M","R","T","M","?","E","R","M","R_BF","B"],"character_chosen":"DEFECT","items_purchased":["reliquary:PartyBalloon","Storm","Durian","Static Discharge","Toxic Egg 2","Anchor"],"campfire_rested":3,"item_purchase_floors":[0,0,0,0,0,13],"current_hp_per_floor":[36,36,34,53,53,53,53,53,53,49,71,40,40,40,62,12,60,42,42,42,42,42,64,57,57,57,56,56,45,45,39,39,0,0],"gold":191,"neow_bonus":"","is_daily":false,"chose_seed":false,"campfire_upgraded":5,"win_rate":0.0,"timestamp":1613201537,"path_taken":["M","?","M","?","?","R","AVR","R","T","M","R","E","?","?","R_BF","BOSS","M","?","AVR","?","?","R","?","R","T","M","?","E","R","M","R_BF","BOSS"],"items_purchased_type":["Relic","Card","Relic","Card","Relic","Relic"],"build_version":"2020-12-22","purchased_purges":2,"victory":false,"max_hp_per_floor":[76,76,76,76,76,76,76,76,76,76,76,76,76,76,76,76,76,76,76,76,76,76,76,76,76,76,76,76,76,76,76,76,76,76],"card_choices":[{"not_picked":["Go for the Eyes","Leap+1"],"picked":"Ball Lightning","floor":1.0},{"not_picked":["Aggregate+1","Doom and Gloom"],"picked":"Conserve Battery+1","floor":3.0},{"not_picked":["Fusion+1","Ball Lightning","Meteor Strike"],"picked":"SKIP","floor":10.0},{"not_picked":["Consume+1","BootSequence+1","Biased Cognition"],"picked":"SKIP","floor":12.0},{"not_picked":["Streamline","Reprogram+1","Turbo+1"],"picked":"SKIP","floor":14.0},{"not_picked":["Fission+1","Rainbow+1"],"picked":"Seek+1","floor":16.0},{"not_picked":["Steam Power+1","Gash"],"picked":"Chill+1","floor":18.0},{"not_picked":["Ball Lightning","Hologram+1","Gash"],"picked":"SKIP","floor":24},{"not_picked":["Gash","Steam+1","Doom and Gloom"],"picked":"SKIP","floor":27},{"not_picked":["Aggregate+1","Rainbow+1"],"picked":"Reboot+1","floor":29},{"not_picked":["Rebound","Conserve Battery+1","Blizzard"],"picked":"SKIP","floor":31}],"player_experience":419653,"relics_obtained":[{"floor":2.0,"key":"ReplayTheSpireMod:Ring of Exchange"},{"floor":9.0,"key":"reliquary:Firecrackers"},{"floor":12.0,"key":"Replay:Bottled Eggs"},{"floor":26,"key":"CeramicFish"},{"floor":26,"key":"PreservedInsect"},{"floor":29,"key":"Pantograph"}],"event_choices":[{"damage_healed":19.0,"max_hp_gain":0.0,"max_hp_loss":0.0,"gold_gain":0.0,"event_name":"The Cleric","player_choice":"Healed","floor":4.0,"gold_loss":35.0,"damage_taken":0.0},{"damage_healed":0.0,"max_hp_gain":0.0,"max_hp_loss":0.0,"gold_gain":0.0,"event_name":"betterThird:BetterSerpent","player_choice":"Ignored","floor":5.0,"gold_loss":0.0,"damage_taken":92.0},{"damage_healed":0.0,"max_hp_gain":0.0,"max_hp_loss":0.0,"gold_gain":0.0,"event_name":"Addict","player_choice":"Obtained Relic","floor":19.0,"gold_loss":85.0,"damage_taken":0.0,"relics_obtained":["Matryoshka"]},{"damage_healed":0,"gold_gain":0,"player_choice":"Got Potions","damage_taken":0,"max_hp_gain":0,"max_hp_loss":0,"event_name":"Lab","floor":28,"gold_loss":0}],"is_beta":false,"boss_relics":[{"not_picked":["reliquary:BrokenClock","Strange Spoon"],"picked":"SlaversCollar"}],"items_purged_floors":[7,20],"is_endless":false,"potions_floor_spawned":[14,16,27,31],"killed_by":"Pondfish","ascension_level":15}}