{"host":"c9m2z2wmcavfgdp8","time":1613238845,"event":{"mods":["2.2 Compatiblity","Act Like it!","Aspiration","BaseMod","Better Third Choice","Conspire","Downfall","Ekko","Elementarium","Energized Spire","Friendly Minions","GifTheSpireLib","Hallownest","Hermit","Hubris","Infinite Spire","Jorbs\u0027s Wanderer Trilogy","Koishi","Luminous","Marisa????????","Menagerie","Minty Spire (QoL Compilation)","Pale of the Ancients","Permanent Neow","Potionbrewer","Prisma Mod","READ ME - Guardian Mod","Remilia??????","Replay The Spire","SCP261 Mod","Shop Mod","StSLib","The Animator","The Blackbeard","The Bug Knight","The Cursed","The Death Knight","The Disciple","The Exalted","The Hierophant","The Necromancer","The Servant 0.9.4","TheBandit","TheFirefly"],"gold_per_floor":[0,13,13,13,23,38,38,53,85,99,99,126,143,49,65,65,65,65],"floor_reached":16,"language":"ENG","playtime":4073,"items_purged":[],"score":114,"play_id":"0afd5fce-7728-480c-97c5-a89a09d907cb","local_time":"20210213185405","is_ascension_mode":false,"campfire_choices":[{"data":"wariomod:FabulousPrizes","floor":1,"key":"SMITH"},{"data":"wariomod:BoomBoom","floor":11,"key":"SMITH"}],"circlet_count":0,"master_deck":["wariomod:Strike","wariomod:Strike","wariomod:Strike","wariomod:Strike","wariomod:Defend","wariomod:Defend","wariomod:Defend","wariomod:Defend","wariomod:Step","wariomod:Leap","wariomod:FabulousPrizes+1","wariomod:Purify","wariomod:Purify","wariomod:TrekTime","wariomod:Bombshield","wariomod:RacingSpeed","wariomod:BoomBoom+1","wariomod:BodyBlock","wariomod:DeepDig","wariomod:DeadlyDash","wariomod:SilenceBombs","wariomod:Bombshield"],"relics":["wariomod:TheHat","hubris:Towel","Blue Candle","Replay:Bottled Snecko","Bromod:ArcaneTempo"],"acts_visited":["Exordium"],"potions_floor_usage":[9,16],"damage_taken":[{"damage":0,"enemies":"Menagerie:WhisperingWraith","floor":2,"turns":6},{"damage":0,"enemies":"Menagerie:StygianBoar","floor":5,"turns":4},{"damage":2,"enemies":"Menagerie:2_RABBITS","floor":6,"turns":4},{"damage":9,"enemies":"Menagerie:RedMage","floor":8,"turns":7},{"damage":6,"enemies":"Menagerie:VoidReaper","floor":9,"turns":10},{"damage":8,"enemies":"Menagerie:STYGIAN_BOAR_AND_RABBIT","floor":10,"turns":5},{"damage":1,"enemies":"Menagerie:MaskedSummoner","floor":12,"turns":6},{"damage":1,"enemies":"Menagerie:MeltingSalamander","floor":13,"turns":8},{"damage":0,"enemies":"downfall:FleeingMerchant","floor":14,"turns":4},{"damage":0,"enemies":"Menagerie:Hexasnake","floor":15,"turns":8},{"damage":50,"enemies":"WA_ARCHETYPE_RETAIN","floor":16,"turns":11}],"seed_played":"-4303957356885988410","potions_obtained":[{"floor":8,"key":"sneckomod:MuddlingPotion"},{"floor":9,"key":"Adrenaline Potion"},{"floor":12,"key":"SmokeBomb"},{"floor":15,"key":"SteroidPotion"}],"is_trial":false,"path_per_floor":["R","M","?","?","M","M","T","M","E","M","R","E","M","$","M","B"],"character_chosen":"THE_BANDIT","items_purchased":["wariomod:SilenceBombs"],"campfire_rested":0,"item_purchase_floors":[14],"current_hp_per_floor":[80,80,80,75,75,73,73,64,58,50,50,49,48,48,48,0,0,0],"gold":65,"neow_bonus":"THREE_RARE_CARDS","is_daily":false,"chose_seed":false,"campfire_upgraded":2,"win_rate":0.0,"timestamp":1613238845,"path_taken":["R","M","?","?","M","?","T","M","E","M","R","E","M","?","M","BOSS"],"items_purchased_type":["Card"],"build_version":"2020-12-22","purchased_purges":0,"victory":false,"max_hp_per_floor":[80,80,80,80,80,80,80,80,80,80,80,80,80,80,80,80,80,80],"card_choices":[{"not_picked":["wariomod:Sidestep","wariomod:ShipSmash"],"picked":"wariomod:FabulousPrizes","floor":0},{"not_picked":["wariomod:Goblast","wariomod:BlastDash"],"picked":"wariomod:Purify","floor":2},{"not_picked":["wariomod:Goblast","wariomod:BumRush"],"picked":"wariomod:Purify","floor":5},{"not_picked":["wariomod:BodyBlock","wariomod:SelfImprison"],"picked":"wariomod:TrekTime","floor":6},{"not_picked":["wariomod:SmackSlam","wariomod:ThatsNotAll"],"picked":"wariomod:Bombshield","floor":8},{"not_picked":["wariomod:BlastDash","wariomod:GodlyGift"],"picked":"wariomod:RacingSpeed","floor":9},{"not_picked":["wariomod:CursedSpaces","wariomod:Leapslam"],"picked":"wariomod:BoomBoom","floor":10},{"not_picked":["wariomod:HastyRush","wariomod:DropBash"],"picked":"wariomod:BodyBlock","floor":12},{"not_picked":["wariomod:Hopshield","wariomod:BlastDash"],"picked":"wariomod:DeepDig","floor":13},{"not_picked":["wariomod:HappyHop","wariomod:ChargeForth"],"picked":"wariomod:DeadlyDash","floor":14},{"not_picked":["wariomod:ThatsNotAll","wariomod:BlastDash"],"picked":"wariomod:Bombshield","floor":15}],"player_experience":1655012,"relics_obtained":[{"floor":9,"key":"Replay:Bottled Snecko"},{"floor":12,"key":"Bromod:ArcaneTempo"}],"event_choices":[],"is_beta":false,"boss_relics":[],"items_purged_floors":[],"is_endless":false,"potions_floor_spawned":[8,9,12,15],"killed_by":"WA_ARCHETYPE_RETAIN","ascension_level":0}}