{"host":"5kirneupyg4uzd3w","time":1613189692,"event":{"mods":["BaseMod","Colored Map","Custom Start","Minty Spire (QoL Compilation)","StSLib","SuperFastMode"],"gold_per_floor":[112,112,132,57,76,102,115,140,152,180,192,204,255,267,279,381,393,423,360,391,403,85,85,85],"floor_reached":23,"language":"KOR","playtime":355,"items_purged":[],"score":468,"play_id":"0ac5ac85-840f-490d-97c4-8ded8500f92e","local_time":"20210213131452","is_ascension_mode":true,"campfire_choices":[{"data":"Perfected Strike","floor":12.0,"key":"SMITH"},{"data":"Metamorphosis","floor":15.0,"key":"SMITH"}],"circlet_count":0,"master_deck":["AscendersBane","Strike_R","Strike_R","Strike_R","Strike_R","Defend_R","Defend_R","Bash","Metamorphosis+1","Perfected Strike+1","Ghostly Armor","Twin Strike","Seeing Red","Perfected Strike+1","Perfected Strike","Immolate","Barricade+1","Enlightenment","Pommel Strike"],"relics":["Burning Blood","TungstenRod","Bronze Scales","Golden Idol","Frozen Egg 2","Cursed Key","Nloth\u0027s Gift","Bag of Preparation"],"acts_visited":["Exordium","TheCity"],"potions_floor_usage":[23],"damage_taken":[{"damage":7.0,"enemies":"Jaw Worm","floor":1.0,"turns":2.0},{"damage":8.0,"enemies":"2 Louse","floor":3.0,"turns":2.0},{"damage":4.0,"enemies":"Small Slimes","floor":5.0,"turns":3.0},{"damage":2.0,"enemies":"Lagavulin","floor":6.0,"turns":4.0},{"damage":5.0,"enemies":"2 Fungi Beasts","floor":7.0,"turns":3.0},{"damage":17.0,"enemies":"3 Sentries","floor":8.0,"turns":6.0},{"damage":0.0,"enemies":"Exordium Wildlife","floor":10.0,"turns":2.0},{"damage":14.0,"enemies":"Lagavulin","floor":13.0,"turns":4.0},{"damage":40.0,"enemies":"The Guardian","floor":16.0,"turns":8.0},{"damage":5.0,"enemies":"Spheric Guardian","floor":18.0,"turns":3.0},{"damage":11.0,"enemies":"Chosen","floor":20.0,"turns":3.0},{"damage":54,"enemies":"Book of Stabbing","floor":23,"turns":3}],"seed_played":"2762057131088877861","potions_obtained":[{"floor":6.0,"key":"DistilledChaos"},{"floor":7.0,"key":"Regen Potion"},{"floor":13.0,"key":"Strength Potion"},{"floor":16.0,"key":"SteroidPotion"}],"is_trial":false,"path_per_floor":["M","?","M","?","M","E","M","E","T","M","?","R","E","?","R","B",null,"M","?","M","?","$","E"],"character_chosen":"IRONCLAD","items_purchased":["Bag of Preparation","Enlightenment","Pommel Strike"],"campfire_rested":0,"item_purchase_floors":[22,22,22],"current_hp_per_floor":[49,49,47,47,49,53,54,57,57,63,63,63,55,49,49,15,55,56,56,51,51,51,0,0],"gold":85,"neow_bonus":"RANDOM_COLORLESS_2","is_daily":false,"chose_seed":false,"campfire_upgraded":2,"win_rate":0.0,"timestamp":1613189692,"path_taken":["M","?","M","?","M","E","M","E","T","M","?","R","E","?","R","BOSS","M","?","M","?","$","E"],"items_purchased_type":["Relic","Card","Card"],"build_version":"2020-12-22","purchased_purges":0,"victory":false,"max_hp_per_floor":[75,75,75,75,75,75,75,75,75,75,68,68,68,68,68,68,68,68,68,68,68,68,68,68],"card_choices":[{"not_picked":["Secret Technique","Secret Weapon"],"picked":"Metamorphosis","floor":0.0},{"not_picked":["Hemokinesis","Body Slam"],"picked":"Perfected Strike","floor":1.0},{"not_picked":["Whirlwind","Anger","Clothesline"],"picked":"SKIP","floor":3.0},{"not_picked":["True Grit","Body Slam"],"picked":"Ghostly Armor","floor":5.0},{"not_picked":["Sever Soul","Body Slam","Havoc"],"picked":"SKIP","floor":6.0},{"not_picked":["Heavy Blade","Sever Soul"],"picked":"Twin Strike","floor":7.0},{"not_picked":["Warcry","Thunderclap"],"picked":"Seeing Red","floor":8.0},{"not_picked":["Disarm","True Grit"],"picked":"Perfected Strike","floor":10.0},{"not_picked":["Flame Barrier","Shockwave"],"picked":"Perfected Strike","floor":13.0},{"not_picked":["Barricade+1","Exhume"],"picked":"Immolate","floor":16.0},{"not_picked":["Flex","Clash","Entrench"],"picked":"SKIP","floor":18.0},{"not_picked":["Perfected Strike","Hemokinesis"],"picked":"Barricade+1","floor":20.0}],"player_experience":322753,"relics_obtained":[{"floor":6.0,"key":"TungstenRod"},{"floor":8.0,"key":"MawBank"},{"floor":9.0,"key":"Bronze Scales"},{"floor":13.0,"key":"Frozen Egg 2"}],"event_choices":[{"damage_healed":0.0,"max_hp_gain":0.0,"max_hp_loss":0.0,"gold_gain":0.0,"event_name":"Living Wall","player_choice":"Grow","floor":2.0,"gold_loss":0.0,"damage_taken":0.0,"cards_upgraded":["Perfected Strike"]},{"cards_removed":["Defend_R"],"damage_healed":0.0,"max_hp_gain":0.0,"max_hp_loss":0.0,"gold_gain":0.0,"event_name":"The Cleric","player_choice":"Card Removal","floor":4.0,"gold_loss":75.0,"damage_taken":0.0},{"damage_healed":0.0,"max_hp_gain":0.0,"max_hp_loss":7.0,"gold_gain":0.0,"event_name":"Golden Idol","player_choice":"Lose Max HP","floor":11.0,"gold_loss":0.0,"damage_taken":0.0,"relics_obtained":["Golden Idol"]},{"cards_removed":["Strike_R"],"damage_healed":0.0,"max_hp_gain":0.0,"max_hp_loss":0.0,"gold_gain":0.0,"event_name":"Golden Wing","player_choice":"Card Removal","floor":14.0,"gold_loss":0.0,"damage_taken":7.0},{"cards_removed":["Defend_R"],"damage_healed":0.0,"max_hp_gain":0.0,"max_hp_loss":0.0,"gold_gain":0.0,"event_name":"Beggar","player_choice":"Gave Gold","floor":19.0,"gold_loss":75.0,"damage_taken":0.0},{"damage_healed":0.0,"max_hp_gain":0.0,"max_hp_loss":0.0,"gold_gain":0.0,"event_name":"N\u0027loth","player_choice":"Traded Relic","floor":21.0,"relics_lost":["MawBank"],"gold_loss":0.0,"damage_taken":0.0,"relics_obtained":["Nloth\u0027s Gift"]}],"is_beta":false,"boss_relics":[{"not_picked":["Coffee Dripper","Ectoplasm"],"picked":"Cursed Key"}],"items_purged_floors":[],"is_endless":false,"potions_floor_spawned":[6,7,13,16,18],"killed_by":"Book of Stabbing","ascension_level":20}}