{"host":"37ccm3d17clopct7","time":1613203609,"event":{"mods":["BaseMod","GungeonMod","Hermit","Lobotomy","Minty Spire (QoL Compilation)","StSLib","The Bug Knight","The Cursed","The Hierophant","The Jungle","The Runesmith"],"gold_per_floor":[112,139,139,156,173,216,208,208,208,208,233,233,233,255,255,255,255],"floor_reached":16,"language":"KOR","playtime":344,"items_purged":[],"score":100,"play_id":"ac71276c-8d7b-4bb9-a2ff-6e394dc46112","local_time":"20210213170649","is_ascension_mode":false,"campfire_choices":[{"floor":8,"key":"REST"},{"data":"hierophant:ChurchCoffers","floor":10,"key":"SMITH"},{"floor":13,"key":"REST"},{"floor":15,"key":"REST"}],"circlet_count":0,"master_deck":["hierophant:Strike_Hierophant","hierophant:Strike_Hierophant","hierophant:Strike_Hierophant","hierophant:Strike_Hierophant","hierophant:Punish","hierophant:Defend_Hierophant","hierophant:Defend_Hierophant","hierophant:Defend_Hierophant","hierophant:Defend_Hierophant","hierophant:ChurchCoffers+1","hierophant:HolyVerse","hierophant:FlamingChariot","hierophant:Doubloon","hierophant:Smite","hierophant:RepressedViolence"],"relics":["SlaversCollar","Blood Vial","PreservedInsect","Mummified Hand","Smiling Mask"],"acts_visited":["Exordium"],"potions_floor_usage":[],"damage_taken":[{"damage":1,"enemies":"Cultist","floor":1,"turns":3},{"damage":0,"enemies":"2 Louse","floor":4,"turns":2},{"damage":3,"enemies":"Jaw Worm","floor":5,"turns":4},{"damage":49,"enemies":"Lagavulin","floor":6,"turns":10},{"damage":24,"enemies":"Exordium Thugs","floor":7,"turns":5},{"damage":9,"enemies":"3 Louse","floor":14,"turns":2},{"damage":30,"enemies":"Hexaghost","floor":16,"turns":3}],"seed_played":"2038547253788953899","potions_obtained":[{"floor":4,"key":"BlessingOfTheForge"},{"floor":6,"key":"Energy Potion"},{"floor":7,"key":"Block Potion"},{"floor":14,"key":"DuplicationPotion"}],"is_trial":false,"path_per_floor":["M","T","?","M","M","E","M","R","T","R","T","?","R","M","R","B"],"character_chosen":"HIEROPHANT","items_purchased":[],"campfire_rested":3,"item_purchase_floors":[],"current_hp_per_floor":[74,74,71,73,72,25,3,25,25,25,25,25,47,40,62,34,34],"gold":255,"neow_bonus":"BOSS_RELIC","is_daily":false,"chose_seed":false,"campfire_upgraded":1,"win_rate":0.0,"timestamp":1613203609,"path_taken":["M","?","?","M","?","E","M","R","T","R","?","?","R","M","R","BOSS"],"items_purchased_type":[],"build_version":"2020-12-22","purchased_purges":0,"victory":false,"max_hp_per_floor":[75,75,75,75,75,75,75,75,75,75,75,75,75,75,75,75,75],"card_choices":[{"not_picked":["hierophant:Doubloon","hierophant:SealAway"],"picked":"hierophant:HolyVerse","floor":1},{"not_picked":["hierophant:AuricBeam","hierophant:Rebuild"],"picked":"hierophant:FlamingChariot","floor":4},{"not_picked":["hierophant:Charity","hierophant:Purify"],"picked":"hierophant:Doubloon","floor":5},{"not_picked":["hierophant:Dazzle","hierophant:PassingBell"],"picked":"hierophant:Smite","floor":6},{"not_picked":["hierophant:Doubloon","hierophant:Purify"],"picked":"hierophant:RepressedViolence","floor":7},{"not_picked":["hierophant:Empathy","hierophant:RustyCrate","hierophant:Sermon"],"picked":"SKIP","floor":14}],"player_experience":197108,"relics_obtained":[{"floor":6,"key":"PreservedInsect"},{"floor":9,"key":"Mummified Hand"},{"floor":11,"key":"Smiling Mask"}],"event_choices":[{"damage_healed":0,"gold_gain":0,"player_choice":"Success","damage_taken":3,"relics_obtained":["Blood Vial"],"max_hp_gain":0,"max_hp_loss":0,"event_name":"Scrap Ooze","floor":3,"gold_loss":0},{"damage_healed":0,"gold_gain":0,"player_choice":"Ignored","damage_taken":0,"max_hp_gain":0,"max_hp_loss":0,"event_name":"Liars Game","floor":12,"gold_loss":0}],"is_beta":false,"boss_relics":[],"items_purged_floors":[],"is_endless":false,"potions_floor_spawned":[4,6,7,14],"killed_by":"Hexaghost","ascension_level":0}}