{"host":"a1eatafr7pisesky","time":1613196010,"event":{"mods":["AchievementEnabler","BaseMod","Colored Map","Keyboard Shortcuts","Minty Spire (QoL Compilation)","Say the Spire","StSLib","SuperFastMode","everything is the same but u backflip on backflip"],"gold_per_floor":[115,125,137,137,62,62,92,92,92,92,17,33,33,67,67,145,145,165,80,96,115,15,15,15,15],"floor_reached":24,"language":"KOR","playtime":447,"items_purged":["Strike_B","Strike_B"],"score":367,"play_id":"29463007-00f8-40df-976c-4d883fd40a20","local_time":"20210213150010","is_ascension_mode":true,"campfire_choices":[{"data":"Dualcast","floor":6,"key":"SMITH"},{"data":"Coolheaded","floor":8,"key":"SMITH"},{"data":"Ball Lightning","floor":10,"key":"SMITH"},{"floor":13,"key":"REST"},{"data":"Ball Lightning","floor":15,"key":"SMITH"},{"data":"Aggregate","floor":23,"key":"SMITH"}],"circlet_count":0,"master_deck":["AscendersBane","Strike_B","Defend_B","Defend_B","Defend_B","Zap","Dualcast+1","Leap","Coolheaded+1","Ball Lightning+1","Ball Lightning+1","Glacier","Echo Form","Turbo+1","Aggregate+1"],"relics":["Cracked Core","NeowsBlessing","Pear","Eternal Feather","Potion Belt","Velvet Choker","Akabeko"],"acts_visited":["Exordium","TheCity"],"potions_floor_usage":[12,16,21],"damage_taken":[{"damage":0,"enemies":"Cultist","floor":1,"turns":1},{"damage":0,"enemies":"2 Louse","floor":2,"turns":1},{"damage":0,"enemies":"Jaw Worm","floor":3,"turns":1},{"damage":43,"enemies":"3 Sentries","floor":7,"turns":10},{"damage":0,"enemies":"Large Slime","floor":12,"turns":4},{"damage":26,"enemies":"Lagavulin","floor":14,"turns":5},{"damage":27,"enemies":"Hexaghost","floor":16,"turns":10},{"damage":8,"enemies":"3 Byrds","floor":18,"turns":5},{"damage":12,"enemies":"2 Thieves","floor":20,"turns":4},{"damage":25,"enemies":"Chosen and Byrds","floor":21,"turns":6},{"damage":0,"enemies":"Slavers","floor":24,"turns":1}],"seed_played":"-1840826616907013120","potions_obtained":[{"floor":7,"key":"AttackPotion"},{"floor":12,"key":"DuplicationPotion"},{"floor":14,"key":"Block Potion"},{"floor":20,"key":"Regen Potion"}],"is_trial":false,"path_per_floor":["M","M","M","?","?","R","E","R","T","R","$","M","R","E","R","B",null,"M","?","M","M","$","R","E"],"character_chosen":"DEFECT","items_purchased":[],"campfire_rested":1,"item_purchase_floors":[],"current_hp_per_floor":[64,64,64,64,64,64,31,31,31,37,37,37,67,41,47,20,66,58,58,46,36,36,45,45,45],"gold":15,"neow_bonus":"THREE_ENEMY_KILL","is_daily":false,"chose_seed":false,"campfire_upgraded":5,"win_rate":0.0,"timestamp":1613196010,"path_taken":["M","?","M","?","?","R","E","R","T","R","$","M","R","E","R","BOSS","M","?","M","M","$","R","E"],"items_purchased_type":[],"build_version":"2020-12-22","purchased_purges":2,"victory":false,"max_hp_per_floor":[71,71,71,71,71,71,81,81,81,81,81,81,81,81,81,81,81,81,81,81,81,81,81,81,81],"card_choices":[{"not_picked":["Steam","Double Energy"],"picked":"Leap","floor":1},{"not_picked":["Redo","Stack"],"picked":"Coolheaded","floor":2},{"not_picked":["Leap","Reprogram","Stack"],"picked":"SKIP","floor":3},{"not_picked":["Conserve Battery","Storm"],"picked":"Ball Lightning","floor":7},{"not_picked":["Gash","Streamline"],"picked":"Ball Lightning","floor":12},{"not_picked":["Sweeping Beam","Buffer"],"picked":"Glacier","floor":14},{"not_picked":["Amplify","Multi-Cast"],"picked":"Echo Form","floor":16},{"not_picked":["Heatsinks","Double Energy"],"picked":"Turbo+1","floor":18},{"not_picked":["FTL","Rip and Tear+1","Darkness"],"picked":"SKIP","floor":20},{"not_picked":["Blizzard","Recycle"],"picked":"Aggregate","floor":21}],"player_experience":449178,"relics_obtained":[{"floor":7,"key":"Pear"},{"floor":9,"key":"Eternal Feather"},{"floor":14,"key":"Potion Belt"}],"event_choices":[{"cards_removed":["Strike_B"],"damage_healed":0,"gold_gain":0,"player_choice":"Forget","damage_taken":0,"max_hp_gain":0,"max_hp_loss":0,"event_name":"Living Wall","floor":4,"gold_loss":0},{"cards_removed":["Defend_B"],"damage_healed":0,"gold_gain":0,"player_choice":"Card Removal","damage_taken":0,"max_hp_gain":0,"max_hp_loss":0,"event_name":"The Cleric","floor":5,"gold_loss":75},{"damage_healed":0,"gold_gain":0,"player_choice":"Obtained Relic","damage_taken":0,"relics_obtained":["Akabeko"],"max_hp_gain":0,"max_hp_loss":0,"event_name":"Addict","floor":19,"gold_loss":85}],"is_beta":false,"boss_relics":[{"not_picked":["Ectoplasm","FrozenCore"],"picked":"Velvet Choker"}],"items_purged_floors":[11,22],"is_endless":false,"potions_floor_spawned":[7,12,14,20],"killed_by":"Slavers","ascension_level":16}}