{"host":"8cqz7u612ax6p4mk","time":1613237354,"event":{"mods":["AchievementEnabler","BaseMod","Bestiary","DeckTracker","Minty Spire (QoL Compilation)","Relic Stats","The Servant 0.9.4"],"gold_per_floor":[114,125,125,142,156,186,196,196,196,214,248,268,240,240,240,344,344,364,255,99,117,128,155,155,186,267,321,335,250,150,150,150,249,249,267,286,305,100,119,119,146,146,146,146,162,12,47,47,47,47],"floor_reached":51,"language":"ENG","playtime":3489,"items_purged":["Strike_S","Defend_S","Defend_S","Defend_S"],"score":1023,"play_id":"0186b931-b80f-4a05-a131-b0226667e9a3","local_time":"20210213122914","is_ascension_mode":true,"campfire_choices":[{"floor":8,"key":"REST"},{"floor":15,"key":"REST"},{"data":"SoulSculpture","floor":24,"key":"SMITH"},{"data":"WasteNot","floor":32,"key":"SMITH"},{"data":"Luminosity","floor":40,"key":"SMITH"},{"data":"TheWorld","floor":42,"key":"SMITH"},{"data":"Dilation","floor":44,"key":"SMITH"},{"data":"ShiftingGears","floor":49,"key":"SMITH"}],"circlet_count":0,"master_deck":["Strike_S","Strike_S","Strike_S","Defend_S","KidneyShot","Exchange","Potential+1","TimeWarp","Luminosity+1","BottledTime","Starlight","TheWorld+1","Rewind","Dilation+1","SoulSculpture+1","Rewind+1","WasteNot+1","ShatteredReality+1","TimeWarp","ShiftingGears+1","Contraction"],"relics":["Uniform","NeowsBlessing","Bag of Preparation","White Beast Statue","Potion Belt","Busted Crown","Lantern","HornCleat","InkBottle","Ornamental Fan","Happy Flower","Torii","CultistMask","Coffee Dripper","Bronze Scales","Molten Egg 2","Bottled Flame"],"acts_visited":["Exordium","TheCity","TheBeyond"],"potions_floor_usage":[11,12,16,23,25,33,50],"damage_taken":[{"damage":0,"enemies":"Jaw Worm","floor":1,"turns":1},{"damage":0,"enemies":"Cultist","floor":2,"turns":1},{"damage":0,"enemies":"2 Louse","floor":4,"turns":1},{"damage":17,"enemies":"Lots of Slimes","floor":5,"turns":5},{"damage":24,"enemies":"Gremlin Nob","floor":6,"turns":5},{"damage":2,"enemies":"Exordium Thugs","floor":7,"turns":3},{"damage":3,"enemies":"2 Fungi Beasts","floor":10,"turns":3},{"damage":14,"enemies":"Lagavulin","floor":11,"turns":6},{"damage":8,"enemies":"Lots of Slimes","floor":12,"turns":3},{"damage":28,"enemies":"The Guardian","floor":16,"turns":10},{"damage":2,"enemies":"Shell Parasite","floor":18,"turns":4},{"damage":0,"enemies":"2 Thieves","floor":21,"turns":3},{"damage":0,"enemies":"3 Cultists","floor":22,"turns":4},{"damage":0,"enemies":"Book of Stabbing","floor":23,"turns":6},{"damage":0,"enemies":"Gremlin Leader","floor":25,"turns":5},{"damage":0,"enemies":"Centurion and Healer","floor":28,"turns":5},{"damage":0,"enemies":"Collector","floor":33,"turns":11},{"damage":0,"enemies":"3 Shapes","floor":35,"turns":2},{"damage":0,"enemies":"Orb Walker","floor":36,"turns":1},{"damage":0,"enemies":"Jaw Worm Horde","floor":37,"turns":2},{"damage":0,"enemies":"4 Shapes","floor":39,"turns":4},{"damage":5,"enemies":"Reptomancer","floor":41,"turns":5},{"damage":0,"enemies":"Maw","floor":45,"turns":6},{"damage":0,"enemies":"Giant Head","floor":47,"turns":6},{"damage":0,"enemies":"Time Eater","floor":50,"turns":8}],"seed_played":"5993704288040360332","potions_obtained":[{"floor":6,"key":"AttackPotion"},{"floor":10,"key":"PowerPotion"},{"floor":11,"key":"SpeedPotion"},{"floor":12,"key":"Weak Potion"},{"floor":16,"key":"SpeedPotion"},{"floor":18,"key":"FearPotion"},{"floor":21,"key":"Weak Potion"},{"floor":22,"key":"FearPotion"},{"floor":23,"key":"Fruit Juice"},{"floor":25,"key":"GamblersBrew"},{"floor":28,"key":"AttackPotion"},{"floor":33,"key":"SpeedPotion"},{"floor":35,"key":"DuplicationPotion"},{"floor":36,"key":"Regen Potion"},{"floor":45,"key":"FairyPotion"},{"floor":48,"key":"CultistPotion"}],"is_trial":false,"path_per_floor":["M","M","?","M","M","E","M","R","T","M","E","M","?","?","R","B",null,"M","$","$","M","M","E","R","E","T","T","M","?","$","?","R","B",null,"M","M","M","$","M","R","E","R","T","R","M","$","E","?","R","B",null],"character_chosen":"THE_SERVANT","items_purchased":["WasteNot","Lantern","TimeWarp","ShiftingGears"],"campfire_rested":2,"item_purchase_floors":[19,20,38,38],"current_hp_per_floor":[65,65,65,65,48,24,22,41,41,38,24,16,16,16,35,7,65,63,63,63,63,63,63,63,68,68,68,68,68,68,68,68,68,70,70,70,70,70,70,70,65,65,65,65,65,65,65,65,65,65],"gold":47,"neow_bonus":"THREE_ENEMY_KILL","is_daily":false,"chose_seed":false,"campfire_upgraded":6,"win_rate":0.0,"timestamp":1613237354,"path_taken":["M","M","?","M","M","E","M","R","T","?","E","M","?","?","R","BOSS","M","?","$","M","M","E","R","E","T","?","M","?","$","?","R","BOSS","M","M","M","?","M","R","E","R","T","R","M","$","E","?","R","BOSS"],"items_purchased_type":["Card","Relic","Card","Card"],"build_version":"2020-12-22","purchased_purges":4,"victory":true,"max_hp_per_floor":[65,65,65,65,65,65,65,65,65,65,65,65,65,65,65,65,65,65,65,65,65,65,65,65,70,70,70,70,70,70,70,70,70,70,70,70,70,70,70,70,70,70,70,70,70,70,70,70,70,70],"relic_stats":{"Busted Crown":28,"Happy Flower":[16],"Torii":16,"counters":[25,110],"Ornamental Fan":[192],"Bronze Scales":[48],"Bag of Preparation":[40],"obtain_stats":[{"Potion Belt":11,"Lantern":20,"NeowsBlessing":0,"Happy Flower":27,"Torii":29,"Uniform":0,"Bag of Preparation":6,"White Beast Statue":9,"Bottled Flame":47,"Busted Crown":17,"HornCleat":23,"Ornamental Fan":26,"Bronze Scales":41,"Molten Egg 2":43,"CultistMask":31,"Coffee Dripper":34,"InkBottle":25},{"Potion Belt":8,"Lantern":11,"NeowsBlessing":0,"Happy Flower":15,"Torii":16,"Uniform":0,"Bag of Preparation":5,"White Beast Statue":6,"Bottled Flame":24,"Busted Crown":10,"HornCleat":14,"Ornamental Fan":15,"Bronze Scales":22,"Molten Egg 2":22,"CultistMask":16,"Coffee Dripper":17,"InkBottle":15},{"Potion Belt":25,"Lantern":42,"NeowsBlessing":0,"Happy Flower":60,"Torii":65,"Uniform":0,"Bag of Preparation":13,"White Beast Statue":16,"Bottled Flame":102,"Busted Crown":38,"HornCleat":55,"Ornamental Fan":60,"Bronze Scales":90,"Molten Egg 2":90,"CultistMask":65,"Coffee Dripper":76,"InkBottle":60}],"InkBottle":[34]},"card_choices":[{"not_picked":["Alleviate","Collapse"],"picked":"Potential","floor":1},{"not_picked":["Alleviate","Misdirection"],"picked":"TimeWarp","floor":2},{"not_picked":["SilverBlades","GearUp"],"picked":"Luminosity","floor":4},{"not_picked":["Ricochet","Revamp"],"picked":"BottledTime","floor":5},{"not_picked":["ShatteredReality","TimeTheft"],"picked":"Starlight","floor":6},{"not_picked":["Moondial","Ricochet","Barrier"],"picked":"SKIP","floor":7},{"not_picked":["DoubleEdge","Starlight","Manipulate"],"picked":"SKIP","floor":10},{"not_picked":["BestPractice","Spin"],"picked":"TheWorld","floor":11},{"not_picked":["Ricochet","Potential","ShatteredReality"],"picked":"SKIP","floor":12},{"not_picked":["Ricochet","Potential","ShatteredReality"],"picked":"SKIP","floor":12},{"not_picked":["FlawlessForm","Dilation"],"picked":"SoulSculpture","floor":16},{"not_picked":[],"picked":"Rewind+1","floor":18},{"not_picked":["Replace"],"picked":"SKIP","floor":21},{"not_picked":["Revamp"],"picked":"SKIP","floor":22},{"not_picked":[],"picked":"ShatteredReality+1","floor":23},{"not_picked":["SilverBlades"],"picked":"SKIP","floor":25},{"not_picked":["Defy+1"],"picked":"SKIP","floor":28},{"not_picked":["Starlight"],"picked":"SKIP","floor":35},{"not_picked":["Alleviate+1"],"picked":"SKIP","floor":36},{"not_picked":["GearUp+1"],"picked":"SKIP","floor":37},{"not_picked":["Ricochet+1"],"picked":"SKIP","floor":39},{"not_picked":["SilverBlades"],"picked":"SKIP","floor":41},{"not_picked":["Contraction"],"picked":"SKIP","floor":45},{"not_picked":[],"picked":"Contraction","floor":45},{"not_picked":["Unruled+1"],"picked":"SKIP","floor":47}],"player_experience":177818,"relics_obtained":[{"floor":6,"key":"Bag of Preparation"},{"floor":9,"key":"White Beast Statue"},{"floor":11,"key":"Potion Belt"},{"floor":23,"key":"HornCleat"},{"floor":25,"key":"InkBottle"},{"floor":26,"key":"Ornamental Fan"},{"floor":27,"key":"Happy Flower"},{"floor":41,"key":"Bronze Scales"},{"floor":43,"key":"Molten Egg 2"},{"floor":47,"key":"Bottled Flame"}],"event_choices":[{"damage_healed":0,"gold_gain":0,"player_choice":"Upgraded","damage_taken":0,"max_hp_gain":0,"max_hp_loss":0,"event_name":"Upgrade Shrine","floor":3,"gold_loss":0,"cards_upgraded":["Potential"]},{"damage_healed":0,"gold_gain":0,"player_choice":"Left Gold","damage_taken":0,"max_hp_gain":0,"max_hp_loss":0,"event_name":"World of Goop","floor":13,"gold_loss":28},{"damage_healed":0,"gold_gain":0,"player_choice":"2 cards matched","damage_taken":0,"max_hp_gain":0,"max_hp_loss":0,"event_name":"Match and Keep!","floor":14,"gold_loss":0,"cards_obtained":["Rewind","Dilation"]},{"damage_healed":0,"gold_gain":0,"player_choice":"2 cards matched","damage_taken":0,"max_hp_gain":0,"max_hp_loss":0,"event_name":"Match and Keep!","floor":14,"gold_loss":0,"cards_obtained":["Rewind","Dilation"]},{"damage_healed":0,"gold_gain":0,"player_choice":"Obtained Relic","damage_taken":0,"relics_obtained":["Torii"],"max_hp_gain":0,"max_hp_loss":0,"event_name":"Addict","floor":29,"gold_loss":85},{"damage_healed":0,"gold_gain":0,"player_choice":"Trade","damage_taken":0,"relics_obtained":["CultistMask"],"max_hp_gain":0,"max_hp_loss":0,"event_name":"FaceTrader","floor":31,"gold_loss":0},{"damage_healed":0,"gold_gain":0,"player_choice":"Got Potions","damage_taken":0,"max_hp_gain":0,"max_hp_loss":0,"event_name":"Lab","floor":48,"gold_loss":0}],"is_beta":false,"boss_relics":[{"not_picked":["StoneMask","SlaversCollar"],"picked":"Busted Crown"},{"not_picked":["Snecko Eye","Runic Dome"],"picked":"Coffee Dripper"}],"items_purged_floors":[19,30,38,46],"is_endless":false,"potions_floor_spawned":[6,10,11,12,16,18,21,22,23,25,28,33,35,36,37,39,41,45,47],"ascension_level":2}}