{"host":"iwx63wjdqe91ab4t","time":1613234328,"event":{"mods":["AchievementEnabler","Act Like it!","Aspiration","BaseMod","BetterRewards","Downfall","Friendly Minions","Hermit","Hubris","Infinite Spire","Jorbs\u0027s Wanderer Trilogy","Marisa????????","Mimic Mod","Minty Spire (QoL Compilation)","Quick Restart","Reliquary","Replay The Spire","StSLib","The Bug Knight","The Construct","The Cursed","The Disciple","The Hierophant","The Jungle","The Necromancer","The Runesmith","The Servant 0.9.4"],"gold_per_floor":[99,99,99,0,13,29,29,129,145,145,145,145,145],"floor_reached":11,"language":"ENG","playtime":831,"items_purged":[],"score":61,"play_id":"74999083-0255-4d94-80ba-0f2de1e1103e","local_time":"20210213103848","is_ascension_mode":false,"campfire_choices":[{"data":"champ:Taunt","floor":1,"key":"SMITH"},{"floor":10,"key":"REST"}],"circlet_count":0,"master_deck":["champ:Strike","champ:Strike","champ:Defend","champ:Defend","champ:Defend","champ:Defend","champ:Execute","champ:Taunt+1","champ:RapidStrikes","champ:Improvising","champ:DefensiveShout","champ:TornadoPunch","champ:DefensiveShout","champ:Parry","champ:Lariat+1","champ:IronFortress","champ:GutPunch","champ:Backstep"],"relics":["champ:ChampionCrown","downfall:HeartsMalice","construct:FoamFinger"],"acts_visited":["Exordium"],"potions_floor_usage":[6,8],"damage_taken":[{"damage":0,"enemies":"Cultist","floor":2,"turns":1},{"damage":0,"enemies":"2 Louse","floor":3,"turns":1},{"damage":0,"enemies":"downfall:FleeingMerchant","floor":4,"turns":1},{"damage":8,"enemies":"Small Slimes","floor":5,"turns":3},{"damage":12,"enemies":"2 Fungi Beasts","floor":6,"turns":3},{"damage":65,"enemies":"downfall:Heads","floor":8,"turns":10},{"damage":4,"enemies":"Exordium Thugs","floor":9,"turns":3},{"damage":44,"enemies":"Lagavulin","floor":11,"turns":6}],"seed_played":"2433907513125366999","potions_obtained":[{"floor":5,"key":"Energy Potion"},{"floor":6,"key":"FearPotion"},{"floor":9,"key":"GamblersBrew"}],"is_trial":false,"path_per_floor":["R","M","M","$","M","M","T","?","M","R","E"],"character_chosen":"THE_CHAMP","items_purchased":["champ:TornadoPunch","champ:DefensiveShout"],"campfire_rested":1,"item_purchase_floors":[4,4],"current_hp_per_floor":[90,90,90,90,82,70,70,5,5,32,0,0,0],"gold":145,"neow_bonus":"THREE_ENEMY_KILL","is_daily":false,"chose_seed":false,"campfire_upgraded":1,"win_rate":0.0,"timestamp":1613234328,"path_taken":["R","M","M","$","?","M","T","?","M","R","E"],"items_purchased_type":["Card","Card"],"build_version":"2020-12-22","purchased_purges":0,"victory":false,"max_hp_per_floor":[90,90,90,90,90,90,90,90,90,90,90,90,90],"card_choices":[{"not_picked":["champ:BladeFlurry","champ:BerserkersShout"],"picked":"champ:RapidStrikes","floor":2},{"not_picked":["champ:EndlessRage","champ:Shatter"],"picked":"champ:Improvising","floor":3},{"not_picked":["champ:FaceSlap","champ:RisingSlash"],"picked":"champ:DefensiveShout","floor":4},{"not_picked":["champ:EnGarde","champ:FaceSlap"],"picked":"champ:Parry","floor":5},{"not_picked":["champ:RapidStrikes","champ:HeartStrike"],"picked":"champ:Lariat","floor":6},{"not_picked":["champ:HeartStrike","champ:RisingSlash"],"picked":"champ:GutPunch","floor":8},{"not_picked":["champ:PreciseThrust","champ:AdrenalArmor"],"picked":"champ:Backstep","floor":9}],"player_experience":292428,"relics_obtained":[{"floor":7,"key":"construct:FoamFinger"}],"event_choices":[],"is_beta":false,"boss_relics":[],"items_purged_floors":[],"is_endless":false,"potions_floor_spawned":[5,6,9],"killed_by":"Lagavulin","ascension_level":0}}