{"host":"m0a8wxl9o3yrknox","time":1613225550,"event":{"mods":["BaseMod","Bossed Relics","Energized Spire","Minty Spire (QoL Compilation)","Relic Filter Mod","Relic Stats","Replay The Spire","Spicy Shops","StSLib","¡¾ÒÅÎï¿¨ÅÆ¡¿REMEMod"],"gold_per_floor":[113,113,123,143,163,163,163,163,215,248,278,278],"floor_reached":11,"language":"ZHS","playtime":639,"items_purged":[],"score":148,"play_id":"19c06ecc-1890-447b-bc2b-5b66dcf2d3e5","local_time":"20210213091230","daily_mods":["SealedDeck","Colorless Cards","Heirloom","Time Dilation","Flight"],"is_ascension_mode":false,"campfire_choices":[{"data":"REME_SelfUpgrade","floor":6,"key":"SMITH"},{"data":"Discovery","floor":7,"key":"SMITH"}],"circlet_count":0,"master_deck":["Ball Lightning","Capacitor+1","Discovery+1","BasicCrystalCard","REME_SelfUpgrade+1","ReplayTheSpireMod:Private Reserves","Beam Cell","Redo","Compile Driver","Conserve Battery","ReplayTheSpireMod:System Scan","Storm","Reboot","Flash of Steel"],"relics":["Cracked Core","REME_ComplimentaryCards","Durian","ReplayTheSpireMod:Lightbulb","REME_PuzzleBoxRelic"],"acts_visited":["Exordium"],"potions_floor_usage":[11],"damage_taken":[{"damage":12,"enemies":"2 Louse","floor":1,"turns":2},{"damage":0,"enemies":"Cultist","floor":3,"turns":2},{"damage":0,"enemies":"Small Slimes","floor":4,"turns":2},{"damage":6,"enemies":"Looter","floor":5,"turns":3},{"damage":0,"enemies":"Lagavulin","floor":10,"turns":3},{"damage":100010,"enemies":"3 Sentries","floor":11,"turns":3}],"seed_played":"-4552237063580982451","potions_obtained":[{"floor":1,"key":"SkillPotion"},{"floor":3,"key":"Block Potion"},{"floor":5,"key":"Energy Potion"},{"floor":10,"key":"REME_GoldPotion"}],"is_trial":true,"path_per_floor":["M","?","M","M","M","R","R","?","T","E","E"],"character_chosen":"DEFECT","items_purchased":[],"campfire_rested":0,"item_purchase_floors":[],"current_hp_per_floor":[68,68,68,68,62,62,62,62,62,62,0,0],"gold":278,"neow_bonus":"","is_daily":false,"chose_seed":false,"campfire_upgraded":2,"win_rate":0.0,"timestamp":1613225550,"path_taken":["M","?","?","M","M","R","R","?","T","E","E"],"items_purchased_type":[],"build_version":"2020-12-22","purchased_purges":0,"victory":false,"max_hp_per_floor":[80,80,80,80,80,80,80,80,80,80,80,80],"relic_stats":{"counters":[6,14],"obtain_stats":[{"Durian":0,"REME_PuzzleBoxRelic":10,"Cracked Core":0,"ReplayTheSpireMod:Lightbulb":9,"REME_ComplimentaryCards":0},{"Durian":0,"REME_PuzzleBoxRelic":5,"Cracked Core":0,"ReplayTheSpireMod:Lightbulb":4,"REME_ComplimentaryCards":0},{"Durian":0,"REME_PuzzleBoxRelic":12,"Cracked Core":0,"ReplayTheSpireMod:Lightbulb":9,"REME_ComplimentaryCards":0}]},"card_choices":[{"not_picked":["Barrage","Redo","REME_TwoStrings"],"picked":"Conserve Battery","floor":1},{"not_picked":["Cold Snap","Dark Shackles","Deep Breath"],"picked":"Storm","floor":3},{"not_picked":["Hologram","Go for the Eyes","Conserve Battery","Rebound"],"picked":"SKIP","floor":4},{"not_picked":["Barrage","Turbo","Beam Cell"],"picked":"Reboot","floor":5},{"not_picked":["BasicCrystalCard","ReplayTheSpireMod:Uncanny Aura","Conserve Battery","Beam Cell"],"picked":"Flash of Steel","floor":10}],"player_experience":767487,"relics_obtained":[{"floor":9,"key":"ReplayTheSpireMod:Lightbulb"},{"floor":10,"key":"REME_PuzzleBoxRelic"}],"event_choices":[{"damage_healed":0,"gold_gain":0,"cards_transformed":["Go for the Eyes"],"player_choice":"Transformed","damage_taken":0,"max_hp_gain":0,"max_hp_loss":0,"event_name":"Transmorgrifier","floor":2,"gold_loss":0,"cards_obtained":["ReplayTheSpireMod:System Scan"]}],"is_beta":false,"boss_relics":[],"items_purged_floors":[],"is_endless":true,"potions_floor_spawned":[1,3,5,10],"killed_by":"3 Sentries","ascension_level":0}}