{"host":"iodx9wtiy6cq33np","time":1613235924,"event":{"mods":["2.2 Compatiblity","AchievementEnabler","Act Like it!","BaseMod","Colored Map","DeckTracker","Keyboard Shortcuts","Minty Spire (QoL Compilation)","Permanent Neow","Quick Restart","Rare Cards Sparkle","StSLib","SuperFastMode","The Dragon Tamer","everything is the same but u backflip on backflip"],"gold_per_floor":[25,117,192,204,218,231,231,231,248,248,248,278,278,453,469,469,574,574,593,628,628,628,628,628,656,656,711,26,43,71,86,106,106,106,106,106],"floor_reached":33,"language":"KOR","playtime":6763,"items_purged":["Doubt"],"score":352,"play_id":"5d18a57d-4786-4214-8deb-48e137269525","local_time":"20210214020524","is_ascension_mode":true,"metric_token":991,"campfire_choices":[{"data":"DTMod:SwitchingTactic","floor":7,"key":"SMITH"},{"data":"DTMod:TauntingStrike","floor":10,"key":"SMITH"},{"data":"DTMod:CleansingStrike","floor":12,"key":"SMITH"},{"data":"DTMod:QuickFly","floor":15,"key":"SMITH"},{"data":"DTMod:HeadStart","floor":23,"key":"SMITH"},{"floor":25,"key":"REST"},{"data":"DTMod:ShadowImage","floor":32,"key":"SMITH"}],"dtmod_dragon_data":[0,50,1,-1,8,0],"circlet_count":0,"master_deck":["DTMod:Strike+1","DTMod:Strike+1","DTMod:Strike+1","DTMod:DoubleHit","DTMod:TargetDefense+1","DTMod:TargetDefense+1","DTMod:TargetDefense+1","DTMod:TargetDefense+1","DTMod:SwitchingTactic+1","Dramatic Entrance","DTMod:CleansingStrike+1","DTMod:QuickFly+1","DTMod:TauntingStrike+1","DTMod:HeadStart+1","Writhe","DTMod:GhostSkin+1","Impatience+1","DTMod:Hide+1","DTMod:ShadowImage+1"],"relics":["DTMod:MagicStone","Mummified Hand","Thread and Needle","Red Mask","Enchiridion","Toxic Egg 2","MealTicket","MawBank","TungstenRod","Pear","Singing Bowl"],"acts_visited":["Exordium","TheCity"],"potions_floor_usage":[11,11,18,19,29,33,33,33],"damage_taken":[{"damage":0,"enemies":"2 Louse","floor":1,"turns":2},{"damage":0,"enemies":"Small Slimes","floor":3,"turns":3},{"damage":0,"enemies":"Jaw Worm","floor":4,"turns":3},{"damage":5,"enemies":"Exordium Thugs","floor":5,"turns":3},{"damage":0,"enemies":"2 Fungi Beasts","floor":8,"turns":2},{"damage":0,"enemies":"Gremlin Nob","floor":11,"turns":2},{"damage":0,"enemies":"Blue Slaver","floor":14,"turns":2},{"damage":3,"enemies":"Hexaghost","floor":16,"turns":11},{"damage":0,"enemies":"Spheric Guardian","floor":18,"turns":3},{"damage":1,"enemies":"Masked Bandits","floor":19,"turns":5},{"damage":18,"enemies":"Book of Stabbing","floor":24,"turns":9},{"damage":0,"enemies":"2 Thieves","floor":28,"turns":3},{"damage":0,"enemies":"Gremlin Leader","floor":29,"turns":10},{"damage":0,"enemies":"Shelled Parasite and Fungi","floor":30,"turns":6},{"damage":0,"enemies":"Centurion and Healer","floor":31,"turns":7},{"damage":74,"enemies":"Automaton","floor":33,"turns":16}],"seed_played":"-1261680168676932636","potions_obtained":[{"floor":1,"key":"DistilledChaos"},{"floor":4,"key":"DistilledChaos"},{"floor":5,"key":"AttackPotion"},{"floor":16,"key":"DuplicationPotion"},{"floor":24,"key":"ColorlessPotion"},{"floor":29,"key":"Dexterity Potion"},{"floor":30,"key":"GamblersBrew"},{"floor":31,"key":"SteroidPotion"}],"is_trial":false,"path_per_floor":["M","?","M","M","M","?","R","M","T","R","E","R","?","M","R","B",null,"M","?","?","?","?","R","E","R","T","$","M","E","M","M","R","B"],"character_chosen":"THE_DT","items_purchased":["TungstenRod","Pear","Impatience+1"],"campfire_rested":1,"item_purchase_floors":[27,27,27],"current_hp_per_floor":[45,45,34,34,34,29,29,29,29,29,29,29,29,29,29,29,26,45,45,44,44,28,28,28,17,30,30,55,55,55,57,59,59,0,0,0],"gold":106,"neow_bonus":"RANDOM_COLORLESS","is_daily":false,"chose_seed":false,"campfire_upgraded":6,"win_rate":0.0,"timestamp":1613235924,"path_taken":["M","?","M","M","M","?","R","M","T","R","E","R","?","M","R","BOSS","M","?","?","?","?","R","E","R","T","$","?","E","M","M","R","BOSS"],"items_purchased_type":["Relic","Relic","Card"],"build_version":"2020-12-22","purchased_purges":1,"victory":false,"max_hp_per_floor":[45,45,45,45,45,45,45,45,45,45,45,45,45,45,45,45,45,45,45,45,45,45,45,45,45,45,45,55,55,55,57,59,59,59,59,59],"card_choices":[{"not_picked":["Purity","Forethought"],"picked":"Dramatic Entrance","floor":0},{"not_picked":["DTMod:BurningForce","DTMod:GhostSkin"],"picked":"DTMod:CleansingStrike","floor":1},{"not_picked":["DTMod:MagiciansMark","DTMod:Hide","DTMod:Coolant"],"picked":"SKIP","floor":3},{"not_picked":["DTMod:BuildUp","DTMod:Weaken"],"picked":"DTMod:QuickFly","floor":4},{"not_picked":["DTMod:DeepFocus","DTMod:Coolant","DTMod:Threaten"],"picked":"SKIP","floor":5},{"not_picked":["DTMod:BlazingStrike","DTMod:Threaten"],"picked":"DTMod:TauntingStrike","floor":8},{"not_picked":["DTMod:MagicField","DTMod:CleansingStrike","DTMod:ResonanceForm"],"picked":"SKIP","floor":11},{"not_picked":["DTMod:Cover","DTMod:Training","DTMod:ForkedFire"],"picked":"SKIP","floor":14},{"not_picked":["DTMod:Inferno","DTMod:ResonanceForm"],"picked":"DTMod:HeadStart","floor":16},{"not_picked":["DTMod:BreakAttack","DTMod:TauntingStrike","DTMod:BizarreTactic"],"picked":"SKIP","floor":18},{"not_picked":["DTMod:HeatWave","DTMod:ForkedFire"],"picked":"DTMod:GhostSkin+1","floor":24},{"not_picked":["DTMod:MagicField+1","DTMod:Cover+1"],"picked":"DTMod:Hide+1","floor":28},{"not_picked":["DTMod:BreakAttack","DTMod:Cover+1"],"picked":"DTMod:ShadowImage","floor":29},{"not_picked":["DTMod:CrossStep","DTMod:Training+1","DTMod:DragonDance"],"picked":"Singing Bowl","floor":30},{"not_picked":["DTMod:MasterPlan+1","DTMod:BreakAttack","DTMod:Feint"],"picked":"Singing Bowl","floor":31}],"player_experience":919328,"relics_obtained":[{"floor":9,"key":"Mummified Hand"},{"floor":11,"key":"Thread and Needle"},{"floor":19,"key":"Red Mask"},{"floor":21,"key":"Enchiridion"},{"floor":24,"key":"MealTicket"},{"floor":26,"key":"MawBank"},{"floor":29,"key":"Singing Bowl"}],"event_choices":[{"damage_healed":0,"gold_gain":75,"player_choice":"Gather Gold","damage_taken":11,"max_hp_gain":0,"max_hp_loss":0,"event_name":"World of Goop","floor":2,"gold_loss":0},{"cards_removed":["DTMod:Strike"],"damage_healed":0,"gold_gain":0,"player_choice":"Forget","damage_taken":0,"max_hp_gain":0,"max_hp_loss":0,"event_name":"Living Wall","floor":6,"gold_loss":0},{"damage_healed":0,"gold_gain":175,"player_choice":"AGREE","damage_taken":0,"max_hp_gain":0,"max_hp_loss":0,"event_name":"Liars Game","floor":13,"gold_loss":0,"cards_obtained":["Doubt"]},{"damage_healed":0,"gold_gain":0,"player_choice":"Fought Bandits","damage_taken":0,"max_hp_gain":0,"max_hp_loss":0,"event_name":"Masked Bandits","floor":19,"gold_loss":0},{"damage_healed":0,"gold_gain":0,"player_choice":"Simplicity","damage_taken":0,"max_hp_gain":0,"max_hp_loss":0,"event_name":"Back to Basics","floor":20,"gold_loss":0,"cards_upgraded":["DTMod:Strike","DTMod:Strike","DTMod:Strike","DTMod:TargetDefense","DTMod:TargetDefense","DTMod:TargetDefense","DTMod:TargetDefense"]},{"damage_healed":0,"gold_gain":0,"player_choice":"Obtained Book","damage_taken":16,"max_hp_gain":0,"max_hp_loss":0,"event_name":"Cursed Tome","floor":21,"gold_loss":0},{"damage_healed":0,"gold_gain":0,"player_choice":"Opened","damage_taken":0,"relics_obtained":["Toxic Egg 2"],"max_hp_gain":0,"max_hp_loss":0,"event_name":"The Mausoleum","floor":22,"gold_loss":0,"cards_obtained":["Writhe"]}],"is_beta":false,"boss_relics":[{"not_picked":["Snecko Eye","Philosopher\u0027s Stone"],"picked":"DTMod:MagicStone"}],"items_purged_floors":[27],"is_endless":false,"potions_floor_spawned":[1,4,5,16,24,29,30,31],"killed_by":"Automaton","ascension_level":1}}