{"host":"gjbmv0wqve0qfw94","time":1613243656,"event":{"mods":["BaseMod","Colored Map","Colored Powertips","DeckTracker","Googly Eyes","Minty Spire (QoL Compilation)","StSLib"],"gold_per_floor":[114,189,27,39,59,85,85,111,111,111,261,261,137,153,153,230,230,243,261,261,261,277,304,323,356,432,432,432],"floor_reached":27,"language":"ENG","playtime":1193,"items_purged":["Strike_R","Doubt"],"score":522,"play_id":"4cbd9910-1369-4ba3-855a-1218754b43db","local_time":"20210213201416","is_ascension_mode":true,"campfire_choices":[{"data":"Inflame","floor":7.0,"key":"SMITH"},{"data":"Carnage","floor":10.0,"key":"SMITH"},{"data":"Demon Form","floor":12.0,"key":"SMITH"},{"data":"Shrug It Off","floor":15.0,"key":"SMITH"}],"circlet_count":0,"master_deck":["AscendersBane","Bash","Carnage+1","Offering","Inflame+1","Anger","Demon Form+1","Pummel","Shrug It Off+1","Twin Strike","Limit Break","Sentinel","Iron Wave","Ghostly Armor","Body Slam","Corruption","Shockwave","Iron Wave","Brutality","Pommel Strike+1","Shrug It Off+1","Feel No Pain","Exhume","Whirlwind+1","True Grit+1"],"relics":["Burning Blood","MealTicket","Unceasing Top","Kunai","Mango","Pandora\u0027s Box","MutagenicStrength","Vajra","Molten Egg 2","Bottled Lightning"],"acts_visited":["Exordium","TheCity"],"potions_floor_usage":[23,25,25],"damage_taken":[{"damage":0.0,"enemies":"2 Louse","floor":1.0,"turns":5.0},{"damage":3.0,"enemies":"Small Slimes","floor":4.0,"turns":5.0},{"damage":8.0,"enemies":"Jaw Worm","floor":5.0,"turns":2.0},{"damage":9.0,"enemies":"Gremlin Nob","floor":6.0,"turns":3.0},{"damage":21.0,"enemies":"3 Sentries","floor":8.0,"turns":5.0},{"damage":6.0,"enemies":"3 Louse","floor":14.0,"turns":4.0},{"damage":32.0,"enemies":"Slime Boss","floor":16.0,"turns":7.0},{"damage":19.0,"enemies":"Chosen","floor":18.0,"turns":4.0},{"damage":29,"enemies":"Spheric Guardian","floor":19,"turns":4},{"damage":6,"enemies":"Shelled Parasite and Fungi","floor":22,"turns":2},{"damage":34,"enemies":"Book of Stabbing","floor":23,"turns":5},{"damage":6,"enemies":"Centurion and Healer","floor":24,"turns":3},{"damage":9,"enemies":"Gremlin Leader","floor":25,"turns":6},{"damage":19,"enemies":"Slavers","floor":27,"turns":1}],"seed_played":"-8611480816066340198","potions_obtained":[{"floor":1.0,"key":"Weak Potion"},{"floor":5.0,"key":"Weak Potion"},{"floor":6.0,"key":"Dexterity Potion"},{"floor":23,"key":"ColorlessPotion"},{"floor":24,"key":"FearPotion"}],"is_trial":false,"path_per_floor":["M","?","$","M","M","E","R","E","T","R","?","R","$","M","R","B",null,"M","M","?","?","M","E","M","E","T","E"],"character_chosen":"IRONCLAD","items_purchased":["Offering","Shrug It Off"],"campfire_rested":0,"item_purchase_floors":[3,13],"current_hp_per_floor":[74,63,75,75,73,70,70,55,69,69,69,69,84,84,84,58,81,68,45,45,45,45,17,17,14,14,0,0],"gold":432,"neow_bonus":"RANDOM_COMMON_RELIC","is_daily":false,"chose_seed":false,"campfire_upgraded":4,"win_rate":0.0,"timestamp":1613243656,"path_taken":["M","?","$","M","M","E","R","E","T","R","?","R","$","M","R","BOSS","M","M","?","?","M","E","M","E","T","E"],"items_purchased_type":["Card","Card"],"build_version":"2020-12-22","purchased_purges":2,"victory":false,"max_hp_per_floor":[75,75,75,75,75,75,75,75,89,89,89,89,89,89,89,89,89,89,89,89,89,89,89,89,89,89,89,89],"card_choices":[{"not_picked":["Burning Pact","True Grit"],"picked":"Carnage","floor":1.0},{"not_picked":["Havoc","Feel No Pain"],"picked":"Inflame","floor":4.0},{"not_picked":["True Grit","Perfected Strike"],"picked":"Anger","floor":5.0},{"not_picked":["Barricade","Anger"],"picked":"Demon Form","floor":6.0},{"not_picked":["Ghostly Armor","Headbutt"],"picked":"Pummel","floor":8.0},{"not_picked":["Iron Wave","Hemokinesis"],"picked":"Twin Strike","floor":14.0},{"not_picked":["Corruption","Barricade"],"picked":"Limit Break","floor":16.0},{"not_picked":["Havoc","Heavy Blade","Body Slam"],"picked":"SKIP","floor":18},{"not_picked":["True Grit","Sword Boomerang"],"picked":"Pommel Strike+1","floor":19},{"not_picked":["Hemokinesis","Headbutt"],"picked":"Feel No Pain","floor":22},{"not_picked":["Juggernaut","Body Slam"],"picked":"Exhume","floor":23},{"not_picked":["Iron Wave","Wild Strike+1"],"picked":"Whirlwind+1","floor":24},{"not_picked":["Thunderclap+1","Bloodletting"],"picked":"True Grit+1","floor":25}],"player_experience":1228242,"relics_obtained":[{"floor":6.0,"key":"Unceasing Top"},{"floor":8.0,"key":"Kunai"},{"floor":9.0,"key":"Mango"},{"floor":23,"key":"Vajra"},{"floor":25,"key":"Molten Egg 2"},{"floor":26,"key":"Bottled Lightning"}],"event_choices":[{"damage_healed":0.0,"max_hp_gain":0.0,"max_hp_loss":0.0,"gold_gain":75.0,"event_name":"World of Goop","player_choice":"Gather Gold","floor":2.0,"gold_loss":0.0,"damage_taken":11.0},{"damage_healed":0.0,"max_hp_gain":0.0,"max_hp_loss":0.0,"gold_gain":150.0,"event_name":"Liars Game","player_choice":"AGREE","floor":11.0,"gold_loss":0.0,"damage_taken":0.0,"cards_obtained":["Doubt"]},{"damage_healed":0,"gold_gain":0,"player_choice":"Inject Mutagens","damage_taken":0,"relics_obtained":["MutagenicStrength"],"max_hp_gain":0,"max_hp_loss":0,"event_name":"Drug Dealer","floor":20,"gold_loss":0},{"damage_healed":0,"gold_gain":0,"player_choice":"Copied","damage_taken":0,"max_hp_gain":0,"max_hp_loss":0,"event_name":"Duplicator","floor":21,"gold_loss":0,"cards_obtained":["Shrug It Off"]}],"is_beta":false,"boss_relics":[{"not_picked":["Cursed Key","Busted Crown"],"picked":"Pandora\u0027s Box"}],"items_purged_floors":[3,13],"is_endless":false,"potions_floor_spawned":[1,5,6,8,23,24],"killed_by":"Slavers","ascension_level":20}}