{"host":"kpyoctgc7jne3jiy","time":1613225390,"event":{"mods":["AchievementEnabler","BaseMod","Downfall","Minty Spire (QoL Compilation)","Relic Stats","StSLib"],"gold_per_floor":[99,111,125,2,20,46,46,46,46,63,63,74,87,121,135,238,238,238,253,267,280,20,20,20,20,45,62,77,93,93,108,124,229,229,229,63,77,77,77,108,108,137,155,166,166,183,129,139,154,154],"floor_reached":51,"language":"ENG","playtime":3935,"items_purged":["Guardian:Strike_Guardian","Guardian:Strike_Guardian"],"score":897,"play_id":"170b1ddd-0acb-4d18-9920-cef1cd3ee8e1","local_time":"20210213150950","is_ascension_mode":false,"campfire_choices":[{"data":"Guardian:TwinSlam","floor":1,"key":"SMITH"},{"data":"Guardian:EvasiveProtocol","floor":8,"key":"SMITH"},{"data":"Guardian:TemporalShield","floor":18,"key":"SMITH"},{"data":"Guardian:DecasProtection","floor":25,"key":"SMITH"},{"floor":35,"key":"RECALL"},{"data":"Guardian:ConstructionForm","floor":45,"key":"SMITH"}],"circlet_count":0,"master_deck":["Guardian:Defend_Guardian","Guardian:Defend_Guardian","Guardian:CurlUp","Guardian:TwinSlam+1","Guardian:MultiBeam","Guardian:Recover","Guardian:EvasiveProtocol+1","Guardian:BronzeOrb","Guardian:Planning","Guardian:BodySlam","Guardian:ChargeCore","Guardian:TemporalShield+1","Guardian:BaubleBeam","Guardian:Harden+1","Guardian:BodySlam+1","Guardian:PiercingHide","Guardian:DecasProtection+1","Guardian:PiercingHide+1","Guardian:ConstructionForm+1","Good Instincts","Guardian:TemporalStrike+1","Guardian:SentryBeam","Guardian:Gem_Purple","Guardian:PrimingBeam+1","Guardian:ShieldSpikes+1","Guardian:Harden+1","Guardian:RollAttack","Guardian:Harden+1","Guardian:BronzeArmor"],"relics":["Guardian:ModeShifterPlus","Bottled Tornado","Blood Vial","Vajra","Sling","StrikeDummy","Guardian:PickAxe","Philosopher\u0027s Stone","Mummified Hand","TheAbacus","Torii","Oddly Smooth Stone"],"acts_visited":["Exordium","TheCity","TheBeyond"],"potions_floor_usage":[16,22,31,44],"damage_taken":[{"damage":0,"enemies":"Small Slimes","floor":2,"turns":3},{"damage":7,"enemies":"Cultist","floor":3,"turns":5},{"damage":0,"enemies":"downfall:FleeingMerchant","floor":4,"turns":4},{"damage":1,"enemies":"Jaw Worm","floor":5,"turns":5},{"damage":12,"enemies":"Gremlin Nob","floor":6,"turns":5},{"damage":0,"enemies":"3 Louse","floor":10,"turns":2},{"damage":3,"enemies":"2 Fungi Beasts","floor":12,"turns":4},{"damage":3,"enemies":"Red Slaver","floor":13,"turns":3},{"damage":15,"enemies":"3 Sentries","floor":14,"turns":11},{"damage":0,"enemies":"Large Slime","floor":15,"turns":5},{"damage":37,"enemies":"IC_STATUS_ARCHETYPE","floor":16,"turns":14},{"damage":0,"enemies":"Spheric Guardian","floor":19,"turns":4},{"damage":0,"enemies":"Chosen","floor":20,"turns":4},{"damage":0,"enemies":"Shelled Parasite and Fungi","floor":21,"turns":3},{"damage":0,"enemies":"downfall:FleeingMerchant","floor":22,"turns":4},{"damage":0,"enemies":"Gremlin Leader","floor":26,"turns":4},{"damage":0,"enemies":"Centurion and Healer","floor":27,"turns":3},{"damage":0,"enemies":"Snake Plant","floor":28,"turns":2},{"damage":0,"enemies":"Snecko","floor":29,"turns":3},{"damage":0,"enemies":"Chosen and Byrds","floor":31,"turns":6},{"damage":0,"enemies":"Snake Plant","floor":32,"turns":2},{"damage":0,"enemies":"DF_ARCHETYPE_CLAW","floor":33,"turns":4},{"damage":0,"enemies":"downfall:FleeingMerchant","floor":36,"turns":2},{"damage":0,"enemies":"3 Darklings","floor":37,"turns":4},{"damage":0,"enemies":"Nemesis","floor":40,"turns":5},{"damage":0,"enemies":"Reptomancer","floor":42,"turns":3},{"damage":0,"enemies":"Orb Walker","floor":43,"turns":2},{"damage":0,"enemies":"Writhing Mass","floor":44,"turns":3},{"damage":0,"enemies":"Transient","floor":46,"turns":5},{"damage":0,"enemies":"4 Shapes","floor":48,"turns":3},{"damage":0,"enemies":"Jaw Worm Horde","floor":49,"turns":5},{"damage":0,"enemies":"WA_ARCHETYPE_DIVINITY","floor":50,"turns":7}],"seed_played":"5692913850596706576","potions_obtained":[{"floor":3,"key":"Explosive Potion"},{"floor":12,"key":"LiquidBronze"},{"floor":14,"key":"Fire Potion"},{"floor":15,"key":"hexamod:SoulburnPotion"},{"floor":16,"key":"Weak Potion"},{"floor":29,"key":"sneckomod:MuddlingPotion"},{"floor":31,"key":"FearPotion"},{"floor":46,"key":"Regen Potion"}],"is_trial":false,"path_per_floor":["R","M","M","$","M","E","T","R","?","M","?","M","M","E","M","B",null,"R","M","M","M","$","?","T","R","E","M","M","M","?","M","M","B",null,"R","$","M","?","?","E","T","E","M","M","R","M","$","M","M","B",null],"character_chosen":"GUARDIAN","items_purchased":["Guardian:EvasiveProtocol","Sling","Good Instincts","Mummified Hand","TheAbacus","Guardian:RollAttack"],"campfire_rested":0,"item_purchase_floors":[4,22,36,36,36,47],"current_hp_per_floor":[88,88,81,81,80,68,68,68,68,70,70,69,68,55,57,22,88,88,88,88,88,88,88,88,88,88,88,88,88,71,73,75,77,93,93,93,93,93,93,93,93,93,93,93,93,93,93,93,93,93],"gold":154,"neow_bonus":"TEN_PERCENT_HP_BONUS","is_daily":false,"chose_seed":false,"campfire_upgraded":5,"win_rate":0.0,"timestamp":1613225390,"path_taken":["R","M","M","$","M","E","T","R","?","?","?","M","M","E","M","BOSS","R","M","M","M","$","?","T","R","E","M","M","M","?","M","M","BOSS","R","$","M","?","?","E","T","E","M","M","R","M","$","M","M","BOSS"],"items_purchased_type":["Card","Relic","Card","Relic","Relic","Card"],"build_version":"2020-12-22","purchased_purges":2,"victory":true,"max_hp_per_floor":[88,88,88,88,88,88,88,88,88,88,88,88,88,88,88,88,88,88,88,88,88,88,88,88,88,88,88,88,88,93,93,93,93,93,93,93,93,93,93,93,93,93,93,93,93,93,93,93,93,93],"relic_stats":{"Blood Vial":18,"TheAbacus":[30],"Torii":0,"counters":[32,139],"Mummified Hand":[24],"obtain_stats":[{"Guardian:ModeShifterPlus":17,"Torii":40,"Guardian:ModeShifter":0,"Vajra":14,"Oddly Smooth Stone":42,"Bottled Tornado":6,"Sling":22,"Blood Vial":7,"Guardian:PickAxe":26,"TheAbacus":36,"Mummified Hand":36,"Philosopher\u0027s Stone":34,"StrikeDummy":24},{"Guardian:ModeShifterPlus":11,"Torii":25,"Guardian:ModeShifter":0,"Vajra":9,"Oddly Smooth Stone":26,"Bottled Tornado":5,"Sling":15,"Blood Vial":5,"Guardian:PickAxe":16,"TheAbacus":23,"Mummified Hand":23,"Philosopher\u0027s Stone":22,"StrikeDummy":15},{"Guardian:ModeShifterPlus":61,"Torii":111,"Guardian:ModeShifter":0,"Vajra":42,"Oddly Smooth Stone":114,"Bottled Tornado":22,"Sling":76,"Blood Vial":22,"Guardian:PickAxe":80,"TheAbacus":102,"Mummified Hand":102,"Philosopher\u0027s Stone":100,"StrikeDummy":76}]},"card_choices":[{"not_picked":["Guardian:Recover","Guardian:PolyBeam"],"picked":"Guardian:MultiBeam","floor":2},{"not_picked":["Guardian:Clone","Guardian:TemporalShield"],"picked":"Guardian:Gem_Fragmented","floor":3},{"not_picked":["Guardian:VentSteam","Guardian:GuardianWhirl"],"picked":"Guardian:Recover","floor":4},{"not_picked":["Guardian:PiercingHide","Guardian:Gem_Lightblue"],"picked":"Guardian:BronzeOrb","floor":5},{"not_picked":["Guardian:TimeCapacitor","Guardian:ArmoredProtocol"],"picked":"Guardian:Planning","floor":6},{"not_picked":["Guardian:TemporalShield","Guardian:ShieldSpikes"],"picked":"Guardian:Gem_Red","floor":10},{"not_picked":["Guardian:Recover","Guardian:Reroute"],"picked":"Guardian:BodySlam","floor":12},{"not_picked":["Guardian:VentSteam","Guardian:Gem_Cyan"],"picked":"Guardian:Gem_Yellow","floor":13},{"not_picked":["Guardian:FloatingOrbs","Guardian:RollAttack"],"picked":"Guardian:ChargeCore","floor":14},{"not_picked":["Guardian:ChargeCore","Guardian:Gem_Lightblue"],"picked":"Guardian:TemporalShield","floor":15},{"not_picked":["Guardian:HyperBeam_Guardian","Guardian:StasisField"],"picked":"Guardian:BaubleBeam","floor":16},{"not_picked":["Guardian:VentSteam+1","Guardian:Clone+1"],"picked":"Guardian:Harden+1","floor":19},{"not_picked":["Guardian:Gem_Red","Guardian:Gem_White"],"picked":"Guardian:BodySlam+1","floor":20},{"not_picked":["Guardian:PolyBeam","Guardian:Suspension"],"picked":"Guardian:PiercingHide","floor":21},{"not_picked":["Guardian:Repulse","Guardian:ShieldCharger+1"],"picked":"Guardian:DecasProtection","floor":22},{"not_picked":["Guardian:ChargeCore","Guardian:Incinerate"],"picked":"Guardian:Gem_Orange","floor":26},{"not_picked":["Guardian:Suspension+1","Guardian:CrystalBeam+1"],"picked":"Guardian:Gem_Red","floor":27},{"not_picked":["Guardian:Planning","Guardian:Incinerate","Guardian:DecasProtection"],"picked":"SKIP","floor":28},{"not_picked":["Guardian:PiercingHide+1","Guardian:SpikerProtocol"],"picked":"Guardian:Gem_Cyan","floor":29},{"not_picked":["Guardian:Gem_Yellow","Guardian:PrimingBeam"],"picked":"Guardian:PiercingHide+1","floor":31},{"not_picked":["Guardian:HyperBeam_Guardian","Guardian:Gem_Lightblue","Guardian:TemporalShield+1"],"picked":"SKIP","floor":32},{"not_picked":["Guardian:FastForward","Guardian:SphericShield"],"picked":"Guardian:ConstructionForm","floor":33},{"not_picked":["Guardian:Gem_Yellow","Guardian:WalkerClaw+1"],"picked":"Guardian:Gem_Red","floor":36},{"not_picked":["Guardian:Incinerate+1","Guardian:RollAttack"],"picked":"Guardian:TemporalStrike+1","floor":37},{"not_picked":["Guardian:Gem_Red","Guardian:PrismaticBarrier"],"picked":"Guardian:Gem_Purple","floor":40},{"not_picked":["Guardian:BronzeOrb","Guardian:Planning+1"],"picked":"Guardian:PrimingBeam+1","floor":42},{"not_picked":["Guardian:Suspension","Guardian:ChargeCore+1"],"picked":"Guardian:ShieldSpikes+1","floor":43},{"not_picked":["Guardian:Gem_Yellow","Guardian:Suspension+1"],"picked":"Guardian:Gem_Green","floor":44},{"not_picked":["Guardian:FastForward","Guardian:WalkerClaw+1"],"picked":"Guardian:Harden+1","floor":46},{"not_picked":["Guardian:Incinerate","Guardian:ShieldSpikes"],"picked":"Guardian:Harden+1","floor":48},{"not_picked":["Guardian:DecasProtection+1","Guardian:MultiBeam"],"picked":"Guardian:BronzeArmor","floor":49}],"player_experience":363787,"relics_obtained":[{"floor":6,"key":"Bottled Tornado"},{"floor":7,"key":"Blood Vial"},{"floor":14,"key":"Vajra"},{"floor":24,"key":"StrikeDummy"},{"floor":26,"key":"Guardian:PickAxe"},{"floor":40,"key":"Torii"},{"floor":42,"key":"Oddly Smooth Stone"}],"event_choices":[],"is_beta":false,"boss_relics":[{"not_picked":["Runic Pyramid","Coffee Dripper"],"picked":"Guardian:ModeShifterPlus"},{"not_picked":["Cursed Key","Guardian:StasisSlotReductionRelic"],"picked":"Philosopher\u0027s Stone"}],"items_purged_floors":[4,22],"is_endless":false,"potions_floor_spawned":[3,12,14,15,16,19,20,29,31,32,40,46,49],"ascension_level":0}}