{"host":"lv7etzzgwahaenh9","time":1613254176,"event":{"mods":["AchievementEnabler","BaseMod","Colored Map","Colored Powertips","Highlight Path","Minty Spire (QoL Compilation)","Permanent Neow","Quick Restart","Random Character Button","StSLib"],"gold_per_floor":[116,116,116,129,147,147,181,197,197,210,240,240,257,289,289,388,388,398,67,67,117,136,171,190,190,190,203,237,251,251,274,274,376,376,390,409,108,158,158,158,168,203,203,216,248,263,294,294,294,294,294,294,27,61,61],"floor_reached":56,"language":"ENG","playtime":6898,"items_purged":["Defend_P","Defend_P","Strike_P"],"score":1591,"play_id":"3ec7d425-9feb-4163-92a3-a349cb41bb02","local_time":"20210213140936","is_ascension_mode":true,"campfire_choices":[{"data":"Omniscience","floor":6.0,"key":"SMITH"},{"data":"Protect","floor":12.0,"key":"SMITH"},{"data":"Vigilance","floor":15.0,"key":"SMITH"},{"data":"Eruption","floor":25,"key":"SMITH"},{"data":"MasterReality","floor":30,"key":"SMITH"},{"data":"Panache","floor":32,"key":"SMITH"},{"data":"1","floor":40,"key":"LIFT"},{"floor":49,"key":"RECALL"},{"data":"Ragnarok","floor":52,"key":"SMITH"}],"circlet_count":0,"master_deck":["Strike_P","Strike_P","Defend_P+1","Eruption+1","Vigilance+1","Vault+1","BowlingBash","ReachHeaven","Protect+1","Omniscience+1","WindmillStrike","JustLucky","Prostrate+1","ForeignInfluence+1","Prostrate+1","Indignation+1","MasterReality+1","Evaluate+1","Evaluate+1","Perseverance+1","Panache+1","ForeignInfluence+1","SashWhip+1","Meditate+1","SandsOfTime","Evaluate+1","Ragnarok+1","Halt+1","WheelKick","Master of Strategy+1","ForeignInfluence+1","Vault+1","Pray+1","Prostrate+1","Good Instincts+1","Wallop+1"],"relics":["PureWater","Toxic Egg 2","Bottled Lightning","Ornamental Fan","Toy Ornithopter","Coffee Dripper","Bag of Marbles","Strawberry","Sundial","Boot","SlaversCollar","Girya","Anchor","TeardropLocket","Dead Branch","Ice Cream"],"acts_visited":["Exordium","TheCity","TheBeyond","TheEnding"],"potions_floor_usage":[23,28,54,55],"damage_taken":[{"damage":7.0,"enemies":"Jaw Worm","floor":1.0,"turns":3.0},{"damage":0.0,"enemies":"Small Slimes","floor":4.0,"turns":3.0},{"damage":0.0,"enemies":"2 Louse","floor":5.0,"turns":2.0},{"damage":6.0,"enemies":"Gremlin Nob","floor":7.0,"turns":4.0},{"damage":1.0,"enemies":"Blue Slaver","floor":8.0,"turns":4.0},{"damage":5.0,"enemies":"Gremlin Gang","floor":10.0,"turns":4.0},{"damage":2.0,"enemies":"3 Sentries","floor":11.0,"turns":4.0},{"damage":0.0,"enemies":"Exordium Thugs","floor":13.0,"turns":4.0},{"damage":0.0,"enemies":"Lagavulin","floor":14.0,"turns":3.0},{"damage":16.0,"enemies":"The Guardian","floor":16.0,"turns":12.0},{"damage":0.0,"enemies":"Shell Parasite","floor":18.0,"turns":3.0},{"damage":0.0,"enemies":"2 Thieves","floor":22.0,"turns":4.0},{"damage":8,"enemies":"Slavers","floor":23,"turns":7},{"damage":0,"enemies":"3 Cultists","floor":24,"turns":3},{"damage":0,"enemies":"Centurion and Healer","floor":27,"turns":3},{"damage":1,"enemies":"Gremlin Leader","floor":28,"turns":4},{"damage":5,"enemies":"Snecko","floor":29,"turns":5},{"damage":24,"enemies":"Automaton","floor":33,"turns":8},{"damage":0,"enemies":"Orb Walker","floor":35,"turns":4},{"damage":0,"enemies":"3 Shapes","floor":36,"turns":4},{"damage":7,"enemies":"Mind Bloom Boss Battle","floor":38,"turns":6},{"damage":0,"enemies":"Sphere and 2 Shapes","floor":41,"turns":3},{"damage":0,"enemies":"Giant Head","floor":42,"turns":3},{"damage":0,"enemies":"3 Darklings","floor":44,"turns":5},{"damage":0,"enemies":"Reptomancer","floor":45,"turns":2},{"damage":0,"enemies":"Maw","floor":46,"turns":3},{"damage":0,"enemies":"Giant Head","floor":47,"turns":3},{"damage":16,"enemies":"Awakened One","floor":50,"turns":8},{"damage":1,"enemies":"Shield and Spear","floor":54,"turns":4},{"damage":34,"enemies":"The Heart","floor":55,"turns":7}],"seed_played":"6691303187349476755","potions_obtained":[{"floor":1.0,"key":"Swift Potion"},{"floor":8.0,"key":"BlessingOfTheForge"},{"floor":10.0,"key":"AttackPotion"},{"floor":13.0,"key":"ColorlessPotion"},{"floor":14.0,"key":"BottledMiracle"},{"floor":16.0,"key":"FearPotion"},{"floor":27,"key":"Strength Potion"},{"floor":33,"key":"Block Potion"},{"floor":36,"key":"SkillPotion"},{"floor":47,"key":"EssenceOfSteel"}],"is_trial":false,"path_per_floor":["M","?","?","M","M","R","E","M","T","M","E","R","M","E","R","B",null,"M","$","?","?","M","E","M","R","T","M","E","M","R","T","R","B",null,"M","M","$","?","?","R","M","E","T","M","E","M","E","?","R","B",null,"R","$","E","B",null],"character_chosen":"WATCHER","items_purchased":["Evaluate+1","Perseverance+1","Panache","WheelKick","Master of Strategy+1","Prostrate+1","Good Instincts+1"],"campfire_rested":0,"item_purchase_floors":[19,19,19,37,37,53,53],"current_hp_per_floor":[44,68,54,54,54,54,48,47,47,42,40,40,40,40,40,24,72,72,72,59,59,64,61,61,61,68,68,72,67,67,67,67,43,84,84,84,84,77,77,77,77,77,77,77,77,77,77,77,77,61,84,84,84,83,50],"gold":61,"neow_bonus":"TRANSFORM_TWO_CARDS","is_daily":false,"chose_seed":false,"campfire_upgraded":7,"win_rate":0.0,"timestamp":1613254176,"path_taken":["M","?","?","M","M","R","E","M","T","?","E","R","M","E","R","BOSS","M","$","?","?","M","E","M","R","T","?","E","M","R","?","R","BOSS","M","?","$","?","?","R","M","E","T","M","E","M","E","?","R","BOSS","R","$","E","BOSS"],"items_purchased_type":["Card","Card","Card","Card","Card","Card","Card"],"build_version":"2020-12-22","purchased_purges":3,"victory":true,"max_hp_per_floor":[72,72,72,72,72,72,72,72,72,72,72,72,72,72,72,72,72,72,72,77,77,77,77,77,77,84,84,84,84,84,84,84,84,84,84,84,84,84,84,84,84,84,84,84,84,84,84,84,84,84,84,84,84,84,84],"card_choices":[{"not_picked":["Indignation","CrushJoints"],"picked":"ReachHeaven","floor":1.0},{"not_picked":["Crescendo","BowlingBash"],"picked":"Protect","floor":4.0},{"not_picked":["ClearTheMind","Halt"],"picked":"Omniscience","floor":5.0},{"not_picked":["Brilliance","CutThroughFate"],"picked":"WindmillStrike","floor":7.0},{"not_picked":["BowlingBash","EmptyFist"],"picked":"JustLucky","floor":8.0},{"not_picked":["Worship+1","FlyingSleeves"],"picked":"Prostrate+1","floor":10.0},{"not_picked":["Fasting2","InnerPeace+1"],"picked":"ForeignInfluence+1","floor":11.0},{"not_picked":["Consecrate","ThirdEye+1"],"picked":"Prostrate+1","floor":13.0},{"not_picked":["EmptyFist","FlyingSleeves"],"picked":"Indignation+1","floor":14.0},{"not_picked":["Alpha+1","Judgement+1"],"picked":"MasterReality","floor":16.0},{"not_picked":["CrushJoints","CutThroughFate+1"],"picked":"Evaluate+1","floor":18.0},{"not_picked":["EmptyFist","SignatureMove"],"picked":"ForeignInfluence+1","floor":22},{"not_picked":["ClearTheMind+1","Swivel+1"],"picked":"Conclude","floor":23},{"not_picked":["CutThroughFate","BowlingBash"],"picked":"SashWhip+1","floor":24},{"not_picked":["Conclude+1","JustLucky"],"picked":"Meditate+1","floor":27},{"not_picked":["CutThroughFate","SashWhip"],"picked":"SandsOfTime","floor":28},{"not_picked":["Fasting2","MasterReality"],"picked":"Evaluate+1","floor":29},{"not_picked":["Omniscience+1","LessonLearned"],"picked":"Ragnarok","floor":33},{"not_picked":["JustLucky","Evaluate+1","Indignation+1"],"picked":"SKIP","floor":35},{"not_picked":["Tantrum","EmptyFist+1"],"picked":"Halt+1","floor":36},{"not_picked":["JustLucky+1","Sanctity+1","PathToVictory+1"],"picked":"SKIP","floor":41},{"not_picked":["JustLucky+1","Sanctity+1","PathToVictory+1"],"picked":"SKIP","floor":41},{"not_picked":["Protect+1","Prostrate+1"],"picked":"ForeignInfluence+1","floor":42},{"not_picked":["Indignation+1","Consecrate+1","CrushJoints"],"picked":"SKIP","floor":44},{"not_picked":["Crescendo+1","CutThroughFate"],"picked":"Vault+1","floor":45},{"not_picked":["Protect+1","JustLucky+1","Vengeance+1"],"picked":"SKIP","floor":46},{"not_picked":["WindmillStrike","Halt+1"],"picked":"Pray+1","floor":47},{"not_picked":["CarveReality","DeceiveReality+1"],"picked":"Wallop+1","floor":54}],"player_experience":365565,"relics_obtained":[{"floor":7.0,"key":"Toxic Egg 2"},{"floor":9.0,"key":"Bottled Lightning"},{"floor":11.0,"key":"Ornamental Fan"},{"floor":14.0,"key":"Toy Ornithopter"},{"floor":23,"key":"Bag of Marbles"},{"floor":26,"key":"Strawberry"},{"floor":28,"key":"Sundial"},{"floor":31,"key":"Boot"},{"floor":38,"key":"Girya"},{"floor":42,"key":"Anchor"},{"floor":45,"key":"TeardropLocket"},{"floor":47,"key":"Dead Branch"},{"floor":54,"key":"Ice Cream"}],"event_choices":[{"damage_healed":24.0,"max_hp_gain":0.0,"max_hp_loss":0.0,"gold_gain":0.0,"event_name":"Big Fish","player_choice":"Banana","floor":2.0,"gold_loss":0.0,"damage_taken":0.0},{"damage_healed":0.0,"max_hp_gain":0.0,"max_hp_loss":0.0,"gold_gain":0.0,"event_name":"Shining Light","player_choice":"Entered Light","floor":3.0,"gold_loss":0.0,"damage_taken":14.0,"cards_upgraded":["Defend_P","Vault"]},{"damage_healed":0.0,"max_hp_gain":5.0,"max_hp_loss":0.0,"gold_gain":0.0,"event_name":"Forgotten Altar","player_choice":"Shed Blood","floor":20.0,"gold_loss":0.0,"damage_taken":18.0},{"damage_healed":0.0,"max_hp_gain":0.0,"max_hp_loss":0.0,"gold_gain":100.0,"event_name":"The Joust","player_choice":"Bet on Murderer","floor":21.0,"gold_loss":50.0,"damage_taken":0.0},{"damage_healed":0,"gold_gain":0,"player_choice":"Fight","damage_taken":0,"max_hp_gain":0,"max_hp_loss":0,"event_name":"MindBloom","floor":38,"gold_loss":0},{"damage_healed":0,"gold_gain":0,"player_choice":"Ignored","damage_taken":0,"max_hp_gain":0,"max_hp_loss":0,"event_name":"Tomb of Lord Red Mask","floor":39,"gold_loss":0},{"cards_removed":["Conclude"],"damage_healed":0,"gold_gain":0,"player_choice":"Removed Attack","damage_taken":0,"max_hp_gain":0,"max_hp_loss":0,"event_name":"Falling","floor":48,"gold_loss":0}],"is_beta":false,"boss_relics":[{"not_picked":["Tiny House","Velvet Choker"],"picked":"Coffee Dripper"},{"not_picked":["VioletLotus","Snecko Eye"],"picked":"SlaversCollar"}],"items_purged_floors":[19,37,53],"is_endless":false,"potions_floor_spawned":[1,8,10,13,14,16,18,27,33,36,41,44,47],"ascension_level":4}}