{"host":"8vqkh0x3c7vpgzzm","time":1613255558,"event":{"mods":["AchievementEnabler","BaseMod","Colored Map","Colored Powertips","Curses Come First","DeckTracker","Highlight Path","Minty Spire (QoL Compilation)","Permanent Neow","Quick Restart","Random Character Mod","Rare Cards Sparkle","Relic Sorter","Relic Stats","StSLib","SuperFastMode","Unceasing Turn Reminder","egg","everything is the same but u backflip on backflip"],"gold_per_floor":[367,33,47,67,82,107,107,127,127,127,127,127,144,144,144,221,221,231,70,70,46,60,60,60,60,83,105,117,162,174,186,198,210,210],"floor_reached":33,"language":"ENG","playtime":1709,"items_purged":["Parasite"],"score":555,"play_id":"2e622d12-5594-4b0f-8739-069b9edffb65","local_time":"20210213233238","is_ascension_mode":true,"campfire_choices":[{"data":"True Grit","floor":7,"key":"SMITH"},{"data":"Bash","floor":10,"key":"SMITH"},{"data":"Disarm","floor":12,"key":"SMITH"},{"data":"Berserk","floor":15,"key":"SMITH"},{"data":"Inflame","floor":23,"key":"SMITH"},{"data":"Inflame","floor":25,"key":"SMITH"},{"data":"Clothesline","floor":28,"key":"SMITH"},{"data":"Evolve","floor":30,"key":"SMITH"},{"data":"Flame Barrier","floor":32,"key":"SMITH"}],"circlet_count":0,"master_deck":["AscendersBane","Defend_R","Defend_R","Defend_R+1","Defend_R","Bash+1","Twin Strike","Inflame+1","Cleave","Metallicize","True Grit+1","Battle Trance","Sword Boomerang","Pummel","Shrug It Off","Disarm+1","Berserk+1","Reaper","Shrug It Off","Inflame+1","Flame Barrier+1","Clothesline+1","Heavy Blade+1","Evolve+1","Bite","Bite","Bite","Bite","Bite"],"relics":["Burning Blood","Prayer Wheel","InkBottle","Singing Bowl","Mark of Pain","MawBank","Centennial Puzzle"],"acts_visited":["Exordium","TheCity"],"potions_floor_usage":[6,16,22,27,29],"damage_taken":[{"damage":10,"enemies":"Small Slimes","floor":1,"turns":4},{"damage":4,"enemies":"Jaw Worm","floor":3,"turns":4},{"damage":9,"enemies":"2 Louse","floor":4,"turns":3},{"damage":12,"enemies":"2 Fungi Beasts","floor":5,"turns":4},{"damage":21,"enemies":"3 Sentries","floor":6,"turns":6},{"damage":13,"enemies":"Blue Slaver","floor":8,"turns":4},{"damage":6,"enemies":"Lots of Slimes","floor":13,"turns":4},{"damage":23,"enemies":"The Guardian","floor":16,"turns":10},{"damage":4,"enemies":"Chosen","floor":18,"turns":7},{"damage":24,"enemies":"2 Thieves","floor":21,"turns":4},{"damage":4,"enemies":"Centurion and Healer","floor":22,"turns":6},{"damage":16,"enemies":"3 Cultists","floor":27,"turns":6},{"damage":19,"enemies":"Slavers","floor":29,"turns":6},{"damage":113,"enemies":"Collector","floor":33,"turns":13}],"seed_played":"-1217057915026660548","potions_obtained":[{"floor":3,"key":"FearPotion"},{"floor":5,"key":"AttackPotion"},{"floor":13,"key":"Ancient Potion"},{"floor":21,"key":"DistilledChaos"},{"floor":27,"key":"DistilledChaos"}],"is_trial":false,"path_per_floor":["M","$","M","M","M","E","R","M","T","R","?","R","M","?","R","B",null,"M","$","?","M","M","R","?","R","T","M","R","E","R","?","R","B"],"character_chosen":"IRONCLAD","items_purchased":["Prayer Wheel","Inflame"],"campfire_rested":0,"item_purchase_floors":[2,19],"current_hp_per_floor":[64,64,66,63,57,42,42,35,35,35,15,15,17,34,34,17,57,67,67,67,51,71,71,50,50,50,56,56,64,64,56,56,0,0],"gold":210,"neow_bonus":"TWO_FIFTY_GOLD","is_daily":false,"chose_seed":false,"campfire_upgraded":9,"win_rate":0.0,"timestamp":1613255558,"path_taken":["M","$","M","M","M","E","R","M","T","R","?","R","M","?","R","BOSS","M","$","?","M","M","R","?","R","T","M","R","E","R","?","R","BOSS"],"items_purchased_type":["Relic","Card"],"build_version":"2020-12-22","purchased_purges":1,"victory":false,"max_hp_per_floor":[68,68,68,68,68,68,68,68,68,68,68,68,70,70,70,70,70,72,69,69,71,73,73,78,78,78,80,80,80,80,56,56,56,56],"relic_stats":{"Centennial Puzzle":[3],"Singing Bowl":10,"counters":[14,81],"Prayer Wheel":9,"MawBank":84,"obtain_stats":[{"Centennial Puzzle":29,"Singing Bowl":9,"Prayer Wheel":2,"Mark of Pain":17,"MawBank":26,"Burning Blood":0,"InkBottle":6},{"Centennial Puzzle":13,"Singing Bowl":6,"Prayer Wheel":1,"Mark of Pain":8,"MawBank":11,"Burning Blood":0,"InkBottle":5},{"Centennial Puzzle":68,"Singing Bowl":25,"Prayer Wheel":4,"Mark of Pain":39,"MawBank":56,"Burning Blood":0,"InkBottle":21}],"Burning Blood":78,"InkBottle":[15]},"card_choices":[{"not_picked":["Clash","Armaments"],"picked":"Twin Strike","floor":1},{"not_picked":["Pommel Strike","Clash"],"picked":"Inflame","floor":3},{"not_picked":["Havoc","Perfected Strike"],"picked":"Cleave","floor":3},{"not_picked":["Flex","Pommel Strike"],"picked":"Metallicize","floor":4},{"not_picked":["Headbutt","Infernal Blade"],"picked":"True Grit","floor":4},{"not_picked":["Anger","Rage"],"picked":"Battle Trance","floor":5},{"not_picked":["Sentinel","Dual Wield"],"picked":"Sword Boomerang","floor":5},{"not_picked":["Body Slam","Rage"],"picked":"Pummel","floor":6},{"not_picked":["Flex","Sever Soul"],"picked":"Shrug It Off","floor":8},{"not_picked":["Twin Strike","Flex"],"picked":"Disarm","floor":8},{"not_picked":["Evolve","Havoc","Heavy Blade"],"picked":"Singing Bowl","floor":13},{"not_picked":["Rampage","Carnage"],"picked":"Berserk","floor":13},{"not_picked":["Brutality","Double Tap"],"picked":"Reaper","floor":16},{"not_picked":["Clothesline","Flex"],"picked":"Shrug It Off","floor":18},{"not_picked":["Heavy Blade","Wild Strike","Rupture+1"],"picked":"Singing Bowl","floor":18},{"not_picked":["Sword Boomerang","Flex","Headbutt"],"picked":"Singing Bowl","floor":21},{"not_picked":["Feel No Pain","Sword Boomerang"],"picked":"Flame Barrier","floor":21},{"not_picked":["Havoc+1","Infernal Blade","Rampage"],"picked":"Singing Bowl","floor":22},{"not_picked":["Entrench","Second Wind"],"picked":"Clothesline","floor":22},{"not_picked":["True Grit","Clothesline","Dark Embrace"],"picked":"Singing Bowl","floor":27},{"not_picked":["Sever Soul+1","Reckless Charge"],"picked":"Heavy Blade+1","floor":27},{"not_picked":["Bludgeon","Sword Boomerang"],"picked":"Evolve","floor":29}],"player_experience":548999,"relics_obtained":[{"floor":6,"key":"InkBottle"},{"floor":9,"key":"Singing Bowl"},{"floor":26,"key":"MawBank"},{"floor":29,"key":"Centennial Puzzle"}],"event_choices":[{"damage_healed":0,"gold_gain":0,"player_choice":"Entered Light","damage_taken":20,"max_hp_gain":0,"max_hp_loss":0,"event_name":"Shining Light","floor":11,"gold_loss":0,"cards_upgraded":["Defend_R","Strike_R"]},{"damage_healed":17,"gold_gain":0,"player_choice":"Healed and dodged fight","damage_taken":0,"max_hp_gain":0,"max_hp_loss":0,"event_name":"Mushrooms","floor":14,"gold_loss":0,"cards_obtained":["Parasite"]},{"damage_healed":0,"gold_gain":0,"player_choice":"Shed Blood","damage_taken":26,"max_hp_gain":5,"max_hp_loss":0,"event_name":"Forgotten Altar","floor":24,"gold_loss":0},{"damage_healed":0,"gold_gain":0,"player_choice":"Became a vampire","damage_taken":0,"max_hp_gain":0,"max_hp_loss":24,"event_name":"Vampires","floor":31,"gold_loss":0,"cards_obtained":["Bite","Bite","Bite","Bite","Bite"]}],"is_beta":false,"boss_relics":[{"not_picked":["Runic Dome","SacredBark"],"picked":"Mark of Pain"}],"items_purged_floors":[19],"is_endless":false,"potions_floor_spawned":[3,5,13,21,27],"killed_by":"Collector","ascension_level":20}}