{"host":"dlqyscxstsnu98l1","time":1613179966,"event":{"mods":["AchievementEnabler","BaseMod","Colored Map","Colored Powertips","GifTheSpireLib","Highlight Path","Minty Spire (QoL Compilation)","Random Character Button","SacredBarkPlus","StSLib","everything is the same but u backflip on backflip"],"gold_per_floor":[117,117,117,38,58,92,92,92,117,152,162,111,132,149,149,149,149],"floor_reached":16,"language":"ENG","playtime":604,"items_purged":[],"score":160,"play_id":"e1589898-9c76-47eb-b1c3-7bae1a40d568","local_time":"20210212193246","is_ascension_mode":true,"campfire_choices":[{"data":"Shrug It Off","floor":8,"key":"SMITH"},{"data":"Bash","floor":15,"key":"SMITH"}],"circlet_count":0,"master_deck":["Strike_R","Strike_R","Strike_R","Strike_R","Strike_R","Defend_R","Defend_R","Defend_R","Defend_R","Bash+1","Cleave","Ghostly Armor","Shrug It Off+1","Shrug It Off+1","Armaments+1","True Grit+1","Offering+1"],"relics":["Burning Blood","NeowsBlessing","Red Skull","Dream Catcher","Toxic Egg 2","Oddly Smooth Stone","Du-Vu Doll","Odd Mushroom"],"acts_visited":["Exordium"],"potions_floor_usage":[10,13],"damage_taken":[{"damage":0,"enemies":"Small Slimes","floor":1,"turns":1},{"damage":0,"enemies":"2 Louse","floor":5,"turns":1},{"damage":0,"enemies":"Gremlin Nob","floor":6,"turns":1},{"damage":33,"enemies":"Lagavulin","floor":10,"turns":8},{"damage":0,"enemies":"Cultist","floor":11,"turns":4},{"damage":2,"enemies":"The Mushroom Lair","floor":13,"turns":6},{"damage":1,"enemies":"Blue Slaver","floor":14,"turns":5},{"damage":77,"enemies":"Slime Boss","floor":16,"turns":12}],"seed_played":"1090701522715805430","potions_obtained":[{"floor":1,"key":"Energy Potion"},{"floor":10,"key":"SpeedPotion"}],"is_trial":false,"path_per_floor":["M","?","?","$","M","E","?","R","T","E","M","$","?","M","R","B"],"character_chosen":"IRONCLAD","items_purchased":["Ghostly Armor","SkillPotion"],"campfire_rested":0,"item_purchase_floors":[4,12],"current_hp_per_floor":[80,77,77,77,80,80,80,80,80,53,59,59,63,68,68,0,0],"gold":149,"neow_bonus":"THREE_ENEMY_KILL","is_daily":false,"chose_seed":false,"campfire_upgraded":2,"win_rate":0.0,"timestamp":1613179966,"path_taken":["M","?","?","$","M","E","?","R","T","E","M","$","?","M","R","BOSS"],"items_purchased_type":["Card","Potion"],"build_version":"2020-12-22","purchased_purges":0,"victory":false,"max_hp_per_floor":[80,80,80,80,80,80,80,80,80,80,80,80,80,80,80,80,80],"card_choices":[{"not_picked":["Evolve","Rampage"],"picked":"Cleave","floor":1},{"not_picked":["Wild Strike","Flex"],"picked":"Shrug It Off","floor":5},{"not_picked":["Sword Boomerang","Rupture","Thunderclap"],"picked":"SKIP","floor":6},{"not_picked":["Intimidate+1","Double Tap+1"],"picked":"Shrug It Off+1","floor":10},{"not_picked":["Thunderclap","Combust"],"picked":"Armaments+1","floor":11},{"not_picked":["Cleave","Feel No Pain"],"picked":"True Grit+1","floor":13},{"not_picked":["Intimidate+1","Battle Trance+1"],"picked":"Offering+1","floor":14}],"player_experience":180033,"relics_obtained":[{"floor":6,"key":"Dream Catcher"},{"floor":9,"key":"Oddly Smooth Stone"},{"floor":10,"key":"Du-Vu Doll"},{"floor":13,"key":"Odd Mushroom"}],"event_choices":[{"damage_healed":0,"gold_gain":0,"player_choice":"Success","damage_taken":3,"relics_obtained":["Red Skull"],"max_hp_gain":0,"max_hp_loss":0,"event_name":"Scrap Ooze","floor":2,"gold_loss":0},{"damage_healed":0,"gold_gain":0,"player_choice":"Leave","damage_taken":0,"max_hp_gain":0,"max_hp_loss":0,"event_name":"The Cleric","floor":3,"gold_loss":0},{"damage_healed":0,"gold_gain":0,"player_choice":"Searched \u00271\u0027 times","damage_taken":0,"relics_obtained":["Toxic Egg 2"],"max_hp_gain":0,"max_hp_loss":0,"event_name":"Dead Adventurer","floor":7,"gold_loss":0},{"damage_healed":0,"gold_gain":0,"player_choice":"Fought Mushrooms","damage_taken":0,"max_hp_gain":0,"max_hp_loss":0,"event_name":"Mushrooms","floor":13,"gold_loss":0}],"is_beta":false,"boss_relics":[],"items_purged_floors":[],"is_endless":false,"potions_floor_spawned":[1,10],"killed_by":"Slime Boss","ascension_level":4}}