{"host":"f2zkc2gsfwbibc34","time":1613214880,"event":{"mods":["AchievementEnabler","BaseMod","Better Note","Colored Map","Colored Powertips","Defuse TimeMaze Blight","Minty Spire (QoL Compilation)","Permanent Neow","StSLib","SuperFastMode","The Servant 0.9.4"],"gold_per_floor":[114,114,43,43,58,58,73,88,113,113,143,158,188,203,203,303,303,318,318,333,333,105,105,135,135,135,165,165,195,195,210,210,310,310,325,325,340,340,90,90,120,120,120,120,135,150,150,165,165,165],"floor_reached":51,"language":"ENG","playtime":2607,"items_purged":[],"score":743,"play_id":"a0ceb676-6d1e-41e0-a2f7-fcb7fe455538","local_time":"20210213121440","daily_mods":["SealedDeck","Red Cards","Elite Swarm"],"is_ascension_mode":false,"campfire_choices":[{"data":"Storm","floor":6,"key":"SMITH"},{"data":"Infernal Blade","floor":10,"key":"SMITH"},{"data":"Capacitor","floor":15,"key":"SMITH"},{"data":"Echo Form","floor":23,"key":"SMITH"},{"floor":25,"key":"REST"},{"floor":30,"key":"REST"},{"data":"Double Energy","floor":32,"key":"SMITH"},{"data":"Creative AI","floor":40,"key":"SMITH"},{"data":"Echo Form","floor":42,"key":"SMITH"},{"data":"Echo Form","floor":44,"key":"SMITH"},{"data":"Conserve Battery","floor":47,"key":"SMITH"},{"data":"Amplify","floor":49,"key":"SMITH"}],"circlet_count":0,"master_deck":["FTL","Warcry","Chill+1","Hologram","Iron Wave","Cleave","Cold Snap","Conserve Battery+1","Storm+1","Leap","Doom and Gloom","Infernal Blade+1","Capacitor+1","Self Repair","Sword Boomerang","Electrodynamics","Echo Form+1","Fusion+1","Self Repair","Amplify+1","Echo Form+1","Double Energy+1","Creative AI+1","Infernal Blade+1","Echo Form+1"],"relics":["FrozenCore","Bag of Preparation","Ornamental Fan","Letter Opener","Bag of Marbles","Girya","Bottled Lightning","Thread and Needle","Orichalcum","Incense Burner","Busted Crown","Cables","PreservedInsect","Smiling Mask"],"acts_visited":["Exordium","TheCity","TheBeyond"],"potions_floor_usage":[16,16,31,41,46,48,50],"damage_taken":[{"damage":0,"enemies":"Jaw Worm","floor":1,"turns":3},{"damage":0,"enemies":"Cultist","floor":5,"turns":2},{"damage":0,"enemies":"Small Slimes","floor":7,"turns":2},{"damage":12,"enemies":"Exordium Wildlife","floor":8,"turns":5},{"damage":6,"enemies":"Lagavulin","floor":11,"turns":5},{"damage":0,"enemies":"Looter","floor":12,"turns":3},{"damage":8,"enemies":"3 Sentries","floor":13,"turns":4},{"damage":0,"enemies":"3 Louse","floor":14,"turns":1},{"damage":36,"enemies":"The Guardian","floor":16,"turns":10},{"damage":7,"enemies":"Shell Parasite","floor":18,"turns":5},{"damage":21,"enemies":"2 Thieves","floor":20,"turns":4},{"damage":36,"enemies":"Book of Stabbing","floor":24,"turns":5},{"damage":37,"enemies":"Gremlin Leader","floor":27,"turns":5},{"damage":43,"enemies":"Book of Stabbing","floor":29,"turns":7},{"damage":6,"enemies":"Sentry and Sphere","floor":31,"turns":4},{"damage":41,"enemies":"Collector","floor":33,"turns":9},{"damage":8,"enemies":"3 Darklings","floor":35,"turns":4},{"damage":0,"enemies":"3 Shapes","floor":37,"turns":3},{"damage":16,"enemies":"Reptomancer","floor":41,"turns":4},{"damage":18,"enemies":"Writhing Mass","floor":45,"turns":6},{"damage":2,"enemies":"Transient","floor":46,"turns":5},{"damage":17,"enemies":"3 Darklings","floor":48,"turns":4},{"damage":13,"enemies":"Donu and Deca","floor":50,"turns":6}],"seed_played":"6099103822572544471","potions_obtained":[{"floor":1,"key":"Swift Potion"},{"floor":7,"key":"Dexterity Potion"},{"floor":8,"key":"SteroidPotion"},{"floor":12,"key":"LiquidMemories"},{"floor":18,"key":"SkillPotion"},{"floor":29,"key":"Regen Potion"},{"floor":33,"key":"AttackPotion"},{"floor":41,"key":"Explosive Potion"},{"floor":48,"key":"SteroidPotion"}],"is_trial":false,"path_per_floor":["M","?","$","?","M","R","M","M","T","R","E","M","E","M","R","B",null,"M","?","M","?","$","R","E","R","T","E","?","E","R","M","R","B",null,"M","?","M","?","$","R","E","R","T","R","M","M","R","M","R","B",null],"character_chosen":"DEFECT","items_purchased":["Infernal Blade","Self Repair","Bag of Marbles","Cables"],"campfire_rested":2,"item_purchase_floors":[3,22,22,39],"current_hp_per_floor":[75,80,80,80,80,80,80,75,75,75,76,80,72,72,72,43,80,80,80,73,64,64,64,42,66,66,40,40,26,50,70,70,60,80,80,80,80,80,80,80,78,78,78,78,80,80,80,77,77,64],"gold":165,"neow_bonus":"","is_daily":true,"chose_seed":false,"campfire_upgraded":10,"win_rate":0.0,"timestamp":1613214880,"path_taken":["M","?","$","?","M","R","M","M","T","R","E","?","E","M","R","BOSS","M","?","?","?","$","R","E","R","T","E","?","E","R","M","R","BOSS","M","?","M","?","?","R","E","R","T","R","M","M","R","M","R","BOSS"],"items_purchased_type":["Card","Card","Relic","Relic"],"build_version":"2020-12-22","purchased_purges":0,"victory":true,"max_hp_per_floor":[75,80,80,80,80,80,80,80,80,80,80,80,80,80,80,80,80,80,80,80,80,80,80,80,80,80,80,80,80,80,80,80,80,80,80,80,80,80,80,80,80,80,80,80,80,80,80,80,80,80],"card_choices":[{"not_picked":["Dual Wield","Rip and Tear"],"picked":"Doom and Gloom","floor":1},{"not_picked":["Twin Strike","Perfected Strike"],"picked":"Capacitor","floor":5},{"not_picked":["Conserve Battery","Redo"],"picked":"Self Repair","floor":7},{"not_picked":["Auto Shields","Clothesline"],"picked":"Sword Boomerang","floor":8},{"not_picked":["Feed","Brutality","Corruption"],"picked":"SKIP","floor":11},{"not_picked":["Turbo","Heavy Blade","Perfected Strike"],"picked":"SKIP","floor":12},{"not_picked":["Brutality","Thunder Strike"],"picked":"Electrodynamics","floor":13},{"not_picked":["Rebound","Skim","Hologram"],"picked":"SKIP","floor":14},{"not_picked":["Thunder Strike","Impervious"],"picked":"Echo Form","floor":16},{"not_picked":["Chaos","Twin Strike","Anger"],"picked":"SKIP","floor":18},{"not_picked":["FTL","Twin Strike"],"picked":"Fusion+1","floor":20},{"not_picked":["All For One","Buffer"],"picked":"Amplify","floor":24},{"not_picked":["Exhume","Creative AI"],"picked":"Echo Form","floor":27},{"not_picked":["Buffer","Hyperbeam","All For One"],"picked":"SKIP","floor":29},{"not_picked":["Redo","Sweeping Beam"],"picked":"Double Energy","floor":31},{"not_picked":["Immolate","Juggernaut"],"picked":"Creative AI","floor":33},{"not_picked":[],"picked":"Infernal Blade+1","floor":35},{"not_picked":["Darkness+1"],"picked":"SKIP","floor":37},{"not_picked":[],"picked":"Echo Form","floor":41},{"not_picked":["Rupture+1"],"picked":"SKIP","floor":45},{"not_picked":["Hologram+1"],"picked":"SKIP","floor":46},{"not_picked":["Ghostly Armor"],"picked":"SKIP","floor":48}],"player_experience":107939,"relics_obtained":[{"floor":9,"key":"Bag of Preparation"},{"floor":11,"key":"Ornamental Fan"},{"floor":13,"key":"Letter Opener"},{"floor":24,"key":"Girya"},{"floor":26,"key":"Bottled Lightning"},{"floor":27,"key":"Thread and Needle"},{"floor":29,"key":"Incense Burner"},{"floor":41,"key":"PreservedInsect"},{"floor":43,"key":"Smiling Mask"}],"event_choices":[{"damage_healed":0,"gold_gain":0,"player_choice":"Donut","damage_taken":0,"max_hp_gain":5,"max_hp_loss":0,"event_name":"Big Fish","floor":2,"gold_loss":0},{"damage_healed":0,"gold_gain":0,"player_choice":"Forge","damage_taken":0,"max_hp_gain":0,"max_hp_loss":0,"event_name":"Accursed Blacksmith","floor":4,"gold_loss":0,"cards_upgraded":["Chill"]},{"damage_healed":0,"gold_gain":0,"player_choice":"1 cards matched","damage_taken":0,"max_hp_gain":0,"max_hp_loss":0,"event_name":"Match and Keep!","floor":19,"gold_loss":0,"cards_obtained":["Reaper"]},{"damage_healed":0,"gold_gain":0,"player_choice":"Stopped","damage_taken":9,"max_hp_gain":0,"max_hp_loss":0,"event_name":"Cursed Tome","floor":21,"gold_loss":0},{"damage_healed":0,"gold_gain":0,"player_choice":"Opened","damage_taken":0,"relics_obtained":["Orichalcum"],"max_hp_gain":0,"max_hp_loss":0,"event_name":"The Mausoleum","floor":28,"gold_loss":0},{"cards_removed":["Reaper"],"damage_healed":0,"gold_gain":0,"player_choice":"Removed Attack","damage_taken":0,"max_hp_gain":0,"max_hp_loss":0,"event_name":"Falling","floor":36,"gold_loss":0},{"damage_healed":0,"gold_gain":0,"player_choice":"Memory 1","damage_taken":0,"max_hp_gain":0,"max_hp_loss":0,"event_name":"SensoryStone","floor":38,"gold_loss":0}],"is_beta":false,"boss_relics":[{"not_picked":["Runic Pyramid","Coffee Dripper"],"picked":"FrozenCore"},{"not_picked":["Black Star","Velvet Choker"],"picked":"Busted Crown"}],"items_purged_floors":[],"is_endless":false,"potions_floor_spawned":[1,7,8,12,18,29,33,37,41,48],"ascension_level":0}}