{"host":"xjj3c712op3vq4z0","time":1613254145,"event":{"mods":["BaseMod","Challenge The Spire","Curses Come First","Highlight Path","Minty Spire (QoL Compilation)","Permanent Neow","Quick Restart","Relic Stats","StSLib","Weighted Paths"],"gold_per_floor":[79,79,111,142,173,173,173,173,208,240,272,272,45,45,71,101,145,183],"floor_reached":19,"language":"ENG","playtime":925,"items_purged":["Strike_G"],"score":598,"play_id":"8cf48a8e-d845-4e03-9dbd-f2eaddd957a8","local_time":"20210213230905","daily_mods":["challengethespire:Gold Difficulty","challengethespire:Modded Elite Rush","Uncertain Future"],"is_ascension_mode":true,"campfire_choices":[{"data":"Footwork","floor":2,"key":"SMITH"},{"data":"Blade Dance","floor":7,"key":"SMITH"},{"data":"Well Laid Plans","floor":8,"key":"SMITH"},{"floor":14,"key":"REST"}],"circlet_count":0,"master_deck":["AscendersBane","Strike_G","Strike_G","Strike_G","Strike_G","Defend_G+1","Defend_G","Defend_G","Defend_G","Defend_G","Survivor","Neutralize","Footwork+1","Blade Dance+1","Blur","Terror","Noxious Fumes","Well Laid Plans+1","Corpse Explosion","Blade Dance+1","Backflip","Infinite Blades","Expertise","Accuracy","Catalyst"],"relics":["Ring of the Snake","Black Star","Sling","PreservedInsect","ClockworkSouvenir","Nunchaku","Bronze Scales","Pear","Turnip","Strawberry","Blood Vial","Ornamental Fan","Bag of Marbles","Cursed Key","Anchor","HornCleat","Lizard Tail","Meat on the Bone","Mercury Hourglass","Smiling Mask","WristBlade","War Paint","StoneCalendar","Centennial Puzzle","MawBank","Mango","Blue Candle","Oddly Smooth Stone","FossilizedHelix","Snake Skull"],"acts_visited":["Exordium"],"potions_floor_usage":[4,18],"damage_taken":[{"damage":7,"enemies":"Gremlin Nob","floor":3,"turns":3},{"damage":0,"enemies":"3 Sentries","floor":4,"turns":5},{"damage":0,"enemies":"Lagavulin","floor":5,"turns":7},{"damage":30,"enemies":"Gremlin Leader","floor":9,"turns":7},{"damage":11,"enemies":"Slavers","floor":10,"turns":3},{"damage":1,"enemies":"Book of Stabbing","floor":11,"turns":4},{"damage":2,"enemies":"Nemesis","floor":15,"turns":5},{"damage":5,"enemies":"Giant Head","floor":16,"turns":6},{"damage":10,"enemies":"Reptomancer","floor":17,"turns":4},{"damage":16,"enemies":"Shield and Spear","floor":18,"turns":3}],"seed_played":"-1615045952610715876","potions_obtained":[{"floor":3,"key":"LiquidMemories"},{"floor":4,"key":"EssenceOfSteel"},{"floor":10,"key":"Energy Potion"},{"floor":17,"key":"CultistPotion"},{"floor":18,"key":"Block Potion"}],"is_trial":true,"path_per_floor":["$","R","E","E","E","T","R","R","E","E","E","T","$","R","E","E","E","E",null],"character_chosen":"THE_SILENT","items_purchased":["Footwork","Blade Dance","Blur","ClockworkSouvenir","Nunchaku","Bronze Scales","Infinite Blades","War Paint"],"campfire_rested":1,"item_purchase_floors":[1,1,1,1,1,1,13,13],"current_hp_per_floor":[59,59,62,69,71,71,71,71,43,34,47,47,47,71,71,82,74,60],"gold":195,"neow_bonus":"","is_daily":false,"chose_seed":false,"campfire_upgraded":3,"win_rate":0.0,"timestamp":1613254145,"path_taken":["$","R","E","E","E","T","R","R","E","E","E","T","$","R","E","E","E","E"],"items_purchased_type":["Card","Card","Card","Relic","Relic","Relic","Card","Relic"],"build_version":"2020-12-22","purchased_purges":1,"victory":true,"max_hp_per_floor":[66,66,76,83,83,83,83,83,83,83,83,83,83,83,83,97,97,97],"relic_stats":{"counters":[10,47],"Blue Candle":[0],"StoneCalendar":[0],"PreservedInsect":539,"Snake Skull":[0],"War Paint":["Defend_G","Blade Dance"],"Cursed Key":0,"Smiling Mask":0,"MawBank":36,"Mercury Hourglass":[56],"Blood Vial":16,"Nunchaku":[12],"Lizard Tail":0,"Centennial Puzzle":[9],"Ornamental Fan":[68],"Bronze Scales":[123],"Turnip":[0],"Black Star":10,"obtain_stats":[{"StoneCalendar":15,"Mango":16,"Snake Skull":18,"Sling":0,"Cursed Key":6,"Smiling Mask":11,"ClockworkSouvenir":1,"Blood Vial":4,"Nunchaku":1,"Lizard Tail":10,"Centennial Puzzle":15,"HornCleat":9,"WristBlade":12,"Strawberry":4,"Ring of the Snake":0,"Pear":3,"Blue Candle":17,"Oddly Smooth Stone":17,"PreservedInsect":0,"War Paint":13,"MawBank":16,"Mercury Hourglass":11,"Anchor":9,"Ornamental Fan":5,"Bronze Scales":1,"Turnip":3,"Black Star":0,"Bag of Marbles":5,"FossilizedHelix":18,"Meat on the Bone":10},{"StoneCalendar":7,"Mango":8,"Snake Skull":10,"Sling":0,"Cursed Key":3,"Smiling Mask":6,"ClockworkSouvenir":0,"Blood Vial":2,"Nunchaku":0,"Lizard Tail":5,"Centennial Puzzle":7,"HornCleat":4,"WristBlade":6,"Strawberry":2,"Ring of the Snake":0,"Pear":1,"Blue Candle":9,"Oddly Smooth Stone":9,"PreservedInsect":0,"War Paint":6,"MawBank":8,"Mercury Hourglass":6,"Anchor":4,"Ornamental Fan":3,"Bronze Scales":0,"Turnip":1,"Black Star":0,"Bag of Marbles":3,"FossilizedHelix":10,"Meat on the Bone":5},{"StoneCalendar":34,"Mango":40,"Snake Skull":47,"Sling":0,"Cursed Key":15,"Smiling Mask":29,"ClockworkSouvenir":0,"Blood Vial":8,"Nunchaku":0,"Lizard Tail":25,"Centennial Puzzle":34,"HornCleat":22,"WristBlade":29,"Strawberry":8,"Ring of the Snake":0,"Pear":3,"Blue Candle":44,"Oddly Smooth Stone":44,"PreservedInsect":0,"War Paint":29,"MawBank":40,"Mercury Hourglass":29,"Anchor":22,"Ornamental Fan":15,"Bronze Scales":0,"Turnip":3,"Black Star":0,"Bag of Marbles":15,"FossilizedHelix":47,"Meat on the Bone":25}],"Ring of the Snake":[20],"Meat on the Bone":12},"card_choices":[],"player_experience":645760,"relics_obtained":[{"floor":3,"key":"Pear"},{"floor":3,"key":"Turnip"},{"floor":4,"key":"Strawberry"},{"floor":4,"key":"Blood Vial"},{"floor":5,"key":"Ornamental Fan"},{"floor":5,"key":"Bag of Marbles"},{"floor":9,"key":"Anchor"},{"floor":9,"key":"HornCleat"},{"floor":10,"key":"Lizard Tail"},{"floor":10,"key":"Meat on the Bone"},{"floor":11,"key":"Mercury Hourglass"},{"floor":11,"key":"Smiling Mask"},{"floor":15,"key":"StoneCalendar"},{"floor":15,"key":"Centennial Puzzle"},{"floor":16,"key":"MawBank"},{"floor":16,"key":"Mango"},{"floor":17,"key":"Blue Candle"},{"floor":17,"key":"Oddly Smooth Stone"},{"floor":18,"key":"FossilizedHelix"},{"floor":18,"key":"Snake Skull"}],"event_choices":[],"is_beta":false,"boss_relics":[{"not_picked":["Pandora\u0027s Box","Runic Dome"],"picked":"Cursed Key"},{"not_picked":["Velvet Choker","Coffee Dripper"],"picked":"WristBlade"}],"items_purged_floors":[1],"is_endless":false,"potions_floor_spawned":[3,4,10,17,18],"ascension_level":15}}