{"host":"b0qfvoq9kq72bu69","time":1613192601,"event":{"mods":["BaseMod","Better Third Choice","Colored Map","Colored Powertips","DeckTracker","Ekko","Hermit","Jorbs\u0027s Wanderer Trilogy","Marisa????????","Minty Spire (QoL Compilation)","Potionbrewer","StSLib","The Cursed","The Disciple","The Gatherer","The Hierophant","The Mystic","The Runesmith","TheBandit"],"gold_per_floor":[118,132,132,56,56,87,104,104,155,174,187,16,16,32,32,135,135,148,159,159,159,174,174,190,217,264,298,298,298,298],"floor_reached":29,"language":"ENG","playtime":1935,"items_purged":[],"score":270,"play_id":"4815a153-0e60-4b70-9d1c-a005568430b2","local_time":"20210212220321","is_ascension_mode":false,"campfire_choices":[{"data":"ekkoTheBoyWhoShatteredTime:AfterimageTease","floor":8,"key":"SMITH"},{"data":"ekkoTheBoyWhoShatteredTime:WaitForKeyTiming","floor":13,"key":"SMITH"},{"data":"ekkoTheBoyWhoShatteredTime:Powered","floor":15,"key":"SMITH"},{"data":"ekkoTheBoyWhoShatteredTime:TimeMaster","floor":23,"key":"SMITH"},{"data":"ekkoTheBoyWhoShatteredTime:ProjectPreference","floor":28,"key":"SMITH"}],"circlet_count":0,"master_deck":["ekkoTheBoyWhoShatteredTime:Strike","ekkoTheBoyWhoShatteredTime:Strike","ekkoTheBoyWhoShatteredTime:Strike","ekkoTheBoyWhoShatteredTime:Strike","ekkoTheBoyWhoShatteredTime:Defend","ekkoTheBoyWhoShatteredTime:Defend+1","ekkoTheBoyWhoShatteredTime:Defend","ekkoTheBoyWhoShatteredTime:Defend","ekkoTheBoyWhoShatteredTime:TimeMaster+1","ekkoTheBoyWhoShatteredTime:Powered+1","ekkoTheBoyWhoShatteredTime:Knowledge+1","ekkoTheBoyWhoShatteredTime:WideSlice+1","ekkoTheBoyWhoShatteredTime:AfterimageDualStroke","ekkoTheBoyWhoShatteredTime:PlayTheBeat","ekkoTheBoyWhoShatteredTime:AfterimageTease+1","ekkoTheBoyWhoShatteredTime:WaitForKeyTiming+1","ekkoTheBoyWhoShatteredTime:HextechProtobelt","Flash of Steel","ekkoTheBoyWhoShatteredTime:WideSlice","ekkoTheBoyWhoShatteredTime:ProjectPreference+1","ekkoTheBoyWhoShatteredTime:CalmingWaves","ekkoTheBoyWhoShatteredTime:CommittedStrike","ekkoTheBoyWhoShatteredTime:Timewinder+1","ekkoTheBoyWhoShatteredTime:DelayedWork"],"relics":["ekkoTheBoyWhoShatteredTime:zDriveTrueDamage","NeowsBlessing","War Paint","Bronze Scales","potionbrewer:MortarAndPestle","Anchor","Red Mask"],"acts_visited":["Exordium","TheCity"],"potions_floor_usage":[],"damage_taken":[{"damage":0,"enemies":"2 Louse","floor":1,"turns":1},{"damage":0,"enemies":"Cultist","floor":2,"turns":1},{"damage":0,"enemies":"Gremlin Nob","floor":6,"turns":1},{"damage":0,"enemies":"Jaw Worm","floor":7,"turns":5},{"damage":7,"enemies":"3 Louse","floor":10,"turns":2},{"damage":0,"enemies":"Looter","floor":11,"turns":3},{"damage":2,"enemies":"Blue Slaver","floor":14,"turns":3},{"damage":25,"enemies":"Slime Boss","floor":16,"turns":7},{"damage":20,"enemies":"2 Thieves","floor":18,"turns":2},{"damage":0,"enemies":"Chosen","floor":19,"turns":4},{"damage":0,"enemies":"Centurion and Healer","floor":22,"turns":3},{"damage":20,"enemies":"Snake Plant","floor":24,"turns":4},{"damage":31,"enemies":"Slavers","floor":25,"turns":4},{"damage":0,"enemies":"Masked Bandits","floor":27,"turns":2},{"damage":13,"enemies":"Colosseum Slavers","floor":29,"turns":3},{"damage":20,"enemies":"Colosseum Nobs","floor":29,"turns":2}],"seed_played":"-4085284056508157920","potions_obtained":[{"floor":1,"key":"SpeedPotion"},{"floor":7,"key":"Swift Potion"},{"floor":10,"key":"ekkoTheBoyWhoShatteredTime:BottledSheen"},{"floor":25,"key":"Energy Potion"},{"floor":27,"key":"GamblersBrew"}],"is_trial":false,"path_per_floor":["M","M","?","$","?","E","M","R","T","M","M","$","R","M","R","B",null,"M","M","?","$","M","R","M","E","T","?","R","?"],"character_chosen":"EKKO_THE_BOY_WHO_SHATTERED_TIME","items_purchased":["ekkoTheBoyWhoShatteredTime:AfterimageDualStroke","ekkoTheBoyWhoShatteredTime:HextechProtobelt","Flash of Steel"],"campfire_rested":0,"item_purchase_floors":[4,12,12],"current_hp_per_floor":[78,78,71,71,71,71,71,71,71,64,64,64,64,62,62,37,78,58,58,58,58,58,58,38,12,12,17,17,0,0],"gold":298,"neow_bonus":"THREE_ENEMY_KILL","is_daily":false,"chose_seed":false,"campfire_upgraded":5,"win_rate":0.0,"timestamp":1613192601,"path_taken":["M","M","?","$","?","E","?","R","T","M","M","$","R","M","R","BOSS","M","?","?","$","M","R","M","E","T","?","R","?"],"items_purchased_type":["Card","Card","Card"],"build_version":"2020-12-22","purchased_purges":0,"victory":false,"max_hp_per_floor":[78,78,78,78,78,78,78,78,78,78,78,78,78,78,78,78,78,78,78,78,78,78,78,78,78,78,78,78,78,78],"card_choices":[{"not_picked":["ekkoTheBoyWhoShatteredTime:LoadUp","ekkoTheBoyWhoShatteredTime:ItemsAfterimage"],"picked":"ekkoTheBoyWhoShatteredTime:Knowledge","floor":1},{"not_picked":["ekkoTheBoyWhoShatteredTime:MicCheck","ekkoTheBoyWhoShatteredTime:Leap"],"picked":"ekkoTheBoyWhoShatteredTime:WideSlice","floor":2},{"not_picked":["ekkoTheBoyWhoShatteredTime:TimeRecall","ekkoTheBoyWhoShatteredTime:SpHit"],"picked":"ekkoTheBoyWhoShatteredTime:PlayTheBeat","floor":6},{"not_picked":["ekkoTheBoyWhoShatteredTime:DodgeTraining","ekkoTheBoyWhoShatteredTime:AfterimageHit"],"picked":"ekkoTheBoyWhoShatteredTime:AfterimageTease","floor":7},{"not_picked":["ekkoTheBoyWhoShatteredTime:AfterimageHit","ekkoTheBoyWhoShatteredTime:IcebornGauntlet","ekkoTheBoyWhoShatteredTime:Acceleration"],"picked":"SKIP","floor":10},{"not_picked":["ekkoTheBoyWhoShatteredTime:Overflow","ekkoTheBoyWhoShatteredTime:Resocharge"],"picked":"ekkoTheBoyWhoShatteredTime:WaitForKeyTiming","floor":11},{"not_picked":["ekkoTheBoyWhoShatteredTime:Vibin","ekkoTheBoyWhoShatteredTime:Leap"],"picked":"ekkoTheBoyWhoShatteredTime:WideSlice","floor":14},{"not_picked":["ekkoTheBoyWhoShatteredTime:GrandeFinale","ekkoTheBoyWhoShatteredTime:URF"],"picked":"ekkoTheBoyWhoShatteredTime:ProjectPreference","floor":16},{"not_picked":["ekkoTheBoyWhoShatteredTime:AfterimageHit","ekkoTheBoyWhoShatteredTime:QuickBreak"],"picked":"ekkoTheBoyWhoShatteredTime:CalmingWaves","floor":18},{"not_picked":["ekkoTheBoyWhoShatteredTime:BansheesVeil","ekkoTheBoyWhoShatteredTime:MotivateCrowds"],"picked":"ekkoTheBoyWhoShatteredTime:CommittedStrike","floor":19},{"not_picked":["ekkoTheBoyWhoShatteredTime:AfterimageTease+1","ekkoTheBoyWhoShatteredTime:AfterimageDualStroke"],"picked":"ekkoTheBoyWhoShatteredTime:Timewinder+1","floor":22},{"not_picked":["ekkoTheBoyWhoShatteredTime:Resocharge","ekkoTheBoyWhoShatteredTime:QuickBreak+1"],"picked":"ekkoTheBoyWhoShatteredTime:DelayedWork","floor":24},{"not_picked":["ekkoTheBoyWhoShatteredTime:DefensiveStance","ekkoTheBoyWhoShatteredTime:SneakHit","ekkoTheBoyWhoShatteredTime:Playful"],"picked":"SKIP","floor":25}],"player_experience":5897,"relics_obtained":[{"floor":6,"key":"War Paint"},{"floor":9,"key":"Bronze Scales"},{"floor":25,"key":"potionbrewer:MortarAndPestle"},{"floor":26,"key":"Anchor"},{"floor":27,"key":"Red Mask"}],"event_choices":[{"cards_removed":["ekkoTheBoyWhoShatteredTime:Strike"],"damage_healed":0,"gold_gain":0,"player_choice":"Card Removal","damage_taken":7,"max_hp_gain":0,"max_hp_loss":0,"event_name":"Golden Wing","floor":3,"gold_loss":0},{"damage_healed":0,"gold_gain":0,"player_choice":"Upgraded","damage_taken":0,"max_hp_gain":0,"max_hp_loss":0,"event_name":"Upgrade Shrine","floor":5,"gold_loss":0,"cards_upgraded":["ekkoTheBoyWhoShatteredTime:WideSlice"]},{"damage_healed":0,"gold_gain":0,"player_choice":"Ignored","damage_taken":0,"max_hp_gain":0,"max_hp_loss":0,"event_name":"Ghosts","floor":20,"gold_loss":0},{"damage_healed":0,"gold_gain":0,"player_choice":"Fought Bandits","damage_taken":0,"max_hp_gain":0,"max_hp_loss":0,"event_name":"Masked Bandits","floor":27,"gold_loss":0},{"damage_healed":0,"gold_gain":0,"player_choice":"Fight","damage_taken":0,"max_hp_gain":0,"max_hp_loss":0,"event_name":"Colosseum","floor":29,"gold_loss":0},{"damage_healed":0,"gold_gain":0,"player_choice":"Fought Nobs","damage_taken":0,"max_hp_gain":0,"max_hp_loss":0,"event_name":"Colosseum","floor":29,"gold_loss":0}],"is_beta":false,"boss_relics":[{"not_picked":["SlaversCollar","Velvet Choker"],"picked":"ekkoTheBoyWhoShatteredTime:zDriveTrueDamage"}],"items_purged_floors":[],"is_endless":false,"potions_floor_spawned":[1,7,10,16,24,25,27,29],"killed_by":"Colosseum Nobs","ascension_level":0}}