{"host":"l2dnabsh5e0fsksb","time":1613221890,"event":{"mods":["2.2 Compatiblity","BaseMod","Downfall","Minty Spire (QoL Compilation)","Quick Restart","StSLib"],"gold_per_floor":[116,116,191,206,206,206,241,258,258,272,272,288,321,337,337,435,435,454,369,6,6,26,61,61,391,391,401,416,439,439,449,449,551,551,571,571,586,612,612,646,646,661,685,127,159,176,195,213,213,213,213,213],"floor_reached":50,"language":"ENG","playtime":1963,"items_purged":["hexamod:Defend"],"score":805,"play_id":"0ab572a1-c635-4b62-b559-72b0640310f4","local_time":"20210213234130","is_ascension_mode":true,"campfire_choices":[{"floor":6.0,"key":"RECALL"},{"data":"hexamod:ThermalTransfer","floor":11.0,"key":"SMITH"},{"data":"hexamod:HexaLevel","floor":15.0,"key":"SMITH"},{"floor":24.0,"key":"REST"},{"floor":32,"key":"REST"},{"floor":41,"key":"REST"},{"data":"hexamod:HexaLevel","floor":49,"key":"SMITH"}],"circlet_count":0,"master_deck":["hexamod:Strike+1","hexamod:Strike+1","hexamod:Strike+1","hexamod:Defend+1","hexamod:Defend+1","hexamod:Defend+1","hexamod:Sear","hexamod:Float","hexamod:Incineration+1","hexamod:FlamesFromBeyond","hexamod:GhostLash","hexamod:FirstSeal","hexamod:ThermalTransfer+1","hexamod:ShieldOfDarkness","hexamod:HexaLevel+1","hexamod:SoulSteal","hexamod:VolcanoVisage","hexamod:GhostLash+1","hexamod:Firestarter","hexamod:FlamesFromBeyond+1","hexamod:GiftsFromTheDead","hexamod:SwordOfDarkness","hexamod:GhostflameBarrier+1","hexamod:ThermalTransfer+1","hexamod:TurnItUp+1","hexamod:ShieldOfDarkness+1","hexamod:SpectersWail","hexamod:FlamesFromBeyond+1","hexamod:SoulSteal+1","hexamod:HexaLevel+1","hexamod:Hexaguard+1","hexamod:ShieldOfDarkness+1","hexamod:GhostLash","hexamod:GhostOfSpireFuture","hexamod:EmpoweredFlame","hexamod:GhostOfSpirePresent","hexamod:Firestarter+1"],"relics":["hexamod:SpiritBrand","NeowsBlessing","Turnip","PreservedInsect","bronze:MakeshiftBattery","bronze:DecasWashers","TungstenRod","MealTicket","Old Coin","Toxic Egg 2","Regal Pillow","Anchor","expansioncontent:StudyCardRelic","Bag of Preparation","champ:DeflectingBracers","Mercury Hourglass","hexamod:MatchstickCase","Lantern","Bottled Lightning","Orrery","InkBottle"],"acts_visited":["Exordium","TheCity","TheBeyond"],"potions_floor_usage":[27,27,27,28,33,42,46,47],"damage_taken":[{"damage":0.0,"enemies":"2 Louse","floor":1.0,"turns":1.0},{"damage":0.0,"enemies":"Jaw Worm","floor":4.0,"turns":1.0},{"damage":0.0,"enemies":"Gremlin Nob","floor":7.0,"turns":1.0},{"damage":0.0,"enemies":"Cultist","floor":8.0,"turns":3.0},{"damage":10.0,"enemies":"Large Slime","floor":10.0,"turns":4.0},{"damage":3.0,"enemies":"Blue Slaver","floor":12.0,"turns":3.0},{"damage":8.0,"enemies":"3 Sentries","floor":13.0,"turns":6.0},{"damage":6.0,"enemies":"Looter","floor":14.0,"turns":2.0},{"damage":38.0,"enemies":"The Guardian","floor":16.0,"turns":11.0},{"damage":24.0,"enemies":"2 Thieves","floor":18.0,"turns":3.0},{"damage":0.0,"enemies":"Shell Parasite","floor":22.0,"turns":4.0},{"damage":15.0,"enemies":"Slavers","floor":23.0,"turns":3.0},{"damage":24.0,"enemies":"Book of Stabbing","floor":25.0,"turns":4.0},{"damage":0,"enemies":"Cultist and Chosen","floor":27,"turns":3},{"damage":0,"enemies":"Snake Plant","floor":28,"turns":3},{"damage":20,"enemies":"Shelled Parasite and Fungi","floor":31,"turns":4},{"damage":38,"enemies":"Automaton","floor":33,"turns":8},{"damage":0,"enemies":"3 Shapes","floor":35,"turns":3},{"damage":13,"enemies":"3 Darklings","floor":37,"turns":4},{"damage":22,"enemies":"Nemesis","floor":40,"turns":7},{"damage":0,"enemies":"Sphere and 2 Shapes","floor":42,"turns":4},{"damage":0,"enemies":"Reptomancer","floor":45,"turns":3},{"damage":4,"enemies":"Transient","floor":46,"turns":5},{"damage":19,"enemies":"Jaw Worm Horde","floor":47,"turns":3},{"damage":0,"enemies":"Sphere and 2 Shapes","floor":48,"turns":3},{"damage":63,"enemies":"Time Eater","floor":50,"turns":10}],"seed_played":"-55007829260405425","potions_obtained":[{"floor":1.0,"key":"FearPotion"},{"floor":7.0,"key":"hexamod:SoulburnPotion"},{"floor":16.0,"key":"bronze:BurnAndBuffPotion"},{"floor":23.0,"key":"BlessingOfTheForge"},{"floor":27,"key":"LiquidMemories"},{"floor":28,"key":"hexamod:DoubleChargePotion"},{"floor":40,"key":"AttackPotion"},{"floor":45,"key":"Explosive Potion"},{"floor":46,"key":"ColorlessPotion"}],"is_trial":false,"path_per_floor":["M","?","?","M","?","R","E","M","T","M","R","M","E","M","R","B",null,"M","?","$","?","M","E","R","E","T","M","M","T","T","M","R","B",null,"M","?","M","T","?","E","R","M","T","$","E","M","M","M","R","B"],"character_chosen":"THE_SPIRIT","items_purchased":["TungstenRod","Lantern","Bottled Lightning","Orrery"],"campfire_rested":3,"item_purchase_floors":[20,44,44,44],"current_hp_per_floor":[70,70,59,59,59,59,59,59,59,56,56,60,59,53,53,15,56,39,39,39,39,46,38,59,42,42,42,49,49,49,36,70,32,61,68,66,53,53,53,38,66,66,66,66,66,66,54,61,61,0,0,0],"gold":213,"neow_bonus":"THREE_ENEMY_KILL","is_daily":false,"chose_seed":false,"campfire_upgraded":3,"win_rate":0.0,"timestamp":1613221890,"path_taken":["M","?","?","M","?","R","E","M","T","M","R","M","E","?","R","BOSS","M","?","$","?","M","E","R","E","T","M","M","?","?","M","R","BOSS","M","?","M","?","?","E","R","?","T","$","E","M","M","M","R","BOSS"],"items_purchased_type":["Relic","Relic","Relic","Relic"],"build_version":"2020-12-22","purchased_purges":1,"victory":false,"max_hp_per_floor":[70,70,70,70,70,70,70,70,70,70,70,70,70,70,70,70,70,70,70,70,70,70,70,70,70,70,70,70,70,70,70,70,70,70,70,66,66,66,66,66,66,66,66,66,66,66,66,66,66,66,66,66],"card_choices":[{"not_picked":["hexamod:HeatShield","hexamod:HeatMetal"],"picked":"hexamod:Incineration","floor":1.0},{"not_picked":["hexamod:GhostShield","hexamod:Hexaguard"],"picked":"hexamod:FlamesFromBeyond","floor":4.0},{"not_picked":["hexamod:DynamicBlow","hexamod:ThirdSeal"],"picked":"hexamod:GhostLash","floor":7.0},{"not_picked":["hexamod:Rewind","hexamod:EtherealExpedition"],"picked":"hexamod:FirstSeal","floor":8.0},{"not_picked":["hexamod:GhostflameBarrier","hexamod:Again"],"picked":"hexamod:ThermalTransfer","floor":10.0},{"not_picked":["hexamod:SuperheatedStrike","hexamod:FastForward"],"picked":"hexamod:ShieldOfDarkness","floor":12.0},{"not_picked":["hexamod:Hexaguard","hexamod:HeatMetal"],"picked":"hexamod:HexaLevel","floor":13.0},{"not_picked":["hexamod:Haunt","hexamod:Rewind"],"picked":"hexamod:SoulSteal","floor":14.0},{"not_picked":["hexamod:ApocalypticArmor","hexamod:SixthSeal"],"picked":"hexamod:VolcanoVisage","floor":16.0},{"not_picked":["hexamod:HauntingEcho+1","hexamod:BurningTouch"],"picked":"hexamod:GhostLash+1","floor":18.0},{"not_picked":["hexamod:NightmareStrike","hexamod:HauntingEcho"],"picked":"hexamod:Firestarter","floor":22.0},{"not_picked":["hexamod:NecessarySacrifice","hexamod:HeatMetal"],"picked":"hexamod:FlamesFromBeyond+1","floor":23.0},{"not_picked":["hexamod:Hexaguard","hexamod:SoulSteal+1"],"picked":"hexamod:GiftsFromTheDead","floor":25.0},{"not_picked":["hexamod:FastForward+1","hexamod:HauntingEcho"],"picked":"hexamod:SwordOfDarkness","floor":27},{"not_picked":["hexamod:GhostOfSpirePast","hexamod:Haunt+1"],"picked":"hexamod:GhostflameBarrier+1","floor":28},{"not_picked":["hexamod:ShieldOfDarkness+1","hexamod:SkipABeat+1"],"picked":"hexamod:ThermalTransfer+1","floor":31},{"not_picked":["hexamod:SixthSeal","hexamod:FifthSeal"],"picked":"hexamod:TurnItUp+1","floor":33},{"not_picked":["hexamod:FourthSeal","hexamod:GhostLash+1"],"picked":"hexamod:ShieldOfDarkness+1","floor":35},{"not_picked":["hexamod:NightmareStrike+1","hexamod:BacktrackSmack"],"picked":"hexamod:SpectersWail","floor":37},{"not_picked":["hexamod:SuperheatedStrike","hexamod:ThermalTransfer+1"],"picked":"hexamod:FlamesFromBeyond+1","floor":40},{"not_picked":["hexamod:Again+1","hexamod:PhantomFireball","hexamod:SuperheatedStrike+1"],"picked":"SKIP","floor":42},{"not_picked":["hexamod:NightmareStrike","hexamod:BacktrackSmack"],"picked":"hexamod:SoulSteal+1","floor":44},{"not_picked":["hexamod:GhostOfSpirePast","hexamod:SpectersWail"],"picked":"hexamod:HexaLevel","floor":44},{"not_picked":["hexamod:HeatShield+1","hexamod:RainOfEmbers+1"],"picked":"hexamod:Hexaguard+1","floor":44},{"not_picked":["hexamod:BurningTouch+1","hexamod:GhostLash"],"picked":"hexamod:ShieldOfDarkness+1","floor":44},{"not_picked":["hexamod:UnleashSpirits","hexamod:NightmareGuise+1"],"picked":"hexamod:GhostLash","floor":44},{"not_picked":["hexamod:HeatMetal","hexamod:ShieldOfDarkness+1"],"picked":"hexamod:GhostOfSpireFuture","floor":45},{"not_picked":["hexamod:GhostShield+1","hexamod:ThermalTransfer+1"],"picked":"hexamod:EmpoweredFlame","floor":46},{"not_picked":["hexamod:Haunt+1","hexamod:BurningTouch+1"],"picked":"hexamod:GhostOfSpirePresent","floor":47},{"not_picked":["hexamod:HauntingEcho","hexamod:ChargedBarrage+1"],"picked":"hexamod:Firestarter+1","floor":48}],"player_experience":1930572,"relics_obtained":[{"floor":7.0,"key":"Turnip"},{"floor":13.0,"key":"PreservedInsect"},{"floor":23.0,"key":"MealTicket"},{"floor":25.0,"key":"Old Coin"},{"floor":26.0,"key":"Toxic Egg 2"},{"floor":29,"key":"Regal Pillow"},{"floor":30,"key":"Anchor"},{"floor":38,"key":"Bag of Preparation"},{"floor":39,"key":"champ:DeflectingBracers"},{"floor":40,"key":"Mercury Hourglass"},{"floor":43,"key":"hexamod:MatchstickCase"},{"floor":45,"key":"InkBottle"}],"event_choices":[{"damage_healed":0.0,"max_hp_gain":0.0,"max_hp_loss":0.0,"gold_gain":0.0,"event_name":"Living Wall","player_choice":"Grow","floor":2.0,"gold_loss":0.0,"damage_taken":0.0,"cards_upgraded":["hexamod:Incineration"]},{"damage_healed":0.0,"max_hp_gain":0.0,"max_hp_loss":0.0,"gold_gain":75.0,"event_name":"World of Goop","player_choice":"Gather Gold","floor":3.0,"gold_loss":0.0,"damage_taken":11.0},{"cards_removed":["hexamod:Strike"],"damage_healed":0.0,"max_hp_gain":0.0,"max_hp_loss":0.0,"gold_gain":0.0,"event_name":"Wheel of Change","player_choice":"Card Removal","floor":5.0,"gold_loss":0.0,"damage_taken":0.0},{"damage_healed":0.0,"max_hp_gain":0.0,"max_hp_loss":0.0,"gold_gain":0.0,"event_name":"Addict","player_choice":"Obtained Relic","floor":19.0,"gold_loss":85.0,"damage_taken":0.0,"relics_obtained":["bronze:DecasWashers"]},{"damage_healed":0,"gold_gain":0,"player_choice":"Max HP","damage_taken":0,"max_hp_gain":0,"max_hp_loss":4,"event_name":"Winding Halls","floor":36,"gold_loss":0},{"damage_healed":0,"gold_gain":0,"player_choice":"Relic","damage_taken":0,"max_hp_gain":0,"max_hp_loss":0,"event_name":"Wheel of Change","floor":39,"gold_loss":0}],"is_beta":false,"boss_relics":[{"not_picked":["Philosopher\u0027s Stone","Tiny House"],"picked":"bronze:MakeshiftBattery"},{"not_picked":["Calling Bell","Black Star"],"picked":"expansioncontent:StudyCardRelic"}],"items_purged_floors":[20],"is_endless":false,"potions_floor_spawned":[1,7,16,18,23,27,28,40,45,46],"killed_by":"Time Eater","ascension_level":5}}