{"host":"d9m9v0h6vo0edadb","time":1613234313,"event":{"mods":["BaseMod","Hermit","Keyboard Shortcuts","Minty Spire (QoL Compilation)","StSLib","SuperFastMode","The Cursed"],"gold_per_floor":[119,130,145,158,177,177,190,190,190,205,232,244,261,272,272,347,347,365,380,305,320,332,332,342,361,407,439,456,456,490,502,502,577,577,595,607,454,468,482,482,514,526,526,526,559,578,578,578],"floor_reached":47,"language":"KOR","playtime":970,"items_purged":["Strike_G","Strike_G"],"score":1136,"play_id":"409ff34c-5be1-4067-9f14-62b4432b47ef","local_time":"20210214013833","is_ascension_mode":true,"campfire_choices":[{"data":"Prepared","floor":6.0,"key":"SMITH"},{"data":"Blade Dance","floor":8.0,"key":"SMITH"},{"floor":15.0,"key":"REST"},{"floor":23.0,"key":"REST"},{"floor":29.0,"key":"REST"},{"data":"Cloak And Dagger","floor":32.0,"key":"SMITH"},{"floor":40.0,"key":"REST"},{"data":"After Image","floor":44,"key":"SMITH"}],"circlet_count":0,"master_deck":["AscendersBane","Strike_G","Strike_G","Strike_G","Defend_G","Defend_G","Defend_G","Defend_G","Defend_G","Survivor","Neutralize","Prepared+1","Blade Dance+1","Dagger Throw","Masterful Stab","Blade Dance","Accuracy","Acrobatics","After Image+1","Terror","Cloak And Dagger+1","Tactician","Cloak And Dagger","Acrobatics"],"relics":["Ring of the Snake","Happy Flower","Kunai","WristBlade","Strawberry","Shuriken","PreservedInsect","Cursed Key","Orichalcum","Centennial Puzzle"],"acts_visited":["Exordium","TheCity","TheBeyond"],"potions_floor_usage":[46],"damage_taken":[{"damage":1.0,"enemies":"Cultist","floor":1.0,"turns":4.0},{"damage":1.0,"enemies":"Small Slimes","floor":2.0,"turns":6.0},{"damage":1.0,"enemies":"Jaw Worm","floor":3.0,"turns":3.0},{"damage":16.0,"enemies":"Lots of Slimes","floor":4.0,"turns":4.0},{"damage":0.0,"enemies":"Looter","floor":5.0,"turns":3.0},{"damage":0.0,"enemies":"Blue Slaver","floor":7.0,"turns":4.0},{"damage":1.0,"enemies":"3 Louse","floor":10.0,"turns":3.0},{"damage":10.0,"enemies":"Lagavulin","floor":11.0,"turns":4.0},{"damage":10.0,"enemies":"Gremlin Gang","floor":12.0,"turns":5.0},{"damage":0.0,"enemies":"Looter","floor":13.0,"turns":3.0},{"damage":5.0,"enemies":"3 Louse","floor":14.0,"turns":4.0},{"damage":26.0,"enemies":"Slime Boss","floor":16.0,"turns":9.0},{"damage":0.0,"enemies":"3 Byrds","floor":18.0,"turns":4.0},{"damage":0.0,"enemies":"Chosen","floor":19.0,"turns":2.0},{"damage":19.0,"enemies":"Shelled Parasite and Fungi","floor":21.0,"turns":4.0},{"damage":25.0,"enemies":"Cultist and Chosen","floor":22.0,"turns":6.0},{"damage":15.0,"enemies":"Centurion and Healer","floor":24.0,"turns":5.0},{"damage":6.0,"enemies":"3 Cultists","floor":25.0,"turns":3.0},{"damage":0.0,"enemies":"Gremlin Leader","floor":27.0,"turns":3.0},{"damage":0.0,"enemies":"Snecko","floor":28.0,"turns":3.0},{"damage":13.0,"enemies":"Slavers","floor":30.0,"turns":4.0},{"damage":2.0,"enemies":"Centurion and Healer","floor":31.0,"turns":4.0},{"damage":20.0,"enemies":"Champ","floor":33.0,"turns":8.0},{"damage":3.0,"enemies":"3 Shapes","floor":35.0,"turns":4.0},{"damage":0.0,"enemies":"Orb Walker","floor":36.0,"turns":1.0},{"damage":0.0,"enemies":"Transient","floor":38.0,"turns":6.0},{"damage":19.0,"enemies":"Writhing Mass","floor":39.0,"turns":6.0},{"damage":7.0,"enemies":"Giant Head","floor":41.0,"turns":4.0},{"damage":11.0,"enemies":"3 Darklings","floor":42.0,"turns":4.0},{"damage":35,"enemies":"Nemesis","floor":45,"turns":5},{"damage":0,"enemies":"4 Shapes","floor":46,"turns":9},{"damage":10,"enemies":"Jaw Worm Horde","floor":47,"turns":1}],"seed_played":"-7763282764695796338","potions_obtained":[{"floor":3.0,"key":"Swift Potion"},{"floor":5.0,"key":"SkillPotion"},{"floor":7.0,"key":"GhostInAJar"},{"floor":11.0,"key":"SkillPotion"},{"floor":16.0,"key":"SkillPotion"},{"floor":18.0,"key":"Regen Potion"},{"floor":27.0,"key":"Poison Potion"},{"floor":28.0,"key":"Weak Potion"},{"floor":36.0,"key":"PowerPotion"},{"floor":41.0,"key":"Fire Potion"},{"floor":42.0,"key":"SkillPotion"},{"floor":45,"key":"DistilledChaos"},{"floor":46,"key":"EntropicBrew"}],"is_trial":false,"path_per_floor":["M","M","M","M","M","R","M","R","T","M","E","M","M","M","R","B",null,"M","M","$","M","M","R","M","M","T","E","M","R","E","M","R","B",null,"M","M","$","M","M","R","E","M","T","R","E","M","M"],"character_chosen":"THE_SILENT","items_purchased":["Acrobatics"],"campfire_rested":4,"item_purchase_floors":[37],"current_hp_per_floor":[58,57,56,40,40,40,40,40,40,39,29,19,19,14,33,7,51,51,51,51,32,7,26,25,19,26,26,26,47,34,32,32,12,58,55,55,55,55,36,57,50,39,39,39,4,4,0,0],"gold":578,"neow_bonus":"RANDOM_COMMON_RELIC","is_daily":false,"chose_seed":false,"campfire_upgraded":4,"win_rate":0.0,"timestamp":1613234313,"path_taken":["M","M","M","M","M","R","M","R","T","M","E","M","M","M","R","BOSS","M","M","$","M","M","R","M","M","T","E","M","R","E","M","R","BOSS","M","M","$","M","?","R","E","M","T","R","E","M","M"],"items_purchased_type":["Card"],"build_version":"2020-12-22","purchased_purges":2,"victory":false,"max_hp_per_floor":[66,66,66,66,66,66,66,66,66,66,66,66,66,66,66,66,66,66,66,66,66,66,66,66,66,73,73,73,73,73,73,73,73,73,73,73,73,73,73,73,73,73,73,73,73,73,73,73],"card_choices":[{"not_picked":["Endless Agony","PiercingWail"],"picked":"Prepared","floor":1.0},{"not_picked":["All Out Attack","PiercingWail"],"picked":"Blade Dance","floor":2.0},{"not_picked":["Dodge and Roll","Concentrate"],"picked":"Dagger Throw","floor":3.0},{"not_picked":["Dagger Throw","Expertise","Dash"],"picked":"SKIP","floor":4.0},{"not_picked":["Heel Hook","Underhanded Strike","Choke"],"picked":"SKIP","floor":5.0},{"not_picked":["Deflect","Outmaneuver","Deadly Poison"],"picked":"SKIP","floor":7.0},{"not_picked":["Bane","Caltrops"],"picked":"Masterful Stab","floor":10.0},{"not_picked":["Setup","Noxious Fumes","Predator"],"picked":"SKIP","floor":11.0},{"not_picked":["Bane","Sucker Punch"],"picked":"Blade Dance","floor":12.0},{"not_picked":["Unload","Dodge and Roll"],"picked":"Accuracy","floor":13.0},{"not_picked":["Blur","Escape Plan"],"picked":"Acrobatics","floor":14.0},{"not_picked":["Wraith Form v2","Malaise"],"picked":"After Image","floor":16.0},{"not_picked":["Deflect","Flying Knee","Heel Hook+1"],"picked":"SKIP","floor":18.0},{"not_picked":["Riddle With Holes","Outmaneuver+1"],"picked":"Terror","floor":19.0},{"not_picked":["Outmaneuver","Bane","Dodge and Roll"],"picked":"SKIP","floor":21.0},{"not_picked":["Slice+1","Quick Slash","Underhanded Strike"],"picked":"SKIP","floor":22.0},{"not_picked":["Deadly Poison","Flying Knee","Setup"],"picked":"SKIP","floor":24.0},{"not_picked":["Grand Finale","Acrobatics","Dash"],"picked":"SKIP","floor":25.0},{"not_picked":["Choke","Blade Dance","Outmaneuver"],"picked":"SKIP","floor":27.0},{"not_picked":["PiercingWail+1","All Out Attack","Slice"],"picked":"SKIP","floor":28.0},{"not_picked":["Sucker Punch","Crippling Poison","Endless Agony"],"picked":"SKIP","floor":30.0},{"not_picked":["Escape Plan","Deflect"],"picked":"Cloak And Dagger","floor":31.0},{"not_picked":["Bouncing Flask","Infinite Blades+1"],"picked":"Tactician","floor":35.0},{"not_picked":["Dagger Spray","Flying Knee"],"picked":"Cloak And Dagger","floor":36.0},{"not_picked":["Quick Slash","Accuracy","Dodge and Roll"],"picked":"SKIP","floor":38.0},{"not_picked":["Dagger Throw","Dodge and Roll","Quick Slash"],"picked":"SKIP","floor":39.0},{"not_picked":["Blade Dance","Quick Slash","PiercingWail"],"picked":"SKIP","floor":41.0},{"not_picked":["Blade Dance","Flying Knee+1","Backflip+1"],"picked":"SKIP","floor":42.0},{"not_picked":["Infinite Blades","Prepared","Bouncing Flask"],"picked":"SKIP","floor":45},{"not_picked":["Slice","Deflect","Setup"],"picked":"SKIP","floor":46}],"player_experience":1014790,"relics_obtained":[{"floor":11.0,"key":"Kunai"},{"floor":26.0,"key":"Strawberry"},{"floor":27.0,"key":"Shuriken"},{"floor":30.0,"key":"PreservedInsect"},{"floor":41.0,"key":"Orichalcum"},{"floor":45,"key":"Centennial Puzzle"}],"event_choices":[],"is_beta":false,"boss_relics":[{"not_picked":["Philosopher\u0027s Stone","Black Star"],"picked":"WristBlade"},{"not_picked":["Snecko Eye","Velvet Choker"],"picked":"Cursed Key"}],"items_purged_floors":[20,37],"is_endless":false,"potions_floor_spawned":[3,5,7,10,11,16,18,27,28,30,31,36,41,42,45,46],"killed_by":"Jaw Worm Horde","ascension_level":20}}