{"host":"h2g8ky7y1n1j4svm","time":1613234452,"event":{"mods":["AchievementEnabler","BaseMod","Bestiary","Block Reminder","Colored Map","Highlight Path","Minty Spire (QoL Compilation)","Quick Restart","Relic Stats","SuperFastMode"],"gold_per_floor":[117,128,145,145,165,165,178,195,195,209,209,225,238,248,248,353,353,363,375,325,342,342,342],"floor_reached":22,"language":"ENG","playtime":3315,"items_purged":[],"score":186,"play_id":"44ae0d4f-f288-47c7-b58e-78d5aa2776ea","local_time":"20210213174052","is_ascension_mode":false,"campfire_choices":[{"data":"Bash","floor":6.0,"key":"SMITH"},{"data":"True Grit","floor":11.0,"key":"SMITH"},{"data":"Whirlwind","floor":15.0,"key":"SMITH"}],"circlet_count":0,"master_deck":["Strike_R","Strike_R","Strike_R","Strike_R","Defend_R","Defend_R","Defend_R","Defend_R","Bash+1","Flex","Heavy Blade","Warcry","True Grit+1","Shrug It Off","Pommel Strike","Whirlwind+1","Seeing Red","Feed","Pommel Strike+1","Heavy Blade+1"],"relics":["Burning Blood"],"acts_visited":["Exordium","TheCity"],"potions_floor_usage":[19,22,22],"damage_taken":[{"damage":4.0,"enemies":"Small Slimes","floor":1.0,"turns":4.0},{"damage":6.0,"enemies":"Cultist","floor":2.0,"turns":3.0},{"damage":3.0,"enemies":"Jaw Worm","floor":3.0,"turns":4.0},{"damage":0.0,"enemies":"3 Louse","floor":5.0,"turns":4.0},{"damage":0.0,"enemies":"Large Slime","floor":7.0,"turns":5.0},{"damage":2.0,"enemies":"Blue Slaver","floor":8.0,"turns":3.0},{"damage":4.0,"enemies":"Red Slaver","floor":10.0,"turns":5.0},{"damage":0.0,"enemies":"3 Louse","floor":12.0,"turns":3.0},{"damage":4.0,"enemies":"Lots of Slimes","floor":13.0,"turns":8.0},{"damage":0.0,"enemies":"Large Slime","floor":14.0,"turns":3.0},{"damage":49.0,"enemies":"The Guardian","floor":16.0,"turns":16.0},{"damage":34,"enemies":"2 Thieves","floor":18,"turns":5},{"damage":17,"enemies":"Chosen","floor":19,"turns":6},{"damage":11,"enemies":"Centurion and Healer","floor":21,"turns":6},{"damage":71,"enemies":"3 Cultists","floor":22,"turns":6}],"seed_played":"-4149612361002205976","potions_obtained":[{"floor":5.0,"key":"FearPotion"},{"floor":7.0,"key":"BloodPotion"},{"floor":8.0,"key":"SteroidPotion"},{"floor":18,"key":"SteroidPotion"},{"floor":19,"key":"GamblersBrew"},{"floor":21,"key":"BloodPotion"}],"is_trial":false,"path_per_floor":["M","M","M","?","M","R","M","M","T","M","R","M","M","M","R","B",null,"M","M","?","M","M"],"character_chosen":"IRONCLAD","items_purchased":[],"campfire_rested":0,"item_purchase_floors":[],"current_hp_per_floor":[80,80,80,80,80,80,80,80,80,80,80,80,80,80,80,37,80,52,41,41,36,0,0],"gold":342,"neow_bonus":"REMOVE_CARD","is_daily":false,"chose_seed":false,"campfire_upgraded":3,"win_rate":0.0,"timestamp":1613234452,"path_taken":["M","M","M","?","M","R","M","M","T","M","R","M","M","M","R","BOSS","M","M","?","M","M"],"items_purchased_type":[],"build_version":"2020-12-22","purchased_purges":0,"victory":false,"max_hp_per_floor":[80,80,80,80,80,80,80,80,80,80,80,80,80,80,80,80,80,80,80,80,80,83,83],"relic_stats":{"counters":[15,81],"obtain_stats":[{"Burning Blood":0},{"Burning Blood":0},{"Burning Blood":0}],"Burning Blood":47},"card_choices":[{"not_picked":["Thunderclap","Havoc"],"picked":"Flex","floor":1.0},{"not_picked":["Wild Strike","Thunderclap"],"picked":"Heavy Blade","floor":2.0},{"not_picked":["Pommel Strike","Rage"],"picked":"Warcry","floor":3.0},{"not_picked":["Body Slam","Rupture"],"picked":"True Grit","floor":5.0},{"not_picked":["Body Slam","Rage"],"picked":"Shrug It Off","floor":7.0},{"not_picked":["Searing Blow","Burning Pact"],"picked":"Pommel Strike","floor":8.0},{"not_picked":["Immolate","Wild Strike","Perfected Strike"],"picked":"SKIP","floor":10.0},{"not_picked":["Havoc","Combust","Sentinel"],"picked":"SKIP","floor":12.0},{"not_picked":["Body Slam","Sword Boomerang"],"picked":"Whirlwind","floor":13.0},{"not_picked":["Double Tap","Combust"],"picked":"Seeing Red","floor":14.0},{"not_picked":["Immolate","Corruption"],"picked":"Feed","floor":16.0},{"not_picked":["Fire Breathing+1","Rupture+1","Sever Soul+1"],"picked":"SKIP","floor":18},{"not_picked":["Fire Breathing+1","Rupture+1","Sever Soul+1"],"picked":"SKIP","floor":18},{"not_picked":["Shockwave","True Grit+1"],"picked":"Pommel Strike+1","floor":19},{"not_picked":["Shockwave","Entrench"],"picked":"Heavy Blade+1","floor":21}],"player_experience":979237,"relics_obtained":[],"event_choices":[{"damage_healed":0.0,"max_hp_gain":0.0,"max_hp_loss":0.0,"gold_gain":0.0,"event_name":"NoteForYourself","player_choice":"Ignored","floor":4.0,"gold_loss":0.0,"damage_taken":0.0},{"damage_healed":0,"gold_gain":0,"player_choice":"Bet on Murderer","damage_taken":0,"max_hp_gain":0,"max_hp_loss":0,"event_name":"The Joust","floor":20,"gold_loss":50}],"is_beta":false,"boss_relics":[{"not_picked":["Runic Cube","Runic Dome","Tiny House"]}],"items_purged_floors":[],"is_endless":false,"potions_floor_spawned":[5,7,8,13,18,19,21],"killed_by":"3 Cultists","ascension_level":0}}