{"host":"61s3c1o1s4fng5dr","time":1613181307,"event":{"mods":["AchievementEnabler","Alarm Clock","AlwaysNeverKeys","BaseMod","Bestiary","Block Reminder","Colored Map","Googly Eyes","Highlight Path","Minty Spire (QoL Compilation)","Permanent Neow","Quick Restart","Random Character Button","Spire Birthday Party"],"gold_per_floor":[111,111,125,125,72,72,107,107,184,213,213,250,260,295,295,407,457,483,472,481,481,521,563,563,591,638,649,687,687,764,764,764],"floor_reached":31,"language":"ENG","playtime":2413,"items_purged":[],"score":384,"play_id":"30ed553b-8418-4ad8-a6e6-dba1b43b140e","local_time":"20210212205507","is_ascension_mode":true,"campfire_choices":[{"data":"Impervious","floor":6.0,"key":"SMITH"},{"floor":8.0,"key":"REST"},{"floor":11.0,"key":"REST"},{"data":"Shockwave","floor":15.0,"key":"SMITH"},{"floor":24.0,"key":"REST"},{"floor":29.0,"key":"REST"}],"circlet_count":0,"master_deck":["Strike_R","Strike_R","Strike_R","Strike_R","Defend_R","Defend_R+1","Defend_R","Defend_R","Bash","Impervious","Shrug It Off","Impervious+1","Iron Wave","Body Slam","Thunderclap+1","Shockwave+1","Barricade","Entrench","Writhe","Evolve","Body Slam+1","Thunderclap+1"],"relics":["Burning Blood","Mango","Champion Belt","Molten Egg 2","CeramicFish","Question Card","White Beast Statue","Tiny House","Peace Pipe","Red Mask","Dream Catcher","Darkstone Periapt","Pen Nib","Bottled Lightning","Meat on the Bone"],"acts_visited":["Exordium","TheCity"],"potions_floor_usage":[31],"damage_taken":[{"damage":2.0,"enemies":"Cultist","floor":1.0,"turns":5.0},{"damage":0.0,"enemies":"Small Slimes","floor":3.0,"turns":4.0},{"damage":44.0,"enemies":"3 Sentries","floor":7.0,"turns":15.0},{"damage":19.0,"enemies":"Gremlin Nob","floor":10.0,"turns":5.0},{"damage":21.0,"enemies":"Lagavulin","floor":12.0,"turns":7.0},{"damage":0.0,"enemies":"2 Louse","floor":13.0,"turns":3.0},{"damage":26.0,"enemies":"3 Sentries","floor":14.0,"turns":13.0},{"damage":22.0,"enemies":"The Guardian","floor":16.0,"turns":14.0},{"damage":19.0,"enemies":"Shell Parasite","floor":18.0,"turns":6.0},{"damage":20.0,"enemies":"2 Thieves","floor":19.0,"turns":4.0},{"damage":34.0,"enemies":"Masked Bandits","floor":22.0,"turns":9.0},{"damage":3.0,"enemies":"Gremlin Leader","floor":23.0,"turns":10.0},{"damage":47.0,"enemies":"Slavers","floor":25.0,"turns":9.0},{"damage":6.0,"enemies":"Cultist and Chosen","floor":27.0,"turns":5.0},{"damage":23.0,"enemies":"Gremlin Leader","floor":28.0,"turns":10.0},{"damage":39,"enemies":"Slavers","floor":31,"turns":4}],"seed_played":"7255539624721297476","potions_obtained":[{"floor":7.0,"key":"ColorlessPotion"},{"floor":12.0,"key":"DistilledChaos"},{"floor":13.0,"key":"Weak Potion"},{"floor":16.0,"key":"Strength Potion"},{"floor":17.0,"key":"ColorlessPotion"},{"floor":18.0,"key":"DuplicationPotion"},{"floor":19.0,"key":"Explosive Potion"},{"floor":22.0,"key":"LiquidMemories"},{"floor":23.0,"key":"DistilledChaos"},{"floor":25.0,"key":"Energy Potion"},{"floor":27.0,"key":"BloodPotion"},{"floor":28.0,"key":"BlessingOfTheForge"}],"is_trial":false,"path_per_floor":["M","T","M","?","$","R","E","R","T","E","R","E","M","E","R","B",null,"M","M","?","?","?","E","R","E","T","M","E","R","T","E"],"character_chosen":"IRONCLAD","items_purchased":["Iron Wave"],"campfire_rested":4,"item_purchase_floors":[5],"current_hp_per_floor":[72,86,86,86,86,86,48,73,73,60,85,70,76,56,56,40,91,78,64,64,46,18,21,49,8,8,8,10,38,38,0,0],"gold":764,"neow_bonus":"THREE_RARE_CARDS","is_daily":false,"chose_seed":false,"campfire_upgraded":2,"win_rate":0.0,"timestamp":1613181307,"path_taken":["M","?","M","?","$","R","E","R","T","E","R","E","M","E","R","BOSS","M","M","?","?","?","E","R","E","T","M","E","R","?","E"],"items_purchased_type":["Card"],"build_version":"2020-12-22","purchased_purges":0,"victory":false,"max_hp_per_floor":[72,86,86,86,86,86,86,86,86,86,86,86,86,86,86,86,91,91,91,91,96,96,96,96,96,96,96,96,96,96,96,96],"card_choices":[{"not_picked":["Demon Form","Juggernaut"],"picked":"Impervious","floor":0.0},{"not_picked":["Clothesline","Shockwave"],"picked":"Shrug It Off","floor":1.0},{"not_picked":["Havoc","Wild Strike","Hemokinesis"],"picked":"SKIP","floor":3.0},{"not_picked":["Combust","Anger"],"picked":"Body Slam","floor":7.0},{"not_picked":["Wild Strike+1","Exhume","Inflame"],"picked":"SKIP","floor":10.0},{"not_picked":["Seeing Red","Headbutt+1"],"picked":"Thunderclap+1","floor":12.0},{"not_picked":["True Grit","Reckless Charge+1","Pommel Strike+1","Wild Strike+1"],"picked":"SKIP","floor":13.0},{"not_picked":["Armaments","Rampage+1","Intimidate"],"picked":"Shockwave","floor":14.0},{"not_picked":["Demon Form","Offering","Brutality"],"picked":"Barricade","floor":16.0},{"not_picked":["Iron Wave+1","Shrug It Off+1","Anger+1"],"picked":"Entrench","floor":18.0},{"not_picked":["Intimidate","Pommel Strike+1","Perfected Strike+1","Headbutt+1"],"picked":"SKIP","floor":19.0},{"not_picked":["Warcry","Disarm","Sever Soul+1"],"picked":"Evolve","floor":22.0},{"not_picked":["Flex","Warcry","Rage"],"picked":"Body Slam+1","floor":23.0},{"not_picked":["Infernal Blade","Shrug It Off","Thunderclap+1","Hemokinesis+1"],"picked":"SKIP","floor":25.0},{"not_picked":["Sentinel","Flex","Clothesline+1","Headbutt+1"],"picked":"SKIP","floor":27.0},{"not_picked":["Immolate+1","Shrug It Off","Uppercut+1"],"picked":"Thunderclap+1","floor":28.0}],"player_experience":441001,"relics_obtained":[{"floor":2.0,"key":"Mango"},{"floor":7.0,"key":"Champion Belt"},{"floor":9.0,"key":"Molten Egg 2"},{"floor":10.0,"key":"CeramicFish"},{"floor":12.0,"key":"Question Card"},{"floor":14.0,"key":"White Beast Statue"},{"floor":22.0,"key":"Red Mask"},{"floor":23.0,"key":"Dream Catcher"},{"floor":25.0,"key":"Darkstone Periapt"},{"floor":26.0,"key":"Pen Nib"},{"floor":28.0,"key":"Bottled Lightning"},{"floor":30.0,"key":"Meat on the Bone"}],"event_choices":[{"damage_healed":0.0,"max_hp_gain":0.0,"max_hp_loss":0.0,"gold_gain":0.0,"cards_transformed":["Strike_R"],"event_name":"Living Wall","player_choice":"Change","floor":4.0,"gold_loss":0.0,"damage_taken":0.0,"cards_obtained":["Impervious"]},{"damage_healed":0.0,"max_hp_gain":0.0,"max_hp_loss":0.0,"gold_gain":0.0,"event_name":"The Mausoleum","player_choice":"Opened","floor":20.0,"gold_loss":0.0,"damage_taken":0.0,"relics_obtained":["Peace Pipe"],"cards_obtained":["Writhe"]},{"damage_healed":0.0,"max_hp_gain":5.0,"max_hp_loss":0.0,"gold_gain":0.0,"event_name":"Forgotten Altar","player_choice":"Shed Blood","floor":21.0,"gold_loss":0.0,"damage_taken":23.0},{"damage_healed":0.0,"max_hp_gain":0.0,"max_hp_loss":0.0,"gold_gain":0.0,"event_name":"Masked Bandits","player_choice":"Fought Bandits","floor":22.0,"gold_loss":0.0,"damage_taken":0.0}],"is_beta":false,"boss_relics":[{"not_picked":["Pandora\u0027s Box","Runic Dome"],"picked":"Tiny House"}],"items_purged_floors":[],"is_endless":false,"potions_floor_spawned":[7,12,13,16,18,19,22,23,25,27,28],"killed_by":"Slavers","ascension_level":1}}