{"host":"m4pe905ae9bldoe7","time":1613232505,"event":{"mods":["BaseMod","Bestiary","Block Reminder","Downfall","Minty Spire (QoL Compilation)","StSLib"],"gold_per_floor":[114,114,129,129,129,140,140,140,140],"floor_reached":8,"language":"ENG","playtime":133,"items_purged":[],"score":85,"play_id":"0cdd3890-1cfe-4c49-b5b3-66dba7b2a374","local_time":"20210213170825","is_ascension_mode":true,"campfire_choices":[{"data":"Limit Break","floor":7,"key":"SMITH"}],"circlet_count":0,"master_deck":["AscendersBane","Strike_R","Strike_R","Strike_R","Strike_R+1","Defend_R","Defend_R+1","Defend_R","Defend_R","Bash","Iron Wave","Shrug It Off","Limit Break+1"],"relics":["Burning Blood","Nunchaku"],"acts_visited":["Exordium"],"potions_floor_usage":[8],"damage_taken":[{"damage":19,"enemies":"Jaw Worm","floor":1,"turns":3},{"damage":4,"enemies":"2 Louse","floor":3,"turns":3},{"damage":10,"enemies":"Small Slimes","floor":6,"turns":3},{"damage":27,"enemies":"Gremlin Nob","floor":8,"turns":4}],"seed_played":"5616333517255287806","potions_obtained":[{"floor":6,"key":"DuplicationPotion"}],"is_trial":false,"path_per_floor":["M","?","M","?","?","M","R","E"],"character_chosen":"IRONCLAD","items_purchased":[],"campfire_rested":0,"item_purchase_floors":[],"current_hp_per_floor":[55,60,62,38,31,27,27,0,0],"gold":140,"neow_bonus":"RANDOM_COMMON_RELIC","is_daily":false,"chose_seed":false,"campfire_upgraded":1,"win_rate":0.0,"timestamp":1613232505,"path_taken":["M","?","M","?","?","M","R","E"],"items_purchased_type":[],"build_version":"2020-12-22","purchased_purges":0,"victory":false,"max_hp_per_floor":[75,80,80,80,80,80,80,80,80],"card_choices":[{"not_picked":["Warcry","Anger"],"picked":"Iron Wave","floor":1},{"not_picked":["Flex","Pommel Strike"],"picked":"Shrug It Off","floor":3},{"not_picked":["Disarm","Sword Boomerang"],"picked":"Limit Break","floor":6}],"player_experience":582884,"relics_obtained":[],"event_choices":[{"damage_healed":0,"gold_gain":0,"player_choice":"Donut","damage_taken":0,"max_hp_gain":5,"max_hp_loss":0,"event_name":"Big Fish","floor":2,"gold_loss":0},{"damage_healed":0,"gold_gain":0,"player_choice":"Entered Light","damage_taken":24,"max_hp_gain":0,"max_hp_loss":0,"event_name":"Shining Light","floor":4,"gold_loss":0,"cards_upgraded":["Strike_R","Defend_R"]},{"cards_removed":["Strike_R"],"damage_healed":0,"gold_gain":0,"player_choice":"Card Removal","damage_taken":7,"max_hp_gain":0,"max_hp_loss":0,"event_name":"Golden Wing","floor":5,"gold_loss":0}],"is_beta":false,"boss_relics":[],"items_purged_floors":[],"is_endless":false,"potions_floor_spawned":[6],"killed_by":"Gremlin Nob","ascension_level":17}}