{"host":"b3acx0fd85ri4t7i","time":1613193906,"event":{"mods":["Act Like it!","Ascension Reborn","BaseMod","Colored Map","Colored Powertips","Conspire","Minty Spire (QoL Compilation)","Quick Restart","Relic Stats","Remilia（蕾米莉亚）","Replay The Spire","RumiaBox-露米娅的神秘盒子","SOS（斯巴达之子）","Shop Mod","Spicy Shops","StSLib","TestMod","The Hierophant","[IsaacMod]以撒尖塔","【功能Mod】混沌之环修复补丁","【功能Mod】聪明的最终Boss","篝火指南"],"gold_per_floor":[113,132,143,154,154,145,157,142,142,159,177,211,215,215,143,143,143],"floor_reached":16,"language":"ZHS","playtime":841,"items_purged":[],"score":191,"play_id":"294d45d6-a948-4291-ab3e-90b6abe62969","local_time":"20210213132506","daily_mods":["Specialized","Vintage","ControlledChaos","Allstar","Heirloom"],"is_ascension_mode":true,"campfire_choices":[],"circlet_count":0,"master_deck":["Strike_RM","Strike_RM","Strike_RM","Defend_RM","Defend_RM","Defend_RM","Defend_RM","RedMoon","ScarletShoot","BloodyBrimstone","MiserableFate","MiserableFate","MiserableFate","MiserableFate","MiserableFate","testmod-PowerStrike","Poisoned Strike","Panache","testmod-Superconductor","Replay:Parry","Replay:Parry+1","VampireFantasy","ScarletDream","BloodyCatastrophe"],"relics":["ScarletHat","Frozen Eye","HushsDoor","testmod-TestBox","Leech","testmod-GoldenSoul","testmod-ConstraintPeriapt","MealTicket","AddBug","SecretRecord","Baka2","SecretRecord"],"acts_visited":["Exordium"],"potions_floor_usage":[7,12],"damage_taken":[{"damage":0,"enemies":"Small Slimes","floor":1,"turns":3},{"damage":3,"enemies":"2 Louse","floor":2,"turns":2},{"damage":0,"enemies":"Cultist","floor":3,"turns":4},{"damage":0,"enemies":"2 Fungi Beasts","floor":4,"turns":4},{"damage":17,"enemies":"Gremlin Nob","floor":6,"turns":7},{"damage":0,"enemies":"Red Slaver","floor":7,"turns":2},{"damage":0,"enemies":"3 Louse","floor":10,"turns":1},{"damage":3,"enemies":"Blue Slaver","floor":11,"turns":3},{"damage":16,"enemies":"Lagavulin","floor":12,"turns":6},{"damage":0,"enemies":"Exordium Wildlife","floor":13,"turns":5},{"damage":0,"enemies":"Fading Forest","floor":16,"turns":1}],"seed_played":"-6032931969453187527","potions_obtained":[{"floor":1,"key":"SpeedPotion"},{"floor":6,"key":"Adrenaline Potion"},{"floor":7,"key":"EssenceOfSteel"}],"is_trial":true,"path_per_floor":["M","M","M","M","?","E","M","?","T","M","M","E","M","?","R","B"],"character_chosen":"REMILIA","items_purchased":["TheAbacus"],"campfire_rested":0,"item_purchase_floors":[15],"current_hp_per_floor":[18,15,18,18,18,3,9,9,9,9,12,2,14,7,7,7,7],"gold":143,"neow_bonus":"","is_daily":false,"chose_seed":false,"campfire_upgraded":0,"win_rate":0.0,"timestamp":1613193906,"path_taken":["M","M","M","M","?","E","M","?","T","M","M","E","?","?","R","BOSS"],"items_purchased_type":["Relic"],"build_version":"2020-12-22","purchased_purges":0,"victory":false,"max_hp_per_floor":[18,18,18,18,18,18,18,18,18,18,18,18,24,24,24,24,24],"relic_stats":{"counters":[11,38],"MealTicket":0,"obtain_stats":[{"KeepersGift":0,"testmod-TestBox":0,"testmod-GoldenSoul":0,"AddBug":1,"SecretRecord":1,"Baka":1,"testmod-ConstraintPeriapt":0,"ScarletHat":0,"Leech":0,"Frozen Eye":0,"Baka2":2,"MealTicket":1,"HushsDoor":0},{"KeepersGift":0,"testmod-TestBox":0,"testmod-GoldenSoul":0,"AddBug":1,"SecretRecord":1,"Baka":1,"testmod-ConstraintPeriapt":0,"ScarletHat":0,"Leech":0,"Frozen Eye":0,"Baka2":2,"MealTicket":1,"HushsDoor":0},{"KeepersGift":0,"testmod-TestBox":0,"testmod-GoldenSoul":0,"AddBug":3,"SecretRecord":3,"Baka":3,"testmod-ConstraintPeriapt":0,"ScarletHat":0,"Leech":0,"Frozen Eye":0,"Baka2":5,"MealTicket":3,"HushsDoor":0}]},"card_choices":[{"not_picked":[],"picked":"BloodyBrimstone","floor":0},{"not_picked":["DiffusionOfMisfortune","NightDance"],"picked":"VampireFantasy","floor":3},{"not_picked":["BombardNight","UnderTheZenith","NightDance"],"picked":"SKIP","floor":3},{"not_picked":["UnderTheZenith","ScarletDream","AfternoonTea"],"picked":"SKIP","floor":3},{"not_picked":["FavorOfDestiny","UnstableMagic"],"picked":"ScarletDream","floor":6},{"not_picked":["DiffusionOfMisfortune","StarOfDavid"],"picked":"BloodyCatastrophe","floor":12}],"player_experience":346808,"relics_obtained":[{"floor":1,"key":"MealTicket"},{"floor":1,"key":"Baka"},{"floor":1,"key":"AddBug"},{"floor":2,"key":"TypeBBloodRedTea"},{"floor":2,"key":"Baka2"},{"floor":3,"key":"Boot"},{"floor":4,"key":"MawBank"},{"floor":6,"key":"testmod-Acrobat"},{"floor":7,"key":"SatanicBible"},{"floor":9,"key":"testmod-Nyarlathotep"},{"floor":10,"key":"Simple Rune"},{"floor":11,"key":"Chaos"},{"floor":11,"key":"SecretRecord"},{"floor":12,"key":"ScarletHat"},{"floor":12,"key":"PunchingBag"},{"floor":13,"key":"BelialBook"}],"event_choices":[{"damage_healed":0,"gold_gain":0,"player_choice":"Ignored","damage_taken":0,"max_hp_gain":0,"max_hp_loss":0,"event_name":"Liars Game","floor":5,"gold_loss":0},{"cards_removed":["Strike_RM"],"damage_healed":0,"gold_gain":0,"player_choice":"Card Removal","damage_taken":7,"max_hp_gain":0,"max_hp_loss":0,"event_name":"Golden Wing","floor":14,"gold_loss":0}],"is_beta":false,"boss_relics":[],"items_purged_floors":[],"is_endless":true,"potions_floor_spawned":[1,6,7,11],"killed_by":"Fading Forest","ascension_level":0}}