{"host":"nd1mxfnoqvbitpwh","time":1613245437,"event":{"mods":["Aspiration","BaseMod","Colored Map","Colored Powertips","Conspire","Downfall","Highlight Path","Hubris","Infinite Spire","Marisa????????","Minty Spire (QoL Compilation)","Permanent Neow","Quick Restart","Remilia??????","Shop Mod","StSLib","SuperFastMode","The Animator","The Wild Card"],"gold_per_floor":[109,109,284,307,307,341,341,341,341],"floor_reached":8,"language":"ENG","playtime":294,"items_purged":[],"score":57,"play_id":"fbbe6519-b3a8-4d5d-bbaf-ce4d002247b5","local_time":"20210213144357","is_ascension_mode":true,"campfire_choices":[{"floor":7,"key":"REST"}],"circlet_count":0,"master_deck":["animator:Strike_MadokaMagica","animator:Defend_MadokaMagica+1","animator:Strike","animator:Strike+1","animator:Strike","animator:Defend","animator:Defend","animator:Defend","animator:IrohaTamaki","animator:YuiTsuruno","animator:Yuuichirou","animator:NagisaMomoe","animator:Jibril"],"relics":["animator:LivingPicture","animator:TheMissingPiece","Omamori","hubris:MobiusCoin"],"acts_visited":["Exordium"],"potions_floor_usage":[5],"damage_taken":[{"damage":16,"enemies":"Jaw Worm","floor":1,"turns":5},{"damage":2,"enemies":"Small Slimes","floor":4,"turns":3},{"damage":37,"enemies":"Gremlin Nob","floor":6,"turns":5},{"damage":31,"enemies":"Lagavulin","floor":8,"turns":5}],"seed_played":"7508930760303612331","potions_obtained":[{"floor":4,"key":"Fruit Juice"}],"is_trial":false,"path_per_floor":["M","?","?","M","?","E","R","E"],"character_chosen":"THE_ANIMATOR","items_purchased":[],"campfire_rested":1,"item_purchase_floors":[],"current_hp_per_floor":[50,37,37,35,47,10,31,0,0],"gold":341,"neow_bonus":"RANDOM_COMMON_RELIC","is_daily":false,"chose_seed":false,"campfire_upgraded":0,"win_rate":0.0,"timestamp":1613245437,"path_taken":["M","?","?","M","?","E","R","E"],"items_purchased_type":[],"build_version":"2020-12-22","purchased_purges":0,"victory":false,"max_hp_per_floor":[66,66,66,66,71,71,71,71,71],"card_choices":[{"not_picked":["animator:Lancer","animator:TukaLunaMarceau"],"picked":"animator:Yuuichirou","floor":1},{"not_picked":["animator:Yuuichirou","animator:TukaLunaMarceau"],"picked":"animator:NagisaMomoe","floor":4},{"not_picked":["animator:Mitsuba","animator:Raven"],"picked":"animator:Jibril","floor":6}],"player_experience":178852,"relics_obtained":[{"floor":6,"key":"hubris:MobiusCoin"}],"event_choices":[{"damage_healed":0,"gold_gain":0,"player_choice":"Entered Light","damage_taken":13,"max_hp_gain":0,"max_hp_loss":0,"event_name":"Shining Light","floor":2,"gold_loss":0,"cards_upgraded":["animator:Strike","animator:Defend_MadokaMagica"]},{"damage_healed":0,"gold_gain":175,"player_choice":"AGREE","damage_taken":0,"max_hp_gain":0,"max_hp_loss":0,"event_name":"Liars Game","floor":3,"gold_loss":0,"cards_obtained":["Doubt"]}],"is_beta":false,"boss_relics":[],"items_purged_floors":[],"is_endless":false,"potions_floor_spawned":[4],"killed_by":"Lagavulin","ascension_level":1}}