{"host":"08ib58efwyqa9h2x","time":1613258456,"event":{"mods":["BaseMod","Minty Spire (QoL Compilation)","Relic Stats"],"gold_per_floor":[113,124,124,124,143,173,173,173,173],"floor_reached":8,"language":"ENG","playtime":393,"items_purged":[],"score":112,"play_id":"fab1a592-4a44-4021-a8a0-a394edd5a90e","local_time":"20210214002056","is_ascension_mode":true,"campfire_choices":[{"data":"Whirlwind","floor":7,"key":"SMITH"}],"circlet_count":0,"master_deck":["AscendersBane","Strike_R","Strike_R","Strike_R","Strike_R","Strike_R","Defend_R","Defend_R","Defend_R","Defend_R","Bash","Whirlwind+1","Armaments","Shrug It Off","Rampage"],"relics":["SlaversCollar","Magic Flower"],"acts_visited":["Exordium"],"potions_floor_usage":[6],"damage_taken":[{"damage":14,"enemies":"Jaw Worm","floor":1,"turns":5},{"damage":18,"enemies":"Cultist","floor":2,"turns":5},{"damage":1,"enemies":"2 Louse","floor":5,"turns":3},{"damage":6,"enemies":"3 Sentries","floor":6,"turns":6},{"damage":61,"enemies":"Gremlin Nob","floor":8,"turns":4}],"seed_played":"-6782142853366696716","potions_obtained":[{"floor":5,"key":"Strength Potion"}],"is_trial":false,"path_per_floor":["M","M","?","?","M","E","R","E"],"character_chosen":"IRONCLAD","items_purchased":[],"campfire_rested":0,"item_purchase_floors":[],"current_hp_per_floor":[54,36,36,36,35,29,29,0,0],"gold":173,"neow_bonus":"BOSS_RELIC","is_daily":false,"chose_seed":false,"campfire_upgraded":1,"win_rate":0.0,"timestamp":1613258456,"path_taken":["M","M","?","?","M","E","R","E"],"items_purchased_type":[],"build_version":"2020-12-22","purchased_purges":0,"victory":false,"max_hp_per_floor":[75,75,75,75,75,75,75,75,75],"relic_stats":{"counters":[5,23],"Magic Flower":[0],"obtain_stats":[{"SlaversCollar":0,"Magic Flower":6,"Burning Blood":0},{"SlaversCollar":0,"Magic Flower":4,"Burning Blood":0},{"SlaversCollar":0,"Magic Flower":19,"Burning Blood":0}]},"card_choices":[{"not_picked":["Body Slam","Ghostly Armor"],"picked":"Whirlwind","floor":1},{"not_picked":["Infernal Blade","Intimidate"],"picked":"Armaments","floor":2},{"not_picked":["Sword Boomerang","Bloodletting"],"picked":"Shrug It Off","floor":5},{"not_picked":["Second Wind","Fire Breathing"],"picked":"Rampage","floor":6}],"player_experience":631195,"relics_obtained":[{"floor":6,"key":"Magic Flower"}],"event_choices":[{"damage_healed":0,"gold_gain":0,"player_choice":"Ignored","damage_taken":0,"max_hp_gain":0,"max_hp_loss":0,"event_name":"Shining Light","floor":3,"gold_loss":0},{"damage_healed":0,"gold_gain":0,"player_choice":"Ignored","damage_taken":0,"max_hp_gain":0,"max_hp_loss":0,"event_name":"Liars Game","floor":4,"gold_loss":0}],"is_beta":false,"boss_relics":[],"items_purged_floors":[],"is_endless":false,"potions_floor_spawned":[5],"killed_by":"Gremlin Nob","ascension_level":20}}