{"host":"s9znsjs818tlhh47","time":1613188904,"event":{"mods":["2.2 Compatiblity","ATMod(阿瑾Mod)","AchievementEnabler","BaseMod","Bestiary","Better Note","Better Skull","Better Third Choice","Better Vampires","Bossed Relics","Card Forge","Colored Powertips","Force Act Four","Minty Spire (QoL Compilation)","Permanent Neow","Quick Restart","RumiaBox-露米娅的神秘盒子","StSLib","【功能Mod】混沌之环修复补丁","【遗物卡牌】REMEMod","残留之物"],"gold_per_floor":[111,121,138,158,158,158,187,187,213,213,247,266,281,293,293,394,394,407,407,407,70,70,103,103,135,158,58,72,88,88,117,117,214,214,234,246,246,93,108,134,134,160,232,261,261,136,166,166,166,166,166,166,11,45,45],"floor_reached":56,"language":"ZHS","playtime":2428,"items_purged":["PlaceholderMod:PoisonWhip+1","PlaceholderMod:BaseDefend+1","Pain"],"score":2582,"play_id":"453c1dc3-4766-4717-a1f0-9f282cc0dd0b","local_time":"20210212230144","is_ascension_mode":true,"campfire_choices":[{"data":"REME_ACTH","floor":6.0,"key":"SMITH"},{"data":"AT_DivineConfetti","floor":8.0,"key":"SMITH"},{"floor":15.0,"key":"RECALL"},{"floor":32.0,"key":"REST"},{"data":"Purity","floor":41,"key":"SMITH"},{"data":"Finesse","floor":49,"key":"SMITH"},{"floor":52,"key":"REST"}],"circlet_count":0,"master_deck":["PlaceholderMod:BaseStrike+1","PlaceholderMod:BaseStrike+1","PlaceholderMod:BaseDefend+1","PlaceholderMod:BaseDefend+1","PlaceholderMod:Crystal+1","REME_ACTH+1","AT_DivineConfetti+1","PlaceholderMod:HardStrike+1","PlaceholderMod:Stable+1","PlaceholderMod:Colorful+1","PlaceholderMod:HardStrike+1","PlaceholderMod:HardStrike+1","PlaceholderMod:Corrosion+1","PlaceholderMod:CrystallizationStrike+1","PlaceholderMod:PericyclicReaction+1","PlaceholderMod:Hard+1","PlaceholderMod:EnergyAbsorb+1","PlaceholderMod:HighConcentration+1","PlaceholderMod:HornyCollision+1","Purity+1","Flash of Steel+1","PlaceholderMod:Crystallization+1","REME_FirmDetermination+1","Finesse+1","PlaceholderMod:PericyclicReaction+1","PlaceholderMod:SprayAttack+1"],"relics":["Hammer of Thor","Seething Fire","Anvil of the Gods","REME_ComplimentaryCards","AT_ATBox","SoulBox","Pen Nib","Ccalipers","Nunchaku","Molten Egg 2","REME_LowDesire","AT_ChloranthyRing","Lantern","AT_BellowingDragoncrestRing","Toy Ornithopter","Du-Vu Doll","AT_BellDemon","Frozen Egg 2","Bottled Tornado","Nilry\u0027s Codex","Blue Candle","Bottled Lightning","AT_Kusabimaru","Cursed Key","AT_RedTearstoneRing","Strawberry","PlaceholderMod:FlatBlood","MagicDraw3","PlanX","Calipers","MagicDraw4","Pocketwatch","PlaceholderMod:NyogSothep","Boot","Orichalcum","Darkstone Periapt","AT_EbonyIvory","PlaceholderMod:DeVermisMysteriis"],"acts_visited":["Exordium","TheCity","TheBeyond","TheEnding"],"potions_floor_usage":[],"damage_taken":[{"damage":2.0,"enemies":"Small Slimes","floor":1.0,"turns":3.0},{"damage":2.0,"enemies":"Jaw Worm","floor":2.0,"turns":4.0},{"damage":0.0,"enemies":"Cultist","floor":3.0,"turns":4.0},{"damage":0.0,"enemies":"3 Louse","floor":4.0,"turns":1.0},{"damage":0.0,"enemies":"3 Sentries","floor":7.0,"turns":5.0},{"damage":20.0,"enemies":"Gremlin Nob","floor":11.0,"turns":4.0},{"damage":0.0,"enemies":"Exordium Wildlife","floor":12.0,"turns":1.0},{"damage":0.0,"enemies":"Looter","floor":13.0,"turns":2.0},{"damage":0.0,"enemies":"Large Slime","floor":14.0,"turns":2.0},{"damage":0.0,"enemies":"Hexaghost","floor":16.0,"turns":5.0},{"damage":14.0,"enemies":"3 Byrds","floor":18.0,"turns":2.0},{"damage":0.0,"enemies":"Book of Stabbing","floor":23.0,"turns":3.0},{"damage":0.0,"enemies":"Slavers","floor":25.0,"turns":1.0},{"damage":0.0,"enemies":"Shell Parasite","floor":28.0,"turns":1.0},{"damage":0.0,"enemies":"Cultist and Chosen","floor":29.0,"turns":2.0},{"damage":4.0,"enemies":"Gremlin Leader","floor":31.0,"turns":2.0},{"damage":0,"enemies":"Automaton","floor":33,"turns":5},{"damage":0,"enemies":"3 Shapes","floor":35,"turns":1},{"damage":0,"enemies":"3 Darklings","floor":36,"turns":2},{"damage":0,"enemies":"Spire Growth","floor":39,"turns":1},{"damage":0,"enemies":"Giant Head","floor":40,"turns":2},{"damage":0,"enemies":"Nemesis","floor":42,"turns":1},{"damage":0,"enemies":"Giant Head","floor":44,"turns":2},{"damage":0,"enemies":"Nemesis","floor":47,"turns":3},{"damage":0,"enemies":"Awakened One","floor":50,"turns":4},{"damage":0,"enemies":"Shield and Spear","floor":54,"turns":1},{"damage":0,"enemies":"The Heart","floor":55,"turns":3}],"seed_played":"-5143863928444378631","potions_obtained":[{"floor":2.0,"key":"GamblersBrew"},{"floor":3.0,"key":"SteroidPotion"},{"floor":13.0,"key":"Swift Potion"},{"floor":14.0,"key":"FearPotion"},{"floor":25.0,"key":"LiquidBronze"},{"floor":33,"key":"PowerPotion"},{"floor":37,"key":"FairyPotion"},{"floor":37,"key":"Dexterity Potion"}],"is_trial":false,"path_per_floor":["M","M","M","M","?","R","E","R","T","?","E","M","M","M","R","B",null,"M","?","?","$","?","E","?","E","T","$","M","M","?","E","R","B",null,"M","M","?","$","M","E","R","E","T","E","?","$","E","?","R","B",null,"R","$","E","B",null],"character_chosen":"THE_PLACEHOLDER","items_purchased":["AT_BellowingDragoncrestRing","PlaceholderMod:FlatBlood","AT_EbonyIvory"],"campfire_rested":2,"item_purchase_floors":[21,38,53],"current_hp_per_floor":[76,74,74,74,74,74,74,74,74,74,54,54,54,54,54,54,78,64,64,64,64,64,64,64,69,69,69,69,69,53,54,77,77,78,78,85,85,85,85,85,85,85,85,85,75,75,82,82,82,85,85,85,85,85,85],"gold":45,"neow_bonus":"BOSS_RELIC","is_daily":false,"chose_seed":false,"campfire_upgraded":4,"win_rate":0.0,"timestamp":1613188904,"path_taken":["M","M","M","M","?","R","E","R","T","?","E","?","M","M","R","BOSS","M","?","?","?","?","E","?","E","T","$","M","?","?","E","R","BOSS","M","M","?","?","?","E","R","E","T","E","?","?","E","?","R","BOSS","R","$","E","BOSS"],"items_purchased_type":["Relic","Relic","Relic"],"build_version":"2020-12-22","purchased_purges":3,"victory":true,"max_hp_per_floor":[78,78,78,78,78,78,78,78,78,78,78,78,78,78,78,78,78,78,78,78,78,78,78,78,78,78,78,78,78,78,78,78,78,78,78,85,85,85,85,85,85,85,85,85,85,85,85,85,85,85,85,85,85,85,85],"card_choices":[{"not_picked":["PlaceholderMod:DissolvingSpikes","PlaceholderMod:ParasiteChange"],"picked":"PlaceholderMod:HardStrike","floor":1.0},{"not_picked":["PlaceholderMod:SpinBlade","PlaceholderMod:DissolvingSpikes"],"picked":"PlaceholderMod:Stable","floor":2.0},{"not_picked":["PlaceholderMod:SpinBlade","PlaceholderMod:FastReaction"],"picked":"PlaceholderMod:Colorful","floor":3.0},{"not_picked":["PlaceholderMod:AngryAttack","PlaceholderMod:ConsolidateHit","PlaceholderMod:OHStrongAttack"],"picked":"SKIP","floor":4.0},{"not_picked":["PlaceholderMod:SevereHeat","PlaceholderMod:Turn"],"picked":"PlaceholderMod:HardStrike","floor":7.0},{"not_picked":["PlaceholderMod:Stable","PlaceholderMod:CorePoison","PlaceholderMod:PoisonExcitation+1"],"picked":"SKIP","floor":11.0},{"not_picked":["PlaceholderMod:Stratification","PlaceholderMod:Sweep+1"],"picked":"PlaceholderMod:HardStrike+1","floor":12.0},{"not_picked":["PlaceholderMod:AngryAttack+1","PlaceholderMod:StrongAcid"],"picked":"PlaceholderMod:Corrosion","floor":13.0},{"not_picked":["PlaceholderMod:Internalization","PlaceholderMod:Polyp"],"picked":"PlaceholderMod:CrystallizationStrike+1","floor":14.0},{"not_picked":["PlaceholderMod:MultiReaction","PlaceholderMod:DoublePoint"],"picked":"PlaceholderMod:PericyclicReaction","floor":16.0},{"not_picked":["PlaceholderMod:PoisonAbsorb","PlaceholderMod:ProliferateStrike+1","Panacea"],"picked":"PlaceholderMod:Hard","floor":18.0},{"not_picked":["PlaceholderMod:FastReaction","PlaceholderMod:StrongAcid","PlaceholderMod:ParasiteChange","Bandage Up"],"picked":"SKIP","floor":23.0},{"not_picked":["PlaceholderMod:CorePoison","PlaceholderMod:PoisonExcitation+1","PlaceholderMod:PericyclicReaction","REME_TwoStrings"],"picked":"SKIP","floor":25.0},{"not_picked":["PlaceholderMod:ContinueSpray+1","PlaceholderMod:FastReaction","REME_MawOfCthun"],"picked":"PlaceholderMod:EnergyAbsorb+1","floor":28.0},{"not_picked":["PlaceholderMod:Polyp","PlaceholderMod:StrongAcid","AT_FamilyPortrait"],"picked":"PlaceholderMod:HighConcentration+1","floor":29.0},{"not_picked":["PlaceholderMod:ContinueSpray+1","PlaceholderMod:ConsolidateHit+1","PlaceholderMod:AttackAsDefend+1","Impatience+1"],"picked":"SKIP","floor":31.0},{"not_picked":["PlaceholderMod:DoublePoint","PlaceholderMod:DiffusionPoison+1","Jack Of All Trades"],"picked":"PlaceholderMod:HornyCollision+1","floor":33},{"not_picked":["PlaceholderMod:ContinueSpray+1","PlaceholderMod:Sweep+1","PlaceholderMod:HighConcentration+1"],"picked":"Purity","floor":35},{"not_picked":["PlaceholderMod:SevereHeat+1","PlaceholderMod:CrystallizationStrike+1","PlaceholderMod:Hard"],"picked":"Flash of Steel+1","floor":36},{"not_picked":["PlaceholderMod:SprayAttack+1","PlaceholderMod:PoisonExcitation+1","PlaceholderMod:NearChange+1","Jack Of All Trades+1"],"picked":"SKIP","floor":39},{"not_picked":["PlaceholderMod:DissolvingSpikes+1","PlaceholderMod:AttackAsDefend+1","PlaceholderMod:ChainPoly","AT_FalsePromise+1"],"picked":"SKIP","floor":40},{"not_picked":["PlaceholderMod:PoisonBlast+1","PlaceholderMod:EnergyAbsorb","Dark Shackles+1"],"picked":"PlaceholderMod:Crystallization+1","floor":42},{"not_picked":["PlaceholderMod:Stable+1","PlaceholderMod:PoisonAbsorb+1","PlaceholderMod:ParasiteChange+1","Dramatic Entrance+1"],"picked":"SKIP","floor":44},{"not_picked":["REME_MawOfCthun","REME_AllRoundStrike+1"],"picked":"REME_FirmDetermination+1","floor":45},{"not_picked":["Madness","Dramatic Entrance+1"],"picked":"Finesse","floor":45},{"not_picked":["PlaceholderMod:Stable+1","PlaceholderMod:HighConcentration+1","PlaceholderMod:TriggerStrike+1","AT_CelerityRune+1"],"picked":"SKIP","floor":47},{"not_picked":["PlaceholderMod:ParasiteChange","PlaceholderMod:PoisonAbsorb+1","REME_AllRoundStrike+1"],"picked":"PlaceholderMod:SprayAttack+1","floor":54}],"player_experience":328840,"relics_obtained":[{"floor":7.0,"key":"Ccalipers"},{"floor":9.0,"key":"Nunchaku"},{"floor":11.0,"key":"Molten Egg 2"},{"floor":17.0,"key":"AT_ChloranthyRing"},{"floor":17.0,"key":"Lantern"},{"floor":23.0,"key":"Toy Ornithopter"},{"floor":25.0,"key":"Du-Vu Doll"},{"floor":26.0,"key":"AT_BellDemon"},{"floor":28.0,"key":"Frozen Egg 2"},{"floor":29.0,"key":"Bottled Tornado"},{"floor":30.0,"key":"Nilry\u0027s Codex"},{"floor":31.0,"key":"Blue Candle"},{"floor":31.0,"key":"Bottled Lightning"},{"floor":33,"key":"AT_Kusabimaru"},{"floor":35,"key":"AT_RedTearstoneRing"},{"floor":36,"key":"Strawberry"},{"floor":39,"key":"MagicDraw3"},{"floor":40,"key":"PlanX"},{"floor":40,"key":"Calipers"},{"floor":42,"key":"MagicDraw4"},{"floor":42,"key":"Pocketwatch"},{"floor":44,"key":"PlaceholderMod:NyogSothep"},{"floor":44,"key":"Boot"},{"floor":47,"key":"Orichalcum"},{"floor":47,"key":"Darkstone Periapt"},{"floor":54,"key":"PlaceholderMod:DeVermisMysteriis"}],"event_choices":[{"damage_healed":0.0,"max_hp_gain":0.0,"max_hp_loss":0.0,"gold_gain":0.0,"event_name":"Big Fish","player_choice":"Box","floor":5.0,"gold_loss":0.0,"damage_taken":0.0,"relics_obtained":["Pen Nib"],"cards_obtained":["Regret"]},{"damage_healed":0.0,"max_hp_gain":0.0,"max_hp_loss":0.0,"gold_gain":0.0,"event_name":"The Woman in Blue","player_choice":"Bought 0 Potions","floor":10.0,"gold_loss":0.0,"damage_taken":0.0},{"damage_healed":0.0,"max_hp_gain":0.0,"max_hp_loss":0.0,"gold_gain":0.0,"event_name":"betterNote:BetterNote","player_choice":"Ignored","floor":19.0,"gold_loss":0.0,"damage_taken":0.0,"cards_obtained":["REME_EyeOfCthun"]},{"damage_healed":0.0,"max_hp_gain":0.0,"max_hp_loss":6.0,"gold_gain":0.0,"event_name":"betterThird:BetterWriting","player_choice":"Simplicity","floor":20.0,"gold_loss":0.0,"damage_taken":0.0},{"damage_healed":0.0,"max_hp_gain":0.0,"max_hp_loss":0.0,"gold_gain":0.0,"event_name":"Ghosts","player_choice":"Ignored","floor":22.0,"gold_loss":0.0,"damage_taken":0.0},{"cards_removed":["PlaceholderMod:BaseStrike"],"damage_healed":0.0,"max_hp_gain":0.0,"max_hp_loss":0.0,"gold_gain":0.0,"event_name":"Bonfire Elementals","player_choice":"Offered Basic","floor":24.0,"gold_loss":0.0,"damage_taken":0.0},{"damage_healed":0.0,"max_hp_gain":0.0,"max_hp_loss":0.0,"gold_gain":0.0,"event_name":"Cursed Tome","player_choice":"Obtained Book","floor":30.0,"gold_loss":0.0,"damage_taken":16.0},{"damage_healed":0,"gold_gain":0,"player_choice":"Got Potions","damage_taken":0,"max_hp_gain":0,"max_hp_loss":0,"event_name":"Lab","floor":37,"gold_loss":0},{"damage_healed":0,"gold_gain":0,"player_choice":"Memory 3","damage_taken":10,"max_hp_gain":0,"max_hp_loss":0,"event_name":"SensoryStone","floor":45,"gold_loss":0},{"damage_healed":0,"gold_gain":0,"player_choice":"Copied","damage_taken":0,"max_hp_gain":0,"max_hp_loss":0,"event_name":"Duplicator","floor":48,"gold_loss":0,"cards_obtained":["PlaceholderMod:PericyclicReaction"]}],"is_beta":false,"boss_relics":[{"not_picked":["REME_ChargedStone","Velvet Choker"],"picked":"REME_LowDesire"},{"not_picked":["SacredBark","SlaversCollar"],"picked":"Cursed Key"}],"items_purged_floors":[21,27,46],"is_endless":false,"potions_floor_spawned":[2,3,13,14,25,28,33,35,40],"ascension_level":2}}