{"host":"fhwr1fuluf6086fh","time":1613193331,"event":{"mods":["2.2 Compatiblity","Act Like it!","BaseMod","Colored Map","Downfall","Elementarium","Minty Spire (QoL Compilation)","StSLib"],"gold_per_floor":[99,109,122,32,32,32,56,66,66,81,114,114,114,124,142,239,239,139,154,154,154,173,185,185,202,202,234,254,274,274,29,49,146,146,146,158,158,158,258,269,292,305,305,317,317,347,247,113,126,126],"floor_reached":51,"language":"ENG","playtime":9366,"items_purged":["champ:Strike","Pain","champ:Strike"],"score":751,"play_id":"9d616663-bf30-4d11-b708-44e39bf78d05","local_time":"20210213001531","is_ascension_mode":false,"campfire_choices":[{"data":"champ:Taunt","floor":1,"key":"SMITH"},{"data":"champ:BringItOn","floor":6,"key":"SMITH"},{"data":"champ:FlashCut","floor":9,"key":"SMITH"},{"floor":13,"key":"RECALL"},{"data":"champ:DefensiveShout","floor":18,"key":"SMITH"},{"floor":26,"key":"DIG"},{"floor":30,"key":"REST"},{"floor":35,"key":"DIG"},{"floor":43,"key":"DIG"},{"floor":45,"key":"REST"},{"floor":47,"key":"DIG"}],"circlet_count":0,"master_deck":["champ:Defend","champ:Defend","champ:Defend","champ:Defend","champ:Execute","champ:Taunt+1","champ:FlashCut+1","champ:Haymaker","champ:BringItOn+1","champ:MurderStrike","champ:DefensiveShout+1","champ:AdrenalArmor","champ:PreciseThrust","champ:StanceDance","champ:MurderStrike","champ:Endure+1","champ:ShieldThrow","Writhe","champ:Backstep+1","champ:DefensiveShout","champ:GladiatorForm","champ:RapidStrikes+1","champ:Lariat","champ:AdrenalArmor","champ:ArenaPreparation","champ:DefensiveShout","champ:EnGarde","champ:UltimateStance","champ:PerfectedStrike","Writhe","Writhe","Parasite","champ:RisingSlash+1","champ:RecklessLeap","champ:VampiricStrike","champ:IgnorePain","champ:IronFortress","champ:PerfectedStrike+1"],"relics":["champ:ChampionCrown","Pen Nib","Question Card","Mango","Sozu","downfall:HeartBlessingRed","downfall:ExtraCursedKey","Shovel","Potion Belt","Toy Ornithopter","Snecko Eye","Pantograph","champ:FightingForDummies","Du-Vu Doll","FossilizedHelix","downfall:HeartBlessingGreen","Bottled Lightning","Chemical X"],"acts_visited":["Exordium","TheCity","TheBeyond"],"potions_floor_usage":[27,33,33],"damage_taken":[{"damage":20,"enemies":"Jaw Worm","floor":2,"turns":4},{"damage":10,"enemies":"Small Slimes","floor":3,"turns":3},{"damage":10,"enemies":"downfall:FleeingMerchant","floor":4,"turns":4},{"damage":4,"enemies":"2 Louse","floor":8,"turns":2},{"damage":12,"enemies":"Exordium Thugs","floor":10,"turns":4},{"damage":35,"enemies":"3 Sentries","floor":11,"turns":8},{"damage":26,"enemies":"Exordium Wildlife","floor":14,"turns":4},{"damage":0,"enemies":"2 Fungi Beasts","floor":15,"turns":3},{"damage":73,"enemies":"IC_STATUS_ARCHETYPE","floor":16,"turns":9},{"damage":10,"enemies":"Spheric Guardian","floor":19,"turns":4},{"damage":15,"enemies":"3 Byrds","floor":22,"turns":4},{"damage":20,"enemies":"3 Cultists","floor":23,"turns":4},{"damage":16,"enemies":"Snake Plant","floor":25,"turns":4},{"damage":46,"enemies":"Gremlin Leader","floor":27,"turns":5},{"damage":48,"enemies":"Centurion and Healer","floor":28,"turns":5},{"damage":17,"enemies":"Snecko","floor":29,"turns":4},{"damage":10,"enemies":"downfall:FleeingMerchant","floor":31,"turns":4},{"damage":15,"enemies":"Snake Plant","floor":32,"turns":4},{"damage":56,"enemies":"SI_MIRROR_ARCHETYPE","floor":33,"turns":4},{"damage":30,"enemies":"3 Shapes","floor":36,"turns":3},{"damage":47,"enemies":"3 Darklings","floor":40,"turns":5},{"damage":20,"enemies":"Writhing Mass","floor":42,"turns":5},{"damage":29,"enemies":"Maw","floor":44,"turns":5},{"damage":59,"enemies":"Reptomancer","floor":46,"turns":4},{"damage":85,"enemies":"downfall:FleeingMerchant","floor":48,"turns":4},{"damage":40,"enemies":"Spire Growth","floor":49,"turns":3},{"damage":126,"enemies":"WA_ARCHETYPE_DIVINITY","floor":50,"turns":8}],"seed_played":"-3060158455862553608","potions_obtained":[{"floor":8,"key":"Fire Potion"},{"floor":10,"key":"Explosive Potion"},{"floor":16,"key":"EntropicBrew"}],"is_trial":false,"path_per_floor":["R","M","M","$","?","R","T","M","R","M","E","T","R","M","M","B",null,"R","M","?","?","M","M","T","M","R","E","M","M","R","$","M","B",null,"R","M","?","?","?","M","T","M","R","M","R","E","R","$","M","B",null],"character_chosen":"THE_CHAMP","items_purchased":["champ:ArenaPreparation","champ:DefensiveShout","champ:IgnorePain","Chemical X","champ:IronFortress"],"campfire_rested":2,"item_purchase_floors":[31,31,48,48,48],"current_hp_per_floor":[99,99,99,99,99,99,99,95,95,83,73,87,87,81,81,48,113,113,113,113,113,108,108,108,102,102,76,48,41,74,74,74,83,113,113,93,93,93,93,81,81,81,81,77,110,96,96,101,106,102],"gold":126,"neow_bonus":"TEN_PERCENT_HP_BONUS","is_daily":false,"chose_seed":false,"campfire_upgraded":4,"win_rate":0.0,"timestamp":1613193331,"path_taken":["R","M","M","$","?","R","T","M","R","M","E","?","R","M","M","BOSS","R","M","?","?","M","M","T","?","R","E","M","M","R","$","M","BOSS","R","M","?","?","?","?","T","M","R","M","R","E","R","$","M","BOSS"],"items_purchased_type":["Card","Card","Card","Relic","Card"],"build_version":"2020-12-22","purchased_purges":3,"victory":true,"max_hp_per_floor":[99,99,99,99,99,99,99,99,99,99,99,113,113,113,113,113,113,113,113,113,113,113,113,113,113,113,113,113,113,113,113,113,113,113,113,113,113,113,113,113,113,113,113,113,113,113,113,113,113,113],"card_choices":[{"not_picked":["champ:PerfectedStrike","champ:Duel"],"picked":"champ:FlashCut","floor":2},{"not_picked":["champ:AdrenalArmor","champ:Backstep"],"picked":"champ:Haymaker","floor":3},{"not_picked":["champ:DeathBlow","champ:FaceSlap"],"picked":"champ:BringItOn","floor":4},{"not_picked":["champ:Parry","champ:Shatter"],"picked":"champ:MurderStrike","floor":8},{"not_picked":["champ:BerserkersShout","champ:FocusedDefense"],"picked":"champ:DefensiveShout","floor":10},{"not_picked":["champ:RecklessLeap","champ:FlashCut"],"picked":"champ:AdrenalArmor","floor":11},{"not_picked":["champ:PerfectedStrike","champ:Backstep","champ:PreemptiveStrike"],"picked":"champ:PreciseThrust","floor":14},{"not_picked":["champ:FlashCut","champ:DeathBlow","champ:SkillfulDodge"],"picked":"champ:StanceDance","floor":15},{"not_picked":["champ:HeavySlash","champ:VampiricStrike","champ:SteelEdge"],"picked":"champ:MurderStrike","floor":16},{"not_picked":["champ:Circumvent+1","champ:Lariat","champ:BladeFlurry"],"picked":"champ:Endure+1","floor":19},{"not_picked":["champ:FanOfKnives+1","champ:HeartStrike","champ:GutPunch"],"picked":"champ:Backstep+1","floor":22},{"not_picked":["champ:RapidStrikes+1","champ:CrownThrow","champ:Shatter"],"picked":"champ:DefensiveShout","floor":23},{"not_picked":["champ:RapidStrikes","champ:AdrenalArmor","champ:FaceSlap"],"picked":"champ:GladiatorForm","floor":25},{"not_picked":["champ:ShieldSlam","champ:SkillfulDodge","champ:PreemptiveStrike"],"picked":"champ:RapidStrikes+1","floor":27},{"not_picked":["champ:FalseCounter","champ:SkillfulDodge+1","champ:CrownThrow"],"picked":"champ:Lariat","floor":28},{"not_picked":["champ:Shatter","champ:SetATrap","champ:FanOfKnives"],"picked":"champ:FlashCut","floor":29},{"not_picked":["champ:FlashCut","champ:RapidStrikes","champ:CrownThrow"],"picked":"champ:AdrenalArmor","floor":31},{"not_picked":["champ:FlashCut","champ:Circumvent","champ:FanOfKnives+1"],"picked":"champ:EnGarde","floor":32},{"not_picked":["champ:StrikeOfGenius","champ:Improvising","champ:CheapShot"],"picked":"champ:UltimateStance","floor":33},{"not_picked":["champ:Shatter","champ:FancyFootwork+1","champ:ShieldSlam"],"picked":"champ:PerfectedStrike","floor":36},{"not_picked":["champ:SetATrap","champ:PreciseThrust","champ:Haymaker","champ:FanOfKnives+1"],"picked":"SKIP","floor":40},{"not_picked":["champ:Circumvent+1","champ:EndlessRage","champ:PerfectedStrike"],"picked":"champ:RisingSlash+1","floor":42},{"not_picked":["champ:GutPunch+1","champ:Circumvent","champ:EnGarde","champ:ShieldSlam"],"picked":"SKIP","floor":44},{"not_picked":["champ:CalledShot","champ:FocusedBerserking+1","champ:StanceDance"],"picked":"champ:RecklessLeap","floor":46},{"not_picked":["champ:FalseCounter+1","champ:StanceDance+1","champ:GutPunch"],"picked":"champ:VampiricStrike","floor":48},{"not_picked":["champ:BladeFlurry","champ:EnragedBash","champ:FancyFootwork+1"],"picked":"champ:PerfectedStrike+1","floor":49}],"player_experience":948241,"relics_obtained":[{"floor":7,"key":"Pen Nib"},{"floor":11,"key":"Question Card"},{"floor":12,"key":"Mango"},{"floor":24,"key":"Shovel"},{"floor":26,"key":"Potion Belt"},{"floor":27,"key":"Toy Ornithopter"},{"floor":35,"key":"Pantograph"},{"floor":41,"key":"champ:FightingForDummies"},{"floor":43,"key":"Du-Vu Doll"},{"floor":46,"key":"FossilizedHelix"},{"floor":47,"key":"Bottled Lightning"}],"event_choices":[{"cards_removed":["champ:FlashCut"],"damage_healed":0,"gold_gain":0,"player_choice":"Removed Attack","damage_taken":0,"max_hp_gain":0,"max_hp_loss":0,"event_name":"Falling","floor":38,"gold_loss":0}],"is_beta":false,"boss_relics":[{"not_picked":["Tiny House","Runic Dome"],"picked":"Sozu"},{"not_picked":["Coffee Dripper","Runic Pyramid"],"picked":"Snecko Eye"}],"items_purged_floors":[4,31,48],"is_endless":false,"potions_floor_spawned":[8,10,16,19,23,28,33,36,40,46],"ascension_level":0}}