{"host":"aapp7ew3jk5k1bvd","time":1613224978,"event":{"mods":["AchievementEnabler","BaseMod","Colored Map","Custom Start","Keyboard Shortcuts","Minty Spire (QoL Compilation)","Permanent Neow","Quick Restart","StSLib","SuperFastMode"],"gold_per_floor":[119,119,133,133,159,192,93,93,93,113,126,126,76,90,90,164,164,179,78,177,177,194,194,212,212,212,229,245,263,263,263,263],"floor_reached":31,"language":"KOR","playtime":1154,"items_purged":["Strike_G","Reflex+1"],"score":391,"play_id":"3dfc2991-0cbe-466c-b137-66df16390686","local_time":"20210213230258","is_ascension_mode":true,"campfire_choices":[{"floor":8.0,"key":"REST"},{"floor":12.0,"key":"REST"},{"data":"Infinite Blades","floor":15.0,"key":"SMITH"},{"data":"Envenom","floor":23.0,"key":"SMITH"},{"data":"Cloak And Dagger","floor":25,"key":"SMITH"},{"floor":30,"key":"REST"}],"circlet_count":0,"master_deck":["AscendersBane","Defend_G","Defend_G","Defend_G","Survivor","Neutralize","Infinite Blades+1","Blade Dance","Footwork","Blade Dance","Blur","Envenom+1","Choke+1","A Thousand Cuts+1","Cloak And Dagger+1","Cloak And Dagger","Blur","Infinite Blades"],"relics":["Ring of the Snake","PreservedInsect","Blood Vial","The Courier","Kunai","Astrolabe","Tiny Chest"],"acts_visited":["Exordium","TheCity"],"potions_floor_usage":[24],"damage_taken":[{"damage":0.0,"enemies":"2 Louse","floor":1.0,"turns":5.0},{"damage":2.0,"enemies":"Jaw Worm","floor":3.0,"turns":7.0},{"damage":30.0,"enemies":"3 Sentries","floor":6.0,"turns":10.0},{"damage":0.0,"enemies":"Cultist","floor":10.0,"turns":3.0},{"damage":0.0,"enemies":"Large Slime","floor":11.0,"turns":7.0},{"damage":3.0,"enemies":"Exordium Thugs","floor":14.0,"turns":6.0},{"damage":11.0,"enemies":"The Guardian","floor":16.0,"turns":16.0},{"damage":14.0,"enemies":"Shell Parasite","floor":18.0,"turns":6.0},{"damage":5.0,"enemies":"Spheric Guardian","floor":22.0,"turns":10.0},{"damage":0,"enemies":"Centurion and Healer","floor":24,"turns":7},{"damage":23,"enemies":"Shelled Parasite and Fungi","floor":27,"turns":10},{"damage":29,"enemies":"Snake Plant","floor":28,"turns":8},{"damage":5,"enemies":"Snecko","floor":29,"turns":5},{"damage":0,"enemies":"Centurion and Healer","floor":31,"turns":1}],"seed_played":"-2476021218229995741","potions_obtained":[{"floor":6.0,"key":"SteroidPotion"},{"floor":11.0,"key":"Dexterity Potion"},{"floor":16.0,"key":"Strength Potion"},{"floor":24,"key":"GamblersBrew"}],"is_trial":false,"path_per_floor":["M","?","M","?","T","E","$","R","T","M","M","R","?","M","R","B",null,"M","$","?","?","M","R","M","R","T","M","M","M","R","M"],"character_chosen":"THE_SILENT","items_purchased":["Blade Dance","Cloak And Dagger"],"campfire_rested":3,"item_purchase_floors":[7,19],"current_hp_per_floor":[63,51,49,42,42,14,14,35,35,37,39,60,60,59,59,50,65,53,53,53,53,50,50,52,52,52,31,4,1,22,24,24],"gold":263,"neow_bonus":"REMOVE_CARD","is_daily":false,"chose_seed":false,"campfire_upgraded":3,"win_rate":0.0,"timestamp":1613224978,"path_taken":["M","?","M","?","?","E","$","R","T","?","M","R","?","M","R","BOSS","M","$","?","?","M","R","M","R","T","M","M","M","R","M"],"items_purchased_type":["Card","Card"],"build_version":"2020-12-22","purchased_purges":2,"victory":false,"max_hp_per_floor":[70,70,70,70,70,70,70,70,70,70,70,70,70,70,70,70,70,70,70,70,70,70,70,70,70,70,70,70,70,70,70,70],"card_choices":[{"not_picked":["Outmaneuver","Dagger Spray"],"picked":"Infinite Blades","floor":1.0},{"not_picked":["Dagger Spray","Deflect"],"picked":"Blade Dance","floor":3.0},{"not_picked":["Quick Slash","Dagger Spray"],"picked":"Footwork","floor":6.0},{"not_picked":["Endless Agony","Skewer","Distraction"],"picked":"SKIP","floor":10.0},{"not_picked":["Poisoned Stab","Terror","Heel Hook"],"picked":"SKIP","floor":11.0},{"not_picked":["Prepared","Crippling Poison"],"picked":"Blur","floor":14.0},{"not_picked":["Die Die Die","Doppelganger"],"picked":"Envenom","floor":16.0},{"not_picked":["Poisoned Stab+1","Noxious Fumes"],"picked":"Cloak And Dagger","floor":18.0},{"not_picked":["Flying Knee","Predator","Reflex"],"picked":"SKIP","floor":22.0},{"not_picked":["Poisoned Stab","Dagger Throw","Quick Slash"],"picked":"SKIP","floor":24},{"not_picked":["Prepared","Bane","Quick Slash"],"picked":"SKIP","floor":27},{"not_picked":["Deadly Poison","Acrobatics","Flying Knee"],"picked":"SKIP","floor":28},{"not_picked":["Heel Hook","Dagger Spray"],"picked":"Infinite Blades","floor":29}],"player_experience":1361344,"relics_obtained":[{"floor":5.0,"key":"Blood Vial"},{"floor":6.0,"key":"The Courier"},{"floor":9.0,"key":"Kunai"},{"floor":26,"key":"Tiny Chest"}],"event_choices":[{"damage_healed":0.0,"max_hp_gain":0.0,"max_hp_loss":0.0,"gold_gain":0.0,"event_name":"Scrap Ooze","player_choice":"Success","floor":2.0,"gold_loss":0.0,"damage_taken":12.0,"relics_obtained":["PreservedInsect"]},{"cards_removed":["Strike_G"],"damage_healed":0.0,"max_hp_gain":0.0,"max_hp_loss":0.0,"gold_gain":0.0,"event_name":"Golden Wing","player_choice":"Card Removal","floor":4.0,"gold_loss":0.0,"damage_taken":7.0},{"cards_removed":["Strike_G"],"damage_healed":0.0,"max_hp_gain":0.0,"max_hp_loss":0.0,"gold_gain":0.0,"event_name":"The Cleric","player_choice":"Card Removal","floor":13.0,"gold_loss":50.0,"damage_taken":0.0},{"damage_healed":0.0,"max_hp_gain":0.0,"max_hp_loss":0.0,"gold_gain":99.0,"event_name":"Nest","player_choice":"Stole From Cult","floor":20.0,"gold_loss":0.0,"damage_taken":0.0},{"damage_healed":0.0,"max_hp_gain":0.0,"max_hp_loss":0.0,"gold_gain":0.0,"event_name":"Duplicator","player_choice":"Copied","floor":21.0,"gold_loss":0.0,"damage_taken":0.0,"cards_obtained":["Blur"]}],"is_beta":false,"boss_relics":[{"not_picked":["Runic Pyramid","Ring of the Serpent"],"picked":"Astrolabe"}],"items_purged_floors":[7,19],"is_endless":false,"potions_floor_spawned":[6,11,14,16,24,28,29],"killed_by":"Centurion and Healer","ascension_level":13}}