{"host":"kwyq3wo3fj8d4s27","time":1613250118,"event":{"mods":["AchievementEnabler","BaseMod","Colored Map","Highlight Path","Minty Spire (QoL Compilation)","StSLib"],"gold_per_floor":[111,1142,1153,1153,1103,1144,1144,1144,1156,1187,1218,435,468,468,468,588,588,601,601,1342,1342,1357,1357,1376,1389,1414,677,677,696,696,714,714,815,815,835,835,835,374,393,393,423,1132,1186,1186,1205,0,993,1007,1007,1007],"floor_reached":51,"language":"ENG","playtime":2111,"items_purged":["Strike_G","Strike_G","Strike_G","Defend_G","Defend_G","Deadly Poison+1"],"score":899,"play_id":"1df89d00-7d4d-46f1-b53d-c76608be26ed","local_time":"20210213130158","is_ascension_mode":true,"campfire_choices":[{"data":"Footwork","floor":7,"key":"SMITH"},{"data":"Neutralize","floor":15,"key":"SMITH"},{"data":"Noxious Fumes","floor":23,"key":"SMITH"},{"data":"Noxious Fumes","floor":30,"key":"SMITH"},{"data":"Deadly Poison","floor":32,"key":"SMITH"},{"data":"Deadly Poison","floor":40,"key":"SMITH"},{"data":"Sadistic Nature","floor":49,"key":"SMITH"}],"circlet_count":0,"master_deck":["Survivor","Neutralize+1","Backstab+1","Bouncing Flask","Footwork+1","Deadly Poison+1","Deadly Poison+1","Noxious Fumes+1","Footwork+1","Noxious Fumes+1","Catalyst+1","Leg Sweep","Sadistic Nature+1","Escape Plan"],"relics":["Ring of the Snake","Anchor","Ancient Tea Set","Bloody Idol","Matryoshka","MawBank","Mercury Hourglass","Bag of Marbles","Pocketwatch","Ice Cream","Paper Crane","Medical Kit","Pen Nib","Gremlin Horn","HoveringKite","DollysMirror","Happy Flower","HornCleat","Whetstone","PreservedInsect","Eternal Feather","Cauldron","StoneCalendar","Sozu","TwistedFunnel","Omamori","Orichalcum","Regal Pillow","OrangePellets","Bottled Flame","Bronze Scales","Potion Belt","Red Mask","Tingsha"],"acts_visited":["Exordium","TheCity","TheBeyond"],"potions_floor_usage":[50,50],"damage_taken":[{"damage":0,"enemies":"2 Louse","floor":1,"turns":2},{"damage":0,"enemies":"Small Slimes","floor":3,"turns":3},{"damage":7,"enemies":"Lagavulin","floor":6,"turns":5},{"damage":0,"enemies":"Jaw Worm","floor":10,"turns":1},{"damage":0,"enemies":"2 Fungi Beasts","floor":11,"turns":2},{"damage":14,"enemies":"3 Sentries","floor":13,"turns":6},{"damage":12,"enemies":"Slime Boss","floor":16,"turns":9},{"damage":4,"enemies":"Shell Parasite","floor":18,"turns":4},{"damage":0,"enemies":"Spheric Guardian","floor":22,"turns":4},{"damage":0,"enemies":"Centurion and Healer","floor":24,"turns":6},{"damage":1,"enemies":"3 Cultists","floor":25,"turns":5},{"damage":28,"enemies":"Cultist and Chosen","floor":29,"turns":6},{"damage":0,"enemies":"Snecko","floor":31,"turns":4},{"damage":8,"enemies":"Automaton","floor":33,"turns":8},{"damage":0,"enemies":"3 Shapes","floor":35,"turns":3},{"damage":0,"enemies":"Orb Walker","floor":39,"turns":3},{"damage":14,"enemies":"Reptomancer","floor":41,"turns":4},{"damage":8,"enemies":"Writhing Mass","floor":45,"turns":3},{"damage":0,"enemies":"Sphere and 2 Shapes","floor":48,"turns":3},{"damage":3,"enemies":"Awakened One","floor":50,"turns":7}],"seed_played":"-8463323690909371139","potions_obtained":[{"floor":1,"key":"CunningPotion"},{"floor":6,"key":"Swift Potion"},{"floor":10,"key":"Energy Potion"},{"floor":22,"key":"Dexterity Potion"},{"floor":27,"key":"Dexterity Potion"}],"is_trial":false,"path_per_floor":["M","$","M","?","?","E","R","T","T","M","M","$","E","?","R","B",null,"M","?","$","?","M","R","M","M","T","$","T","M","R","M","R","B",null,"M","?","?","$","M","R","E","$","T","?","M","?","$","M","R","B",null],"character_chosen":"THE_SILENT","items_purchased":["Footwork","Anchor","Ancient Tea Set","Ice Cream","Paper Crane","Medical Kit","Noxious Fumes","DollysMirror","Happy Flower","HornCleat","Noxious Fumes","PreservedInsect","Eternal Feather","Cauldron","TwistedFunnel","Omamori","Orichalcum","Leg Sweep","OrangePellets","Bottled Flame","Bronze Scales","Tingsha"],"campfire_rested":0,"item_purchase_floors":[2,2,2,12,12,12,20,20,20,20,27,27,27,27,38,38,38,42,42,42,42,47],"current_hp_per_floor":[70,70,70,53,53,46,46,46,46,46,46,46,32,29,29,17,70,66,66,70,70,70,70,70,70,70,70,70,47,53,58,64,61,70,70,70,70,70,70,70,61,66,70,60,57,57,62,67,70,67],"gold":1007,"neow_bonus":"TRANSFORM_CARD","is_daily":false,"chose_seed":false,"campfire_upgraded":7,"win_rate":0.0,"timestamp":1613250118,"path_taken":["M","$","M","?","?","E","R","?","T","M","M","$","E","?","R","BOSS","M","?","$","?","M","R","?","M","T","$","?","M","R","M","R","BOSS","M","?","?","$","?","R","E","$","T","?","M","?","$","M","R","BOSS"],"items_purchased_type":["Card","Relic","Relic","Relic","Relic","Relic","Card","Relic","Relic","Relic","Card","Relic","Relic","Relic","Relic","Relic","Relic","Card","Relic","Relic","Relic","Relic"],"build_version":"2020-12-22","purchased_purges":6,"victory":true,"max_hp_per_floor":[70,70,70,70,70,70,70,70,70,70,70,70,70,70,70,70,70,70,70,70,70,70,70,70,70,70,70,70,70,70,70,70,70,70,70,70,70,70,70,70,70,70,70,70,70,70,70,70,70,70],"card_choices":[{"not_picked":["Dagger Spray","Bane"],"picked":"Bouncing Flask","floor":1},{"not_picked":["Distraction","Riddle With Holes"],"picked":"Deadly Poison","floor":3},{"not_picked":["PiercingWail","Reflex","Leg Sweep"],"picked":"SKIP","floor":6},{"not_picked":["Poisoned Stab","Slice","Dagger Spray"],"picked":"SKIP","floor":10},{"not_picked":["Well Laid Plans","Backflip"],"picked":"Deadly Poison","floor":11},{"not_picked":["Envenom","Poisoned Stab","Sucker Punch"],"picked":"SKIP","floor":13},{"not_picked":["PiercingWail","Quick Slash","Bane+1"],"picked":"SKIP","floor":18},{"not_picked":["Sucker Punch","Deadly Poison","Flying Knee"],"picked":"SKIP","floor":22},{"not_picked":["Accuracy","Blade Dance","Dagger Spray"],"picked":"SKIP","floor":24},{"not_picked":["PiercingWail","Underhanded Strike+1","Dodge and Roll+1"],"picked":"SKIP","floor":25},{"not_picked":["Cloak And Dagger+1","Blade Dance+1","Dash"],"picked":"SKIP","floor":29},{"not_picked":["Cloak And Dagger","Dodge and Roll","Well Laid Plans"],"picked":"SKIP","floor":31},{"not_picked":["Quick Slash","Deflect","Accuracy"],"picked":"SKIP","floor":35},{"not_picked":["Sucker Punch","Blade Dance+1"],"picked":"Deadly Poison+1","floor":39},{"not_picked":["Outmaneuver","Expertise+1"],"picked":"Catalyst+1","floor":41},{"not_picked":["PanicButton","Enlightenment"],"picked":"Sadistic Nature","floor":44},{"not_picked":["Prepared","Riddle With Holes"],"picked":"Escape Plan","floor":45},{"not_picked":["PiercingWail+1","Deadly Poison+1","Cloak And Dagger"],"picked":"SKIP","floor":48}],"player_experience":22851,"relics_obtained":[{"floor":6,"key":"Matryoshka"},{"floor":8,"key":"MawBank"},{"floor":8,"key":"Mercury Hourglass"},{"floor":9,"key":"Bag of Marbles"},{"floor":9,"key":"Pocketwatch"},{"floor":13,"key":"Pen Nib"},{"floor":26,"key":"Whetstone"},{"floor":28,"key":"StoneCalendar"},{"floor":41,"key":"Regal Pillow"},{"floor":43,"key":"Potion Belt"}],"event_choices":[{"damage_healed":0,"gold_gain":0,"player_choice":"Take Damage","damage_taken":17,"relics_obtained":["Golden Idol"],"max_hp_gain":0,"max_hp_loss":0,"event_name":"Golden Idol","floor":4,"gold_loss":0},{"cards_removed":["Strike_G"],"damage_healed":0,"gold_gain":0,"player_choice":"Card Removal","damage_taken":0,"max_hp_gain":0,"max_hp_loss":0,"event_name":"The Cleric","floor":5,"gold_loss":50},{"damage_healed":0,"gold_gain":0,"player_choice":"Success","damage_taken":3,"relics_obtained":["Gremlin Horn"],"max_hp_gain":0,"max_hp_loss":0,"event_name":"Scrap Ooze","floor":14,"gold_loss":0},{"damage_healed":0,"gold_gain":0,"player_choice":"Gave Idol","damage_taken":0,"relics_obtained":["Bloody Idol"],"max_hp_gain":0,"max_hp_loss":0,"event_name":"Forgotten Altar","floor":19,"relics_lost":["Golden Idol"],"gold_loss":0},{"cards_removed":["Defend_G"],"damage_healed":0,"gold_gain":0,"player_choice":"Purged","damage_taken":0,"max_hp_gain":0,"max_hp_loss":0,"event_name":"Purifier","floor":21,"gold_loss":0},{"cards_removed":["Defend_G"],"damage_healed":0,"gold_gain":0,"player_choice":"Removed Skill","damage_taken":0,"max_hp_gain":0,"max_hp_loss":0,"event_name":"Falling","floor":36,"gold_loss":0},{"cards_removed":["Defend_G"],"damage_healed":0,"gold_gain":0,"player_choice":"Offered Basic","damage_taken":0,"max_hp_gain":0,"max_hp_loss":0,"event_name":"Bonfire Elementals","floor":37,"gold_loss":0},{"damage_healed":0,"gold_gain":0,"player_choice":"Memory 3","damage_taken":10,"max_hp_gain":0,"max_hp_loss":0,"event_name":"SensoryStone","floor":44,"gold_loss":0},{"damage_healed":0,"gold_gain":0,"player_choice":"Paid","damage_taken":0,"relics_obtained":["Red Mask"],"max_hp_gain":0,"max_hp_loss":0,"event_name":"Tomb of Lord Red Mask","floor":46,"gold_loss":1205}],"is_beta":false,"boss_relics":[{"not_picked":["Calling Bell","Cursed Key"],"picked":"HoveringKite"},{"not_picked":["WristBlade","Busted Crown"],"picked":"Sozu"}],"items_purged_floors":[2,12,20,27,42,47],"is_endless":false,"potions_floor_spawned":[1,6,10,13,22,33,45,48],"ascension_level":2}}