{"host":"k1qq3tnzhl68zvao","time":1613183750,"event":{"mods":["ATMod(阿瑾Mod)","AchievementEnabler","BaseMod","Colored Powertips","Conspire","DeckTracker","Downfall","Energized Spire","GifTheSpireLib","Minty Spire (QoL Compilation)","Quick Restart","Relic Filter Mod","Replay The Spire","Spicy Shops","StSLib","【遗物卡牌】REMEMod"],"gold_per_floor":[119,166,266,285,235,261,261,261,287,135,167,185,205,234,234,331,331,343,343,693,719,729,761,792,820,820,820,307,307,335,335,335,434,434,447,486,486,0,11,46,46,80,80,107,107,107,132,158,158,158,158,158,24,52,52],"floor_reached":56,"language":"ZHS","playtime":3702,"items_purged":["Looming Evil","ReplayTheSpireMod:Restless Dread","Defend_R","downfall:Icky"],"score":2111,"play_id":"dd05385e-1752-46c1-9304-8066bdd232de","local_time":"20210213103550","is_ascension_mode":true,"campfire_choices":[{"data":"AT_BreakingExtremeWeapon","floor":8.0,"key":"SMITH"},{"data":"Flex","floor":15,"key":"SMITH"},{"data":"Double Tap","floor":27,"key":"SMITH"},{"data":"Uppercut","floor":29,"key":"SMITH"},{"floor":41,"key":"RECALL"},{"floor":45,"key":"REST"},{"floor":49,"key":"REST"},{"floor":52,"key":"REST"}],"circlet_count":0,"master_deck":["Strike_R","Strike_R","Strike_R","Strike_R","Strike_R","Defend_R+1","Defend_R+1","Bash","AT_BreakingExtremeWeapon+1","Master of Strategy","Flex+1","Uppercut+1","Anger","Whirlwind","Double Tap+1","Thunderclap+1","downfall:Icky","AT_ShrugMaster+1","Sword Boomerang+1","Feel No Pain+1","Feel No Pain+1","Dropkick","REME_TheLastStrike","Pommel Strike+1","Exhume","Massacre+1","AT_ShrugMaster+1","AT_IchimonjiDouble+1","ReplayTheSpireMod:Muscle Training+1","Corruption+1","Armaments+1","AT_ShrugMaster+1","Sentinel","AT_IchimonjiDouble"],"relics":["Burning Blood","AT_ATBox","REME_ComplimentaryCards","Kunai","Frozen Egg 2","Juzu Bracelet","ClockworkSouvenir","Strawberry","REME_LimitBreaker","Replay:Bronze Core","Ring of Greed","Replay:Wax Seal","Old Coin","Red Mask","Potion Belt","Replay:WaspNest","Garlic","REME_HandOfSuture","WingedGreaves","MutagenicStrength","Replay:Grab Bag","Fusion Hammer","ChewingGum","Empty Cage","Dream Catcher","Membership Card","TheAbacus","AT_ChloranthyRing","Pet Ghost","AT_EbonyIvory","Oddly Smooth Stone","Another Sword","Red Skull","War Paint","Self Forming Clay","Omamori","HornCleat"],"acts_visited":["Exordium","TheCity","TheBeyond","TheEnding"],"potions_floor_usage":[16,25,40,55,55,55],"damage_taken":[{"damage":0.0,"enemies":"2 Louse","floor":1.0,"turns":3.0},{"damage":2.0,"enemies":"Small Slimes","floor":4.0,"turns":3.0},{"damage":27.0,"enemies":"3 Sentries","floor":6.0,"turns":6.0},{"damage":15.0,"enemies":"Lagavulin","floor":11.0,"turns":4.0},{"damage":0.0,"enemies":"Cultist","floor":12.0,"turns":2.0},{"damage":0.0,"enemies":"2 Fungi Beasts","floor":13.0,"turns":2.0},{"damage":10,"enemies":"3 Sentries","floor":14,"turns":3},{"damage":27,"enemies":"Hexaghost","floor":16,"turns":6},{"damage":5,"enemies":"Spheric Guardian","floor":18,"turns":3},{"damage":5,"enemies":"Shell Parasite","floor":22,"turns":2},{"damage":13,"enemies":"Gremlin Leader","floor":23,"turns":3},{"damage":0,"enemies":"Masked Bandits","floor":24,"turns":2},{"damage":26,"enemies":"Book of Stabbing","floor":25,"turns":4},{"damage":18,"enemies":"Slavers","floor":30,"turns":3},{"damage":4,"enemies":"conspire:MysteriousRune","floor":33,"turns":6},{"damage":10,"enemies":"3 Shapes","floor":35,"turns":4},{"damage":8,"enemies":"conspire:MimicChest","floor":36,"turns":5},{"damage":15,"enemies":"3 Darklings","floor":39,"turns":3},{"damage":0,"enemies":"Reptomancer","floor":40,"turns":3},{"damage":0,"enemies":"R_Hoarder","floor":42,"turns":3},{"damage":1,"enemies":"Nemesis","floor":44,"turns":4},{"damage":0,"enemies":"Reptomancer","floor":47,"turns":2},{"damage":0,"enemies":"Nemesis","floor":48,"turns":4},{"damage":18,"enemies":"Time Eater","floor":50,"turns":10},{"damage":8,"enemies":"Shield and Spear","floor":54,"turns":4},{"damage":15,"enemies":"The Heart","floor":55,"turns":7}],"seed_played":"6137837859969215524","potions_obtained":[{"floor":1.0,"key":"Ancient Potion"},{"floor":2.0,"key":"Strength Potion"},{"floor":6.0,"key":"Languid Potion"},{"floor":13.0,"key":"Energy Potion"},{"floor":16,"key":"AttackPotion"},{"floor":23,"key":"Block Potion"},{"floor":32,"key":"FairyPotion"},{"floor":32,"key":"Weak Potion"},{"floor":33,"key":"DuplicationPotion"},{"floor":35,"key":"Regen Potion"},{"floor":36,"key":"CultistPotion"},{"floor":42,"key":"champ:CounterPotion"}],"is_trial":false,"path_per_floor":["M","?","?","M","?","E","?","R","T","$","E","M","M","E","R","B",null,"M","?","?","T","M","E","?","E","T","R","$","R","E","?","R","B",null,"M","?","?","$","M","E","R","E","T","E","R","?","E","E","R","B",null,"R","$","E","B",null],"character_chosen":"IRONCLAD","items_purchased":["ClockworkSouvenir","Garlic","REME_HandOfSuture","Feel No Pain+1","Dropkick","Membership Card","TheAbacus","AT_ChloranthyRing","Pet Ghost","AT_EbonyIvory","AT_ShrugMaster+1","Sentinel"],"campfire_rested":3,"item_purchase_floors":[10,28,28,28,28,38,38,38,38,38,53,53],"current_hp_per_floor":[86,86,86,88,88,67,67,67,67,67,65,71,77,73,73,52,84,85,66,66,66,67,60,66,46,46,46,46,46,34,34,34,44,86,82,80,80,80,71,77,77,83,83,88,100,100,100,100,100,88,97,100,100,98,89],"gold":52,"neow_bonus":"TEN_PERCENT_HP_BONUS","is_daily":false,"chose_seed":false,"campfire_upgraded":4,"win_rate":0.0,"timestamp":1613183750,"path_taken":["M","?","?","?","?","E","?","R","T","$","E","M","M","E","R","BOSS","M","?","?","?","M","E","?","E","T","R","$","R","E","?","R","BOSS","M","?","?","$","M","E","R","E","T","E","R","?","E","E","R","BOSS","R","$","E","BOSS"],"items_purchased_type":["Relic","Relic","Relic","Card","Card","Relic","Relic","Relic","Relic","Relic","Card","Card"],"build_version":"2020-12-22","purchased_purges":4,"victory":true,"max_hp_per_floor":[88,88,88,88,88,88,88,88,88,88,95,95,95,95,95,95,95,95,100,100,100,100,100,100,100,100,100,100,100,100,100,100,100,100,100,100,100,100,100,100,100,100,100,100,100,100,100,100,100,100,100,100,100,100,100],"card_choices":[{"not_picked":["Twin Strike","REME_Scribble"],"picked":"Flex","floor":1.0},{"not_picked":["Anger","Sword Boomerang"],"picked":"Uppercut","floor":4.0},{"not_picked":["Intimidate","Perfected Strike"],"picked":"Anger","floor":6.0},{"not_picked":["ReplayTheSpireMod:LeadingStrike","Shockwave"],"picked":"Whirlwind","floor":11.0},{"not_picked":["Demonic Infusion","Hemokinesis","Wild Strike"],"picked":"SKIP","floor":12.0},{"not_picked":["Cleave","REME_Scribble","Hemokinesis"],"picked":"SKIP","floor":13.0},{"not_picked":["Thunderclap","Iron Wave","conspire:HitWhereItHurts"],"picked":"SKIP","floor":14},{"not_picked":["Immolate","conspire:HitWhereItHurts"],"picked":"Double Tap","floor":16},{"not_picked":["Cleave","Armaments"],"picked":"Thunderclap+1","floor":18},{"not_picked":["Wild Strike","Cleave"],"picked":"AT_ShrugMaster+1","floor":22},{"not_picked":["Cleave","REME_SingleHolding","Intimidate"],"picked":"SKIP","floor":23},{"not_picked":["REME_Cut+1","Abandon"],"picked":"Sword Boomerang+1","floor":24},{"not_picked":["AT_CaressingTears","Battle Trance+1"],"picked":"Feel No Pain+1","floor":25},{"not_picked":["Brutality+1","Havoc","Blood for Blood+1"],"picked":"SKIP","floor":30},{"not_picked":["Bludgeon","Corruption+1"],"picked":"REME_TheLastStrike","floor":33},{"not_picked":["AT_BodySlamDance+1","AT_DrawKnifeCut+1"],"picked":"Pommel Strike+1","floor":35},{"not_picked":["Thunderclap+1","Disarm+1"],"picked":"Exhume","floor":39},{"not_picked":["Run Through+1","Shockwave"],"picked":"Massacre+1","floor":40},{"not_picked":["Fiend Fire","Warcry"],"picked":"AT_ShrugMaster+1","floor":42},{"not_picked":["Blood for Blood+1","Cleave"],"picked":"AT_IchimonjiDouble+1","floor":44},{"not_picked":["ReplayTheSpireMod:Corrosion Curse","Wild Strike"],"picked":"ReplayTheSpireMod:Muscle Training+1","floor":45},{"not_picked":["Clash","Shrug It Off","Heavy Blade"],"picked":"SKIP","floor":47},{"not_picked":["Massacre","Anger","Seeing Red+1"],"picked":"SKIP","floor":48},{"not_picked":["Pommel Strike+1","Fire Breathing+1"],"picked":"Corruption+1","floor":49},{"not_picked":["Blood for Blood","Sword Boomerang"],"picked":"Armaments+1","floor":52},{"not_picked":["Defy Death+1","Life Link+1"],"picked":"AT_IchimonjiDouble","floor":54}],"player_experience":561878,"relics_obtained":[{"floor":2.0,"key":"Kunai"},{"floor":6.0,"key":"Frozen Egg 2"},{"floor":9.0,"key":"Juzu Bracelet"},{"floor":11.0,"key":"Strawberry"},{"floor":14,"key":"REME_LimitBreaker"},{"floor":20,"key":"Ring of Greed"},{"floor":20,"key":"Replay:Wax Seal"},{"floor":20,"key":"Old Coin"},{"floor":24,"key":"Red Mask"},{"floor":25,"key":"Potion Belt"},{"floor":26,"key":"Replay:WaspNest"},{"floor":30,"key":"WingedGreaves"},{"floor":36,"key":"Dream Catcher"},{"floor":40,"key":"Oddly Smooth Stone"},{"floor":42,"key":"Another Sword"},{"floor":43,"key":"Red Skull"},{"floor":44,"key":"War Paint"},{"floor":47,"key":"Self Forming Clay"},{"floor":48,"key":"Omamori"},{"floor":54,"key":"HornCleat"}],"event_choices":[{"damage_healed":0.0,"max_hp_gain":0.0,"max_hp_loss":0.0,"gold_gain":100.0,"event_name":"Golden Shrine","player_choice":"Pray","floor":3.0,"gold_loss":0.0,"damage_taken":0.0},{"cards_removed":["Defend_R"],"damage_healed":0.0,"max_hp_gain":0.0,"max_hp_loss":0.0,"gold_gain":0.0,"event_name":"The Cleric","player_choice":"Card Removal","floor":5.0,"gold_loss":50.0,"damage_taken":0.0},{"damage_healed":0,"gold_gain":0,"player_choice":"Shed Blood","damage_taken":24,"max_hp_gain":5,"max_hp_loss":0,"event_name":"Forgotten Altar","floor":19,"gold_loss":0},{"damage_healed":0,"gold_gain":0,"player_choice":"Fought Bandits","damage_taken":0,"max_hp_gain":0,"max_hp_loss":0,"event_name":"Masked Bandits","floor":24,"gold_loss":0},{"damage_healed":0,"gold_gain":0,"player_choice":"Inject Mutagens","damage_taken":0,"relics_obtained":["MutagenicStrength"],"max_hp_gain":0,"max_hp_loss":0,"event_name":"Drug Dealer","floor":31,"gold_loss":0},{"damage_healed":0,"gold_gain":0,"player_choice":"Leave","damage_taken":0,"max_hp_gain":0,"max_hp_loss":0,"event_name":"conspire:Investor","floor":37,"gold_loss":0},{"damage_healed":0,"gold_gain":0,"player_choice":"Ignored","damage_taken":0,"max_hp_gain":0,"max_hp_loss":0,"event_name":"SecretPortal","floor":46,"gold_loss":0}],"is_beta":false,"boss_relics":[{"not_picked":["REME_DemonsWealth","conspire:RunicOctahedron"],"picked":"Replay:Bronze Core"},{"not_picked":["Busted Crown","Pandora\u0027s Box"],"picked":"Replay:Grab Bag"},{"not_picked":["Sozu","energizedSpire:TabascoSauce"],"picked":"Fusion Hammer"},{"not_picked":["energizedSpire:DeadBattery","energizedSpire:EnergizedDie"],"picked":"ChewingGum"},{"not_picked":["Runic Cube","Mark of Pain"],"picked":"Empty Cage"}],"items_purged_floors":[10,28,38,53],"is_endless":false,"potions_floor_spawned":[1,6,13,16,22,23,24,33,35,36,42,54],"ascension_level":11}}