{"host":"eeb412nj2w7f9cz8","time":1613206904,"event":{"mods":["ATMod(°¢èªMod)","Act Like it!","BaseMod","Minty Spire (QoL Compilation)","StSLib"],"gold_per_floor":[216,230,246,257,257,257,207,227,279,279,279,304,304,12,12,12,12],"floor_reached":16,"language":"ZHS","playtime":720,"items_purged":[],"score":92,"play_id":"cffe3d2c-efd4-4d1f-8aeb-2a4aab8f382d","local_time":"20210213170144","is_ascension_mode":false,"campfire_choices":[{"data":"Zap","floor":6.0,"key":"SMITH"},{"data":"Defragment","floor":11,"key":"SMITH"},{"data":"Dualcast","floor":13,"key":"SMITH"},{"floor":15,"key":"REST"}],"circlet_count":0,"master_deck":["Strike_B","Strike_B","Strike_B","Defend_B","Defend_B","Defend_B+1","Zap+1","Dualcast+1","Defragment+1","AT_DarkMatter+1","Self Repair"],"relics":["Cracked Core","AT_ATBox","Golden Idol","Happy Flower","War Paint"],"acts_visited":["Exordium"],"potions_floor_usage":[8,16],"damage_taken":[{"damage":4.0,"enemies":"Small Slimes","floor":1.0,"turns":4.0},{"damage":5.0,"enemies":"2 Louse","floor":2.0,"turns":3.0},{"damage":1.0,"enemies":"Cultist","floor":3.0,"turns":3.0},{"damage":2.0,"enemies":"Exordium Thugs","floor":4.0,"turns":5.0},{"damage":16,"enemies":"Large Slime","floor":8,"turns":6},{"damage":18,"enemies":"Gremlin Gang","floor":12,"turns":4},{"damage":31,"enemies":"Slime Boss","floor":16,"turns":3}],"seed_played":"-7134047488686369698","potions_obtained":[{"floor":1.0,"key":"CultistPotion"},{"floor":2.0,"key":"LiquidMemories"},{"floor":3.0,"key":"DistilledChaos"}],"is_trial":false,"path_per_floor":["M","M","M","M","?","R","?","M","T","?","R","M","R","$","R","B"],"character_chosen":"DEFECT","items_purchased":["Self Repair","War Paint","EssenceOfSteel"],"campfire_rested":1,"item_purchase_floors":[14,14,14],"current_hp_per_floor":[71,66,65,63,45,45,45,29,29,22,22,4,4,4,26,0,0],"gold":12,"neow_bonus":"HUNDRED_GOLD","is_daily":false,"chose_seed":false,"campfire_upgraded":3,"win_rate":0.0,"timestamp":1613206904,"path_taken":["M","M","M","M","?","R","?","M","T","?","R","M","R","$","R","BOSS"],"items_purchased_type":["Card","Relic","Potion"],"build_version":"2020-12-22","purchased_purges":0,"victory":false,"max_hp_per_floor":[75,75,75,75,75,75,75,75,75,75,75,75,75,75,75,75,75],"card_choices":[{"not_picked":["AT_DarkMatter","Heatsinks"],"picked":"Defragment","floor":1.0},{"not_picked":["Chill","Cold Snap","Streamline"],"picked":"SKIP","floor":2.0},{"not_picked":["Leap","Conserve Battery","Darkness"],"picked":"SKIP","floor":3.0},{"not_picked":["Coolheaded","Go for the Eyes","Stack"],"picked":"SKIP","floor":4.0},{"not_picked":["Cold Snap","Recycle"],"picked":"AT_DarkMatter","floor":8},{"not_picked":["Reinforced Body","Beam Cell","Stack"],"picked":"SKIP","floor":12}],"player_experience":89984,"relics_obtained":[{"floor":9,"key":"Happy Flower"}],"event_choices":[{"damage_healed":0.0,"max_hp_gain":0.0,"max_hp_loss":0.0,"gold_gain":0.0,"event_name":"Golden Idol","player_choice":"Take Damage","floor":5.0,"gold_loss":0.0,"damage_taken":18.0,"relics_obtained":["Golden Idol"]},{"cards_removed":["Strike_B"],"damage_healed":0.0,"max_hp_gain":0.0,"max_hp_loss":0.0,"gold_gain":0.0,"event_name":"The Cleric","player_choice":"Card Removal","floor":7.0,"gold_loss":50.0,"damage_taken":0.0},{"cards_removed":["Defend_B"],"damage_healed":0,"gold_gain":0,"player_choice":"Card Removal","damage_taken":7,"max_hp_gain":0,"max_hp_loss":0,"event_name":"Golden Wing","floor":10,"gold_loss":0}],"is_beta":false,"boss_relics":[],"items_purged_floors":[],"is_endless":false,"potions_floor_spawned":[1,2,3],"killed_by":"Slime Boss","ascension_level":0}}