{"host":"2lvuisjyit3p3u01","time":1613228033,"event":{"mods":["Act Like it!","BaseMod","Bestiary","Better Synergies","Bossed Relics","CapriCore","Colored Map","Colored Powertips","Duelist Mod","GifTheSpireLib","Minty Spire (QoL Compilation)","Quick Restart","Replay The Spire","StSLib"],"gold_per_floor":[139,194,213,229,229,229,256,301,328,328,328,345,49,89,89,200,200,231,231,319,369,443,443,478,478,478,514,36,123,197,246,246,365,365,391,441,292,342,435,435,484,553,577,671,705,732,842,865,865,885],"floor_reached":51,"language":"ENG","playtime":1997,"items_purged":["theDuelist:LesserDragon"],"score":1389,"play_id":"b4daa925-f1d0-4480-85e8-5ed3480df07e","local_time":"20210213165353","daily_mods":["SealedDeck","Vintage","Heirloom","Time Dilation","DeadlyEvents","Elite Swarm","Lethality"],"is_ascension_mode":false,"campfire_choices":[{"floor":6,"key":"REST"},{"floor":11,"key":"REST"},{"data":"theDuelist:TyrantWing","floor":15,"key":"SMITH"},{"data":"theDuelist:BoosterDragon","floor":23,"key":"SMITH"},{"data":"theDuelist:Kabazauls","floor":25,"key":"SMITH"},{"floor":32,"key":"REST"},{"data":"theDuelist:HorusServant","floor":40,"key":"SMITH"},{"floor":49,"key":"REST"}],"circlet_count":0,"master_deck":["theDuelist:ViceDragon+1","theDuelist:DarkHorus","theDuelist:MirageDragon","theDuelist:LordD+1","theDuelist:Duoterion+1","theDuelist:Kabazauls+1","theDuelist:Kabazauls+1","theDuelist:TyrantWing+1","theDuelist:BoosterDragon+1","theDuelist:TwinHeadedFire","theDuelist:GravityLash+1","theDuelist:MirageDragon+1","theDuelist:HorusServant+1","theDuelist:CoralDragon","theDuelist:SilverWing+1","theDuelist:DragonMastery+1","theDuelist:SmashingGround+1"],"relics":["theDuelist:MillenniumPuzzle","theDuelist:CardPoolRelic","theDuelist:CardPoolBasicRelic","theDuelist:BoosterPackPoolRelic","theDuelist:CardPoolAddRelic","theDuelist:CardPoolMinusRelic","theDuelist:CardPoolSaveRelic","theDuelist:CardPoolOptionsRelic","Charon\u0027s Ashes","Pen Nib","CaptainsWheel","Lizard Tail","Turnip","Replay:Bandana","Bag of Marbles","theDuelist:MillenniumPrayerbook","Cables","HornCleat","War Paint","Bronze Scales","theDuelist:ShopToken","theDuelist:DragonRelicC","Self Forming Clay","Replay:Ancient Bell","theDuelist:ZoneToken","Matryoshka","Unceasing Top","theDuelist:SummonAnchor","SsserpentHead","Smiling Mask","Gremlin Food","Dream Catcher","Happy Flower","Ancient Tea Set","ReplayTheSpireMod:TigerMarble","theDuelist:DragonRelic","theDuelist:AkhenamkhanenSceptre","Replay:WaspNest","Ice Cream","Frozen Egg 2","Gremlin Horn","SacredBark","Pocketwatch","theDuelist:BoosterBetterBoostersRelic","Blue Doll","Prayer Wheel","Bag of Preparation","Bird Faced Urn","theDuelist:MillenniumArmor","theDuelist:PrayerPageB","Whetstone","theDuelist:DuelistOrichalcum"],"acts_visited":["Exordium","TheCity","TheBeyond"],"potions_floor_usage":[2,16,16,24,33,33,45,50,50,50],"damage_taken":[{"damage":9,"enemies":"Small Slimes","floor":1,"turns":2},{"damage":47,"enemies":"Small Slimes","floor":2,"turns":7},{"damage":0,"enemies":"Cultist","floor":3,"turns":2},{"damage":0,"enemies":"Jaw Worm","floor":4,"turns":1},{"damage":0,"enemies":"Exordium Thugs","floor":7,"turns":2},{"damage":13,"enemies":"3 Sentries","floor":8,"turns":3},{"damage":0,"enemies":"Exordium Wildlife","floor":12,"turns":1},{"damage":0,"enemies":"Gremlin Nob","floor":14,"turns":2},{"damage":0,"enemies":"Hexaghost","floor":16,"turns":2},{"damage":7,"enemies":"Spheric Guardian","floor":18,"turns":2},{"damage":13,"enemies":"theDuelist:KaibaA2","floor":20,"turns":2},{"damage":27,"enemies":"Replay:Snechameleon","floor":24,"turns":2},{"damage":6,"enemies":"theDuelist:KaibaA2","floor":27,"turns":2},{"damage":24,"enemies":"Replay:Snechameleon","floor":29,"turns":2},{"damage":0,"enemies":"2 Thieves","floor":30,"turns":2},{"damage":9,"enemies":"theDuelist:KaibaA2","floor":31,"turns":4},{"damage":0,"enemies":"Pondfish","floor":33,"turns":3},{"damage":10,"enemies":"3 Shapes","floor":35,"turns":2},{"damage":14,"enemies":"R_Hoarder","floor":39,"turns":6},{"damage":7,"enemies":"Giant Head","floor":41,"turns":4},{"damage":4,"enemies":"Orb Walker","floor":42,"turns":2},{"damage":2,"enemies":"R_Hoarder","floor":44,"turns":4},{"damage":0,"enemies":"Jaw Worm Horde","floor":45,"turns":2},{"damage":0,"enemies":"Spire Growth","floor":46,"turns":2},{"damage":0,"enemies":"3 Darklings","floor":48,"turns":3},{"damage":28,"enemies":"Donu and Deca","floor":50,"turns":4}],"seed_played":"-3907891380919726815","potions_obtained":[{"floor":1,"key":"LifebloodPotion"},{"floor":3,"key":"FearPotion"},{"floor":7,"key":"Swift Potion"},{"floor":14,"key":"ColorlessPotion"},{"floor":27,"key":"theDuelist:WaterBottle"},{"floor":29,"key":"theDuelist:LavaBottle"},{"floor":42,"key":"theDuelist:VampireVial"},{"floor":45,"key":"theDuelist:SealedPackB"},{"floor":47,"key":"PowerPotion"}],"is_trial":true,"path_per_floor":["M","?","M","M","?","R","M","E","T","?","R","M","$","E","R_BF","B",null,"M","?","E","?","T","R","E","R","T","E","$","E","M","E","R","B",null,"M","?","$","?","E","R","E","M","T","E","M","M","?","M","R","B",null],"character_chosen":"THE_DUELIST","items_purchased":["theDuelist:ShopToken","theDuelist:DragonRelicC","theDuelist:AkhenamkhanenSceptre","Replay:WaspNest","theDuelist:HorusServant","theDuelist:FlamingBottle","theDuelist:StunPotion"],"campfire_rested":4,"item_purchase_floors":[13,13,28,28,28,37,37],"current_hp_per_floor":[71,24,24,24,24,48,48,35,35,35,59,59,59,59,59,59,80,73,73,60,80,80,80,53,53,53,47,47,23,23,14,30,30,56,46,46,46,46,32,32,25,21,21,19,21,23,1,7,23,5],"gold":885,"neow_bonus":"","is_daily":false,"chose_seed":false,"campfire_upgraded":4,"win_rate":0.0,"timestamp":1613228033,"path_taken":["M","?","M","M","?","R","M","E","T","?","R","?","$","E","R_BF","BOSS","M","?","?","?","?","R","E","R","T","E","$","?","?","E","R","BOSS","M","?","$","?","?","R","E","?","T","?","M","M","?","M","R","BOSS"],"items_purchased_type":["Relic","Relic","Relic","Relic","Card","Potion","Potion"],"build_version":"2020-12-22","purchased_purges":1,"victory":true,"max_hp_per_floor":[80,80,80,80,80,80,80,80,80,80,80,80,80,80,80,80,80,80,80,80,80,80,80,80,80,80,80,56,56,56,56,56,56,56,56,56,56,56,56,56,56,56,56,56,56,56,56,56,56,56],"card_choices":[{"not_picked":["theDuelist:BattleguardKing","theDuelist:ReinforcementsArmy","theDuelist:PurplePainOni","theDuelist:ForbiddenChalice","theDuelist:LabyrinthWall"],"picked":"SKIP","floor":8},{"not_picked":["theDuelist:Kabazauls","theDuelist:Hydrogeddon","theDuelist:DarkHorus","theDuelist:BlackStego"],"picked":"theDuelist:TwinHeadedFire","floor":14},{"not_picked":["theDuelist:DefensiveTactics","theDuelist:CyberDragonInfinity","theDuelist:BlueDuston","theDuelist:ArmageddonDragonEmp"],"picked":"theDuelist:GravityLash","floor":16},{"not_picked":["Amnesia","Languid"],"picked":"Pain","floor":17},{"not_picked":["Replay:Hysterical Blindness","ReplayTheSpireMod:Doomed"],"picked":"Pain","floor":17},{"not_picked":["Spreading Infection","theDuelist:CurseDarkness"],"picked":"Injury","floor":17},{"not_picked":["theDuelist:RedEyesZombie","theDuelist:Destroyersaurus+1","theDuelist:CyberDragon"],"picked":"SKIP","floor":20},{"not_picked":["theDuelist:RedEyesZombie","theDuelist:BlueEyes","theDuelist:LeviaDragon","theDuelist:DarkfireDragon","theDuelist:BSkullDragon"],"picked":"SKIP","floor":24},{"not_picked":["theDuelist:Beatraptor+1","theDuelist:DragonPiper+1","theDuelist:MoltenDestruction","theDuelist:MadSwordBeast+1"],"picked":"theDuelist:MirageDragon","floor":27},{"not_picked":["theDuelist:MaskedDragon","theDuelist:MoltenDestruction","theDuelist:CyberDragonVier","theDuelist:AncientGearGadjiltron"],"picked":"theDuelist:CoralDragon","floor":29},{"not_picked":["theDuelist:MadSwordBeast+1","theDuelist:Babycerasaurus","theDuelist:FrostflameDragon","theDuelist:AncientRules"],"picked":"theDuelist:SilverWing+1","floor":31},{"not_picked":["theDuelist:GaiaDragonChamp","theDuelist:CyberDragonInfinity+1","theDuelist:BSkullDragon","theDuelist:ArmageddonDragonEmp"],"picked":"theDuelist:DragonMastery+1","floor":33},{"not_picked":["theDuelist:BlackPtera","theDuelist:CyberDragonDrei+1","theDuelist:Anthrosaurus","theDuelist:Pyrorex","theDuelist:BackgroundDragon+1"],"picked":"SKIP","floor":39},{"not_picked":["theDuelist:TwinHeadedFire+1","theDuelist:MirageDragon","theDuelist:MaskedDragon","theDuelist:Kabazauls","theDuelist:StampingDestruction+1"],"picked":"SKIP","floor":41},{"not_picked":["theDuelist:BigFire+1","theDuelist:ForbiddenLance+1","theDuelist:LightningDarts+1","theDuelist:RainbowOverdragon"],"picked":"theDuelist:SmashingGround+1","floor":44}],"player_experience":336139,"relics_obtained":[{"floor":1,"key":"Pen Nib"},{"floor":2,"key":"CaptainsWheel"},{"floor":2,"key":"Lizard Tail"},{"floor":2,"key":"Turnip"},{"floor":3,"key":"Replay:Bandana"},{"floor":4,"key":"Bag of Marbles"},{"floor":7,"key":"Cables"},{"floor":8,"key":"HornCleat"},{"floor":9,"key":"War Paint"},{"floor":12,"key":"Bronze Scales"},{"floor":14,"key":"Self Forming Clay"},{"floor":18,"key":"theDuelist:SummonAnchor"},{"floor":20,"key":"Smiling Mask"},{"floor":22,"key":"Gremlin Food"},{"floor":22,"key":"Dream Catcher"},{"floor":24,"key":"Happy Flower"},{"floor":26,"key":"Ancient Tea Set"},{"floor":26,"key":"ReplayTheSpireMod:TigerMarble"},{"floor":27,"key":"theDuelist:DragonRelic"},{"floor":29,"key":"Ice Cream"},{"floor":30,"key":"Frozen Egg 2"},{"floor":31,"key":"Gremlin Horn"},{"floor":35,"key":"Pocketwatch"},{"floor":39,"key":"theDuelist:BoosterBetterBoostersRelic"},{"floor":41,"key":"Blue Doll"},{"floor":42,"key":"Prayer Wheel"},{"floor":43,"key":"Bag of Preparation"},{"floor":44,"key":"Bird Faced Urn"},{"floor":45,"key":"theDuelist:MillenniumArmor"},{"floor":46,"key":"theDuelist:PrayerPageB"},{"floor":47,"key":"Whetstone"},{"floor":48,"key":"theDuelist:DuelistOrichalcum"}],"event_choices":[{"damage_healed":0,"gold_gain":0,"player_choice":"Fight","duelist":true,"damage_taken":0,"max_hp_gain":0,"max_hp_loss":0,"event_name":"Battle City","floor":2,"gold_loss":0},{"damage_healed":0,"gold_gain":0,"player_choice":"Took item - Received: Millennium Prayerbook","duelist":true,"damage_taken":0,"max_hp_gain":0,"max_hp_loss":0,"event_name":"Millennium Items","floor":5,"gold_loss":0},{"damage_healed":0,"gold_gain":0,"player_choice":"Leave","duelist":true,"damage_taken":0,"max_hp_gain":0,"max_hp_loss":0,"event_name":"Tomb of the Nameless","floor":10,"gold_loss":0},{"damage_healed":0,"gold_gain":0,"player_choice":"Trade","damage_taken":0,"relics_obtained":["SsserpentHead"],"max_hp_gain":0,"max_hp_loss":0,"event_name":"FaceTrader","floor":19,"gold_loss":0},{"damage_healed":26,"gold_gain":0,"player_choice":"Heal","damage_taken":0,"max_hp_gain":0,"max_hp_loss":0,"event_name":"The Library","floor":21,"gold_loss":0},{"damage_healed":0,"gold_gain":0,"player_choice":"Leave","duelist":true,"damage_taken":0,"max_hp_gain":0,"max_hp_loss":0,"event_name":"Relic Duplicator","floor":36,"gold_loss":0},{"damage_healed":0,"gold_gain":0,"player_choice":"Leave","duelist":true,"damage_taken":0,"max_hp_gain":0,"max_hp_loss":0,"event_name":"Card Trader","floor":38,"gold_loss":0}],"is_beta":false,"boss_relics":[{"not_picked":["HoveringKite","Replay:Drink Me"],"picked":"Replay:Ancient Bell"},{"not_picked":["ReplayTheSpireMod:Lightbulb","Snake Skull"],"picked":"theDuelist:ZoneToken"},{"not_picked":["Darkstone Periapt","Question Card"],"picked":"Matryoshka"},{"not_picked":["Replay:PocketPolymizer","Gambling Chip"],"picked":"Unceasing Top"},{"not_picked":["Abe\u0027s Treasure","theDuelist:MillenniumKey"],"picked":"SacredBark"}],"items_purged_floors":[37],"is_endless":false,"potions_floor_spawned":[1,3,7,14,27,29,42,45,48],"ascension_level":0}}