{"host":"oqv3vxnsjitmn8w8","time":1613196656,"event":{"mods":["BaseMod","DeckTracker","Minty Spire (QoL Compilation)","StSLib","WarShipGirlsR/??á´Ò³R mod"],"gold_per_floor":[115,190,41,41,41,41,76,76,76,76,89,89,52,52,52,171,171,194,214,10,10,24,67,67,83,83,83,96,120,139,153,153,272,272,293,146,36,57,357,357,390,406,459,459,459,42,0,0,0,0],"floor_reached":51,"language":"KOR","playtime":2562,"items_purged":["Pain","Injury","Writhe"],"score":791,"play_id":"ffcb042d-bbbc-4bf4-b728-a3925c23a14b","local_time":"20210213151056","is_ascension_mode":false,"campfire_choices":[{"data":"rmod:wasp","floor":6,"key":"SMITH"},{"data":"rmod:intelligenceanalysis","floor":8,"key":"SMITH"},{"floor":10,"key":"REST"},{"data":"rmod:basicallowance","floor":12,"key":"SMITH"},{"data":"rmod:wasp","floor":15,"key":"SMITH"},{"floor":24,"key":"REST"},{"floor":32,"key":"REST"},{"floor":40,"key":"REST"},{"floor":49,"key":"REST"}],"circlet_count":0,"master_deck":["rmod:strick","rmod:strick","rmod:strick","rmod:strick","rmod:defend","rmod:defend","rmod:defend","rmod:defend","rmod:basicallowance+1","rmod:maingunfire","rmod:intelligenceanalysis+1","rmod:wasp+1","rmod:firesupport","rmod:wasp+1","CurseOfTheBell","rmod:aggressivemary+1","rmod:mineteam+1","rmod:openingtorpedo","rmod:wasp","rmod:garrisonisland","rmod:gendarmerie","rmod:concentratefire","rmod:abidefaith","rmod:mineteam","rmod:desperatesituation+1"],"relics":["Golden Idol","Peace Pipe","Singing Bowl","Pear","Calling Bell","Potion Belt","Mummified Hand","FossilizedHelix","Bag of Preparation","Pocketwatch","CultistMask","rmod:mogul","Membership Card","Bronze Scales","Lizard Tail","Blood Vial","Ginger","Prayer Wheel","Frozen Egg 2","Red Mask"],"acts_visited":["Exordium","TheCity","TheBeyond"],"potions_floor_usage":[50,50,50,50],"damage_taken":[{"damage":8,"enemies":"Jaw Worm","floor":1,"turns":4},{"damage":28,"enemies":"Lagavulin","floor":7,"turns":7},{"damage":0,"enemies":"Small Slimes","floor":11,"turns":3},{"damage":62,"enemies":"Hexaghost","floor":16,"turns":8},{"damage":10,"enemies":"Spheric Guardian","floor":18,"turns":4},{"damage":20,"enemies":"3 Byrds","floor":19,"turns":6},{"damage":18,"enemies":"Shelled Parasite and Fungi","floor":22,"turns":4},{"damage":17,"enemies":"Book of Stabbing","floor":23,"turns":4},{"damage":15,"enemies":"Centurion and Healer","floor":25,"turns":3},{"damage":0,"enemies":"Cultist and Chosen","floor":28,"turns":4},{"damage":22,"enemies":"Snake Plant","floor":29,"turns":3},{"damage":4,"enemies":"Centurion and Healer","floor":30,"turns":3},{"damage":8,"enemies":"Cultist and Chosen","floor":31,"turns":5},{"damage":47,"enemies":"Automaton","floor":33,"turns":9},{"damage":44,"enemies":"Orb Walker","floor":35,"turns":5},{"damage":19,"enemies":"3 Darklings","floor":38,"turns":3},{"damage":36,"enemies":"Nemesis","floor":41,"turns":6},{"damage":10,"enemies":"Maw","floor":42,"turns":6},{"damage":101,"enemies":"Donu and Deca","floor":50,"turns":7}],"seed_played":"-7920017271975990668","potions_obtained":[{"floor":1,"key":"SpeedPotion"},{"floor":16,"key":"SmokeBomb"},{"floor":18,"key":"DuplicationPotion"},{"floor":22,"key":"Swift Potion"},{"floor":33,"key":"Strength Potion"},{"floor":42,"key":"EssenceOfSteel"}],"is_trial":false,"path_per_floor":["M","?","$","?","?","R","E","R","T","R","M","R","$","?","R","B",null,"M","M","$","?","M","E","R","M","T","?","M","M","M","M","R","B",null,"M","$","$","M","?","R","E","M","T","T","?","$","?","?","R","B",null],"character_chosen":"PRAEFECT","items_purchased":["rmod:wasp","rmod:wasp","rmod:mineteam","rmod:openingtorpedo","Membership Card","Bronze Scales","rmod:mineteam","Prayer Wheel","Frozen Egg 2","rmod:desperatesituation+1"],"campfire_rested":5,"item_purchase_floors":[3,13,20,20,36,37,37,46,46,46],"current_hp_per_floor":[81,70,70,70,67,67,41,41,51,81,81,81,81,81,81,21,103,93,75,75,75,57,42,74,61,61,61,61,39,35,29,62,15,111,69,69,69,52,52,86,52,44,44,44,74,74,74,74,109,10],"gold":0,"neow_bonus":"TWENTY_PERCENT_HP_BONUS","is_daily":false,"chose_seed":false,"campfire_upgraded":4,"win_rate":0.0,"timestamp":1613196656,"path_taken":["M","?","$","?","?","R","E","R","T","R","M","R","$","?","R","BOSS","M","M","$","?","M","E","R","?","T","?","M","?","M","M","R","BOSS","M","?","$","M","?","R","E","?","T","?","?","$","?","?","R","BOSS"],"items_purchased_type":["Card","Card","Card","Card","Relic","Relic","Card","Relic","Relic","Card"],"build_version":"2020-12-22","purchased_purges":3,"victory":true,"max_hp_per_floor":[89,89,89,89,89,89,91,91,101,101,101,101,101,101,101,103,103,103,105,105,105,105,107,107,109,109,109,109,109,109,111,111,111,111,113,113,113,115,115,115,117,119,119,119,119,119,119,119,119,119],"card_choices":[{"not_picked":["rmod:tearstotiara","rmod:steelsupply"],"picked":"rmod:intelligenceanalysis","floor":1},{"not_picked":["rmod:guardianhero","rmod:tearstotiara","rmod:robin"],"picked":"Singing Bowl","floor":7},{"not_picked":["rmod:highspeedshooting","rmod:steelsupply"],"picked":"rmod:firesupport","floor":11},{"not_picked":["rmod:windflower","rmod:seals","rmod:highspeedmaneuver"],"picked":"Singing Bowl","floor":16},{"not_picked":["rmod:highspeedshooting+1","rmod:intelligenceanalysis"],"picked":"rmod:aggressivemary+1","floor":18},{"not_picked":["rmod:diamondstrike","rmod:timeschanged","rmod:tearstotiara"],"picked":"Singing Bowl","floor":19},{"not_picked":["rmod:guardianhero","rmod:unsinkable"],"picked":"rmod:wasp","floor":22},{"not_picked":["rmod:slowdown","rmod:luckystar","rmod:shuttlebombing"],"picked":"Singing Bowl","floor":23},{"not_picked":["rmod:unsinkable","rmod:diamondstrike","rmod:ridicule"],"picked":"Singing Bowl","floor":25},{"not_picked":["rmod:supportescort+1","rmod:ammunitionsupply"],"picked":"rmod:garrisonisland","floor":28},{"not_picked":["rmod:supportescort","rmod:highspeedshooting"],"picked":"rmod:gendarmerie","floor":29},{"not_picked":["rmod:intelligenceanalysis","rmod:ammunitionsupply"],"picked":"rmod:concentratefire","floor":30},{"not_picked":["rmod:selfconfidence","rmod:diamondstrike","rmod:gendarmerie"],"picked":"Singing Bowl","floor":31},{"not_picked":["rmod:fletcher","rmod:highspeedmaneuver"],"picked":"rmod:abidefaith","floor":33},{"not_picked":["rmod:circuitoustactics+1","rmod:combined","rmod:overbreakdown"],"picked":"Singing Bowl","floor":35},{"not_picked":["rmod:capitalist","rmod:smokecover","rmod:goodsister+1"],"picked":"Singing Bowl","floor":38},{"not_picked":["rmod:victimresponsibility","rmod:garrisonisland+1","rmod:combined+1"],"picked":"Singing Bowl","floor":41},{"not_picked":["rmod:launchingtorpedo+1","rmod:victimresponsibility","rmod:wife+1"],"picked":"Singing Bowl","floor":42}],"player_experience":105311,"relics_obtained":[{"floor":7,"key":"Singing Bowl"},{"floor":9,"key":"Pear"},{"floor":17,"key":"Potion Belt"},{"floor":17,"key":"Mummified Hand"},{"floor":17,"key":"FossilizedHelix"},{"floor":23,"key":"Bag of Preparation"},{"floor":26,"key":"Pocketwatch"},{"floor":41,"key":"Lizard Tail"},{"floor":43,"key":"Blood Vial"},{"floor":44,"key":"Ginger"}],"event_choices":[{"damage_healed":0,"gold_gain":75,"player_choice":"Gather Gold","damage_taken":11,"max_hp_gain":0,"max_hp_loss":0,"event_name":"World of Goop","floor":2,"gold_loss":0},{"damage_healed":0,"gold_gain":0,"player_choice":"Take Wound","damage_taken":0,"relics_obtained":["Golden Idol"],"max_hp_gain":0,"max_hp_loss":0,"event_name":"Golden Idol","floor":4,"gold_loss":0,"cards_obtained":["Injury"]},{"damage_healed":0,"gold_gain":0,"player_choice":"Success","damage_taken":3,"relics_obtained":["Peace Pipe"],"max_hp_gain":0,"max_hp_loss":0,"event_name":"Scrap Ooze","floor":5,"gold_loss":0},{"damage_healed":0,"gold_gain":0,"player_choice":"Ignored","damage_taken":0,"max_hp_gain":0,"max_hp_loss":0,"event_name":"Golden Wing","floor":14,"gold_loss":0},{"damage_healed":0,"gold_gain":0,"player_choice":"Forge","damage_taken":0,"max_hp_gain":0,"max_hp_loss":0,"event_name":"Accursed Blacksmith","floor":21,"gold_loss":0,"cards_upgraded":["rmod:mineteam"]},{"damage_healed":0,"gold_gain":0,"player_choice":"Trade","damage_taken":0,"relics_obtained":["CultistMask"],"max_hp_gain":0,"max_hp_loss":0,"event_name":"FaceTrader","floor":27,"gold_loss":0},{"damage_healed":0,"gold_gain":300,"player_choice":"Gold","damage_taken":0,"max_hp_gain":0,"max_hp_loss":0,"event_name":"Wheel of Change","floor":39,"gold_loss":0},{"damage_healed":30,"gold_gain":0,"player_choice":"Writhe","damage_taken":0,"max_hp_gain":0,"max_hp_loss":0,"event_name":"Winding Halls","floor":45,"gold_loss":0,"cards_obtained":["Writhe"]},{"damage_healed":0,"gold_gain":0,"player_choice":"Paid","damage_taken":0,"relics_obtained":["Red Mask"],"max_hp_gain":0,"max_hp_loss":0,"event_name":"Tomb of Lord Red Mask","floor":47,"gold_loss":42},{"damage_healed":0,"gold_gain":0,"player_choice":"Got Potions","damage_taken":0,"max_hp_gain":0,"max_hp_loss":0,"event_name":"Lab","floor":48,"gold_loss":0}],"is_beta":false,"boss_relics":[{"not_picked":["Sozu","Coffee Dripper"],"picked":"Calling Bell"},{"not_picked":["Empty Cage","Cursed Key"],"picked":"rmod:mogul"}],"items_purged_floors":[3,20,46],"is_endless":false,"potions_floor_spawned":[1,16,18,22,33,42],"ascension_level":0}}