{"host":"8vqkh0x3c7vpgzzm","time":1613253807,"event":{"mods":["AchievementEnabler","BaseMod","Colored Map","Colored Powertips","Curses Come First","DeckTracker","Highlight Path","Minty Spire (QoL Compilation)","Permanent Neow","Quick Restart","Random Character Mod","Rare Cards Sparkle","Relic Sorter","Relic Stats","StSLib","SuperFastMode","Unceasing Turn Reminder","egg","everything is the same but u backflip on backflip"],"gold_per_floor":[112,112,187,187,53,86,86,86,113,113,133,133,133,148,148,226,226,186,35,0,16,16,16,16,16,16,29,64,64,64,76,76,76,76],"floor_reached":33,"language":"ENG","playtime":1076,"items_purged":["Defend_R"],"score":518,"play_id":"a5beb0de-ae41-42ab-bc87-31cbea78dbf2","local_time":"20210213230327","is_ascension_mode":true,"campfire_choices":[{"data":"Disarm","floor":7,"key":"SMITH"},{"floor":10,"key":"REST"},{"data":"Ghostly Armor","floor":12,"key":"SMITH"},{"floor":15,"key":"REST"},{"data":"Offering","floor":23,"key":"SMITH"},{"floor":25,"key":"REST"},{"data":"Fire Breathing","floor":30,"key":"SMITH"},{"floor":32,"key":"REST"}],"circlet_count":0,"master_deck":["AscendersBane","Strike_R","Strike_R","Strike_R","Strike_R","Defend_R","Defend_R+1","Bash+1","Ghostly Armor+1","Seeing Red+1","Fire Breathing+1","Disarm+1","Infernal Blade","Offering+1","Clothesline","Spot Weakness","Shockwave","Pommel Strike","Power Through+1","Parasite","Cleave"],"relics":["Burning Blood","Champion Belt","Smiling Mask","Oddly Smooth Stone","Cursed Key","WingedGreaves"],"acts_visited":["Exordium","TheCity"],"potions_floor_usage":[6,18,27,28],"damage_taken":[{"damage":9,"enemies":"2 Louse","floor":1,"turns":4},{"damage":20,"enemies":"3 Sentries","floor":6,"turns":5},{"damage":5,"enemies":"Small Slimes","floor":11,"turns":4},{"damage":9,"enemies":"Jaw Worm","floor":14,"turns":6},{"damage":25,"enemies":"Slime Boss","floor":16,"turns":9},{"damage":6,"enemies":"2 Thieves","floor":18,"turns":5},{"damage":33,"enemies":"Spheric Guardian","floor":21,"turns":4},{"damage":19,"enemies":"Centurion and Healer","floor":27,"turns":6},{"damage":12,"enemies":"Book of Stabbing","floor":28,"turns":4},{"damage":15,"enemies":"Snecko","floor":31,"turns":4},{"damage":82,"enemies":"Automaton","floor":33,"turns":8}],"seed_played":"833151756563007260","potions_obtained":[{"floor":1,"key":"Explosive Potion"},{"floor":16,"key":"Swift Potion"},{"floor":21,"key":"AttackPotion"},{"floor":27,"key":"LiquidMemories"},{"floor":28,"key":"FairyPotion"}],"is_trial":false,"path_per_floor":["M","?","?","?","$","E","R","?","T","R","M","R","?","M","R","B",null,"M","$","?","M","T","R","$","R","T","M","E","?","R","M","R","B"],"character_chosen":"IRONCLAD","items_purchased":["Seeing Red","Fire Breathing","Clothesline","Spot Weakness"],"campfire_rested":4,"item_purchase_floors":[5,5,19,19],"current_hp_per_floor":[65,58,47,47,47,33,33,10,10,32,33,33,22,19,41,22,62,62,62,62,35,35,35,35,57,57,44,38,38,38,29,51,0,0],"gold":76,"neow_bonus":"UPGRADE_CARD","is_daily":false,"chose_seed":false,"campfire_upgraded":4,"win_rate":0.0,"timestamp":1613253807,"path_taken":["M","?","?","?","$","E","R","?","T","R","M","R","?","?","R","BOSS","M","$","?","M","?","R","$","R","T","M","E","?","R","M","R","BOSS"],"items_purchased_type":["Card","Card","Card","Card"],"build_version":"2020-12-22","purchased_purges":1,"victory":false,"max_hp_per_floor":[75,75,75,75,75,75,75,75,75,75,75,75,75,75,75,75,75,75,75,75,75,75,75,75,75,75,75,75,75,75,75,75,75,75],"relic_stats":{"counters":[11,59],"Champion Belt":[17],"Smiling Mask":25,"Cursed Key":0,"obtain_stats":[{"Oddly Smooth Stone":13,"WingedGreaves":28,"Champion Belt":6,"Smiling Mask":9,"Cursed Key":17,"Burning Blood":0},{"Oddly Smooth Stone":3,"WingedGreaves":9,"Champion Belt":2,"Smiling Mask":2,"Cursed Key":5,"Burning Blood":0},{"Oddly Smooth Stone":13,"WingedGreaves":47,"Champion Belt":9,"Smiling Mask":9,"Cursed Key":28,"Burning Blood":0}],"Burning Blood":60},"card_choices":[{"not_picked":["Dual Wield","Intimidate"],"picked":"Ghostly Armor","floor":1},{"not_picked":["Heavy Blade","Blood for Blood"],"picked":"Disarm","floor":6},{"not_picked":["Armaments","Anger","True Grit"],"picked":"SKIP","floor":11},{"not_picked":["Fire Breathing","Sword Boomerang"],"picked":"Infernal Blade","floor":14},{"not_picked":["Brutality","Corruption"],"picked":"Offering","floor":16},{"not_picked":["Rupture","Havoc+1","Thunderclap"],"picked":"SKIP","floor":18},{"not_picked":["Armaments","Warcry"],"picked":"Shockwave","floor":21},{"not_picked":["Warcry","Sentinel"],"picked":"Pommel Strike","floor":27},{"not_picked":["Dark Embrace","Bludgeon"],"picked":"Power Through+1","floor":28},{"not_picked":["Bloodletting","Carnage"],"picked":"Cleave","floor":31}],"player_experience":548999,"relics_obtained":[{"floor":6,"key":"Champion Belt"},{"floor":9,"key":"Smiling Mask"},{"floor":28,"key":"WingedGreaves"}],"event_choices":[{"cards_removed":["Defend_R"],"damage_healed":0,"gold_gain":0,"player_choice":"Card Removal","damage_taken":7,"max_hp_gain":0,"max_hp_loss":0,"event_name":"Golden Wing","floor":2,"gold_loss":0},{"damage_healed":0,"gold_gain":75,"player_choice":"Gather Gold","damage_taken":11,"max_hp_gain":0,"max_hp_loss":0,"event_name":"World of Goop","floor":3,"gold_loss":0},{"cards_removed":["Strike_R"],"damage_healed":0,"gold_gain":0,"player_choice":"Forget","damage_taken":0,"max_hp_gain":0,"max_hp_loss":0,"event_name":"Living Wall","floor":4,"gold_loss":0},{"damage_healed":0,"gold_gain":0,"player_choice":"Entered Light","damage_taken":23,"max_hp_gain":0,"max_hp_loss":0,"event_name":"Shining Light","floor":8,"gold_loss":0,"cards_upgraded":["Seeing Red","Defend_R"]},{"damage_healed":0,"gold_gain":0,"player_choice":"Success","damage_taken":11,"relics_obtained":["Oddly Smooth Stone"],"max_hp_gain":0,"max_hp_loss":0,"event_name":"Scrap Ooze","floor":13,"gold_loss":0},{"damage_healed":0,"gold_gain":0,"player_choice":"Paid Fearfully","damage_taken":0,"max_hp_gain":0,"max_hp_loss":0,"event_name":"Masked Bandits","floor":20,"gold_loss":35},{"damage_healed":0,"gold_gain":0,"player_choice":"1 cards matched","damage_taken":0,"max_hp_gain":0,"max_hp_loss":0,"event_name":"Match and Keep!","floor":29,"gold_loss":0,"cards_obtained":["Parasite"]}],"is_beta":false,"boss_relics":[{"not_picked":["Coffee Dripper","Ectoplasm"],"picked":"Cursed Key"}],"items_purged_floors":[19],"is_endless":false,"potions_floor_spawned":[1,16,21,27,28],"killed_by":"Automaton","ascension_level":20}}