{"host":"za9ilm1uiwmpmin1","time":1613220486,"event":{"mods":["AchievementEnabler","Act Like it!","BaseMod","Dota2Spire","Downfall","Friendly Minions","KomeijiMod","Lobotomy","LobotomyExtend","Minty Spire (QoL Compilation)","MostiFishMod","Reorder Act Four","RumiaBox-露米娅的神秘盒子","StSLib","TestMod","Waifu the Spire","[IsaacMod]以撒尖塔","【功能Mod】混沌之环修复补丁"],"gold_per_floor":[123,138,156,172,172,207,207,233,260,272,288,329,329,131,131,230,230,257,284,309,309,309,352,352,400,425,475,396,422,469,495,495,591,591,602,602,628,628,655,692,692,738,783,783,830,666,695,723,723,741,741],"floor_reached":52,"language":"ZHS","playtime":2192,"items_purged":["sneckomod:Strike","sneckomod:Strike","sneckomod:Defend"],"score":2478,"play_id":"d267d0d0-37f6-4b6d-8a1b-8abcc8ac3953","local_time":"20210213204806","is_ascension_mode":true,"campfire_choices":[{"data":"Metamorphosis","floor":24.0,"key":"SMITH"}],"circlet_count":0,"master_deck":["AscendersBane","sneckomod:Defend","sneckomod:TailWhip","Metamorphosis+1","sneckomod:Rotation","sneckomod:WideSting+1","HagoromoKu","champ:GladiatorStyle","sneckomod:TrashToTreasure","KimairaNoYoku","sneckomod:SerpentMind","champ:RageSigil","TerribleSouvenir","sneckomod:UnknownClassTHE_CHAMP_GRAY","MunenMusou"],"relics":["sneckomod:SneckoSoul","DaveBox","HushsDoor","testmod-TestBox","testmod-DeterminationOfClimber","DeadEye","OriginationStaff","SynthV:TestCard","LetterFromLob","sneckomod:LoadedDie","SteamSale","testmod-Prudence","ImprovedEquipment","Bottled Tornado","Dota2Spire:LotusOrb","testmod-Justice","Empty Cage","HonorFeather","Molten Egg 2","TuHaoJin","Dota2Spire:ArmletOfMordiggian","sneckomod:SneckoCommon","TheAbacus","Vajra"],"acts_visited":["Exordium","TheCity","TheBeyond"],"potions_floor_usage":[],"damage_taken":[{"damage":1.0,"enemies":"Small Slimes","floor":1.0,"turns":3.0},{"damage":15.0,"enemies":"2 Louse","floor":2.0,"turns":3.0},{"damage":2.0,"enemies":"Jaw Worm","floor":3.0,"turns":2.0},{"damage":1.0,"enemies":"Exordium Thugs","floor":4.0,"turns":2.0},{"damage":0.0,"enemies":"Lagavulin","floor":6.0,"turns":4.0},{"damage":0.0,"enemies":"Large Slime","floor":8.0,"turns":2.0},{"damage":4.0,"enemies":"3 Louse","floor":10.0,"turns":3.0},{"damage":12.0,"enemies":"Exordium Wildlife","floor":11.0,"turns":3.0},{"damage":0.0,"enemies":"Gremlin Nob","floor":12.0,"turns":2.0},{"damage":0.0,"enemies":"The Guardian","floor":16.0,"turns":2.0},{"damage":0.0,"enemies":"Shell Parasite","floor":18.0,"turns":1.0},{"damage":0.0,"enemies":"3 Byrds","floor":19.0,"turns":1.0},{"damage":0.0,"enemies":"Cultist and Chosen","floor":20.0,"turns":2.0},{"damage":0.0,"enemies":"Gremlin Leader","floor":23.0,"turns":1.0},{"damage":0.0,"enemies":"Slavers","floor":25.0,"turns":1.0},{"damage":0.0,"enemies":"Chosen and Byrds","floor":29.0,"turns":1.0},{"damage":0.0,"enemies":"Book of Stabbing","floor":30.0,"turns":1.0},{"damage":0.0,"enemies":"Centurion and Healer","floor":31.0,"turns":1.0},{"damage":0.0,"enemies":"Automaton","floor":33.0,"turns":1.0},{"damage":0.0,"enemies":"Orb Walker","floor":35.0,"turns":1.0},{"damage":0.0,"enemies":"Orb Walker","floor":37.0,"turns":1.0},{"damage":0.0,"enemies":"3 Shapes","floor":39.0,"turns":1.0},{"damage":0,"enemies":"Reptomancer","floor":40,"turns":1},{"damage":0,"enemies":"Giant Head","floor":42,"turns":1},{"damage":0,"enemies":"Reptomancer","floor":45,"turns":1},{"damage":0,"enemies":"Writhing Mass","floor":47,"turns":2},{"damage":0,"enemies":"Sphere and 2 Shapes","floor":48,"turns":1},{"damage":0,"enemies":"Donu and Deca","floor":50,"turns":1}],"seed_played":"-2161921049183502508","potions_obtained":[{"floor":1.0,"key":"Dexterity Potion"},{"floor":4.0,"key":"SpeedPotion"},{"floor":8.0,"key":"Swift Potion"},{"floor":12.0,"key":"ColorlessPotion"},{"floor":16.0,"key":"Dota2Spire:Clarity"},{"floor":25.0,"key":"Fire Potion"},{"floor":29.0,"key":"Dota2Spire:Clarity"}],"is_trial":false,"path_per_floor":["M","M","M","M","?","E","R","M","T","M","M","E","?","$","R","B",null,"M","M","M","?","?","E","R","E","T","?","$","M","E","M","R","B",null,"M","?","M","?","M","E","R","E","T","?","E","$","M","M","R","B",null,null],"character_chosen":"THE_SNECKO","items_purchased":["SteamSale","sneckomod:UnknownDraw","TheAbacus","Vajra"],"campfire_rested":0,"item_purchase_floors":[14,28,46,46],"current_hp_per_floor":[60,47,50,55,63,69,69,79,79,76,68,74,74,74,74,83,78,78,78,78,78,78,78,78,78,78,78,78,78,78,78,78,78,78,78,78,78,78,78,78,78,78,78,67,78,78,78,78,78,78,78],"gold":741,"neow_bonus":"RANDOM_COLORLESS_2","is_daily":false,"chose_seed":false,"campfire_upgraded":1,"win_rate":0.0,"timestamp":1613220486,"path_taken":["M","M","M","M","?","E","R","M","T","M","M","E","?","$","R","BOSS","M","M","M","?","?","E","R","E","T","?","$","M","E","M","R","BOSS","M","?","?","?","M","E","R","E","T","?","E","$","M","M","R","BOSS"],"items_purchased_type":["Relic","Card","Relic","Relic"],"build_version":"2020-12-22","purchased_purges":3,"victory":true,"max_hp_per_floor":[83,83,83,83,83,83,83,83,83,83,83,83,83,83,83,83,78,78,78,78,78,78,78,78,78,78,78,78,78,78,78,78,78,78,78,78,78,78,78,78,78,78,78,78,78,78,78,78,78,78,78],"card_choices":[{"not_picked":["MostiFishMod:Mottled","Searching"],"picked":"Metamorphosis","floor":0.0},{"not_picked":["sneckomod:ImprovisedGuard","sneckomod:Unknown2Cost"],"picked":"sneckomod:Rotation","floor":1.0},{"not_picked":["sneckomod:Unknown3Cost","Bomb","sneckomod:DiceBlock","sneckomod:QuickBite"],"picked":"sneckomod:Memorize","floor":2.0},{"not_picked":["sneckomod:CheapStock","sneckomod:MasterEye","sneckomod:UnknownCommonSkill","sneckomod:UnendingSupply","sneckomod:SoulDraw"],"picked":"SKIP","floor":3.0},{"not_picked":["sneckomod:QuickBite","sneckomod:SoulDraw","sneckomod:SoulCleanse","sneckomod:UnknownCommonSkill"],"picked":"Bomb","floor":4.0},{"not_picked":["sneckomod:CheapStock","sneckomod:QuickMove","sneckomod:UnknownColorless","sneckomod:UnknownUncommonAttack"],"picked":"sneckomod:WideSting","floor":6.0},{"not_picked":["sneckomod:UnknownRareAttack","sneckomod:DiceBlock","sneckomod:ImprovisedGuard","sneckomod:SoulDraw","sneckomod:UnknownUncommonPower"],"picked":"SKIP","floor":8.0},{"not_picked":["sneckomod:DiceCrush","sneckomod:MixItUp","sneckomod:UnknownClass古明地觉","sneckomod:UnknownCommonAttack"],"picked":"sneckomod:UnknownStrength","floor":10.0},{"not_picked":["sneckomod:SoulDraw","sneckomod:UnendingSupply","sneckomod:UnknownUncommonPower","sneckomod:Cheat","sneckomod:RainOfDice"],"picked":"SKIP","floor":11.0},{"not_picked":["sneckomod:SoulDraw","sneckomod:QuickMove","sneckomod:UnknownCommonAttack","sneckomod:QuickBite"],"picked":"sneckomod:TrashToTreasure","floor":12.0},{"not_picked":["sneckomod:UnknownBoss","sneckomod:Cheat","sneckomod:MorePower","sneckomod:UnknownRareAttack"],"picked":"sneckomod:SerpentMind","floor":16.0},{"not_picked":["sneckomod:UnknownClass古明地觉","sneckomod:SoulCleanse+1","sneckomod:MasterEye","sneckomod:SlitherStrike","sneckomod:QuickMove"],"picked":"SKIP","floor":18.0},{"not_picked":["sneckomod:UnknownUncommonPower+1","sneckomod:MasterEye","sneckomod:MixItUp","sneckomod:UnknownClassTHE_CHAMP_GRAY","sneckomod:IronFang"],"picked":"SKIP","floor":19.0},{"not_picked":["sneckomod:UnknownVulnerable","sneckomod:SoulRoll","sneckomod:DiceCrush+1","sneckomod:SnakeSap","sneckomod:UnknownStrike"],"picked":"SKIP","floor":20.0},{"not_picked":["sneckomod:DiceCrush","sneckomod:Mudshield","sneckomod:UnknownExhaust","sneckomod:Unknown1Cost+1","sneckomod:SoulRoll"],"picked":"SKIP","floor":23.0},{"not_picked":["sneckomod:DiceBoulder+1","sneckomod:ImprovisedAttack","sneckomod:DiceBlock","sneckomod:Nope","sneckomod:Unknown1Cost"],"picked":"SKIP","floor":25.0},{"not_picked":["sneckomod:SnekBeam","sneckomod:Mudshield","sneckomod:ImprovisedGuard+1","sneckomod:Unknown1Cost","sneckomod:UnknownDraw"],"picked":"SKIP","floor":29.0},{"not_picked":["sneckomod:MixItUp","sneckomod:SerpentIdol","sneckomod:TrashToTreasure","sneckomod:Unknown1Cost","sneckomod:SoulCleanse"],"picked":"SKIP","floor":30.0},{"not_picked":["sneckomod:MixItUp+1","sneckomod:UnendingSupply+1","sneckomod:UnknownDraw","sneckomod:DiceBlock","sneckomod:SoulRoll"],"picked":"SKIP","floor":31.0},{"not_picked":["sneckomod:UnknownCommonSkill","sneckomod:QuickBite","sneckomod:SerpentIdol+1","sneckomod:ImprovisedAttack"],"picked":"sneckomod:UnknownDraw","floor":37.0},{"not_picked":["sneckomod:UnknownClass古明地觉","sneckomod:MasterEye","sneckomod:UnknownWeak","sneckomod:Nope","sneckomod:IronFang"],"picked":"SKIP","floor":39.0},{"not_picked":["sneckomod:UnknownWeak","sneckomod:QuickMove","sneckomod:UnknownBlock","sneckomod:RainOfDice+1"],"picked":"sneckomod:UnknownStrength","floor":40},{"not_picked":["sneckomod:UnknownBlock","sneckomod:UnknownRarePower","sneckomod:SoulRoll+1","sneckomod:UnknownClass古明地觉+1","sneckomod:SlitherStrike+1"],"picked":"SKIP","floor":42},{"not_picked":["sneckomod:RainOfDice+1","sneckomod:UnknownUncommonAttack+1","sneckomod:QuickMove","sneckomod:Unknown2Cost","sneckomod:DiceCrush+1"],"picked":"SKIP","floor":45},{"not_picked":["sneckomod:RainOfDice+1","sneckomod:UnknownUncommonAttack+1","sneckomod:QuickMove","sneckomod:Unknown2Cost","sneckomod:DiceCrush+1"],"picked":"SKIP","floor":45},{"not_picked":["sneckomod:DefensiveFlair","sneckomod:WideSting+1","sneckomod:SoulDraw","sneckomod:UnknownBlock","sneckomod:UnknownDraw"],"picked":"SKIP","floor":47},{"not_picked":["sneckomod:RainOfDice+1","sneckomod:Mudshield","sneckomod:Unknown1Cost","sneckomod:UnknownDraw","sneckomod:SoulRoll"],"picked":"SKIP","floor":48}],"player_experience":1126792,"relics_obtained":[{"floor":1.0,"key":"SynthV:TestCard"},{"floor":1.0,"key":"LetterFromLob"},{"floor":6.0,"key":"sneckomod:LoadedDie"},{"floor":23.0,"key":"ImprovedEquipment"},{"floor":25.0,"key":"Bottled Tornado"},{"floor":26.0,"key":"Dota2Spire:LotusOrb"},{"floor":30.0,"key":"testmod-Justice"},{"floor":40,"key":"Molten Egg 2"},{"floor":42,"key":"TuHaoJin"},{"floor":43,"key":"Dota2Spire:ArmletOfMordiggian"},{"floor":45,"key":"sneckomod:SneckoCommon"}],"event_choices":[{"damage_healed":0.0,"max_hp_gain":0.0,"max_hp_loss":0.0,"gold_gain":0.0,"cards_transformed":["sneckomod:Strike"],"event_name":"Living Wall","player_choice":"Change","floor":13.0,"gold_loss":0.0,"damage_taken":0.0,"cards_obtained":["sneckomod:UnknownExhaust"]},{"damage_healed":0.0,"max_hp_gain":0.0,"max_hp_loss":0.0,"gold_gain":0.0,"event_name":"Ghosts","player_choice":"Ignored","floor":22.0,"gold_loss":0.0,"damage_taken":0.0},{"damage_healed":0.0,"max_hp_gain":0.0,"max_hp_loss":0.0,"gold_gain":50.0,"event_name":"Nest","player_choice":"Stole From Cult","floor":27.0,"gold_loss":0.0,"damage_taken":0.0},{"cards_removed":["sneckomod:Unknown"],"damage_healed":0.0,"max_hp_gain":0.0,"max_hp_loss":0.0,"gold_gain":0.0,"event_name":"Falling","player_choice":"Removed Skill","floor":38.0,"gold_loss":0.0,"damage_taken":0.0},{"damage_healed":0,"gold_gain":0,"player_choice":"Damaged","damage_taken":11,"max_hp_gain":0,"max_hp_loss":0,"event_name":"Wheel of Change","floor":44,"gold_loss":0}],"is_beta":false,"boss_relics":[{"not_picked":["SacredBark","SoulBox"],"picked":"testmod-Prudence"},{"not_picked":[]},{"not_picked":["testmod-SaigiyounoYou","Runic Dome"],"picked":"Empty Cage"},{"not_picked":[]}],"items_purged_floors":[14,17,28],"is_endless":false,"potions_floor_spawned":[1,4,8,12,16,20,23,25,29,31,39,40],"ascension_level":18}}