{"host":"q4axc00jr2bozlh9","time":1613212053,"event":{"mods":["AchievementEnabler","BaseMod","Bestiary","Colored Map","Colored Powertips","Curses Come First","Minty Spire (QoL Compilation)","Relic Stats","StSLib","SuperFastMode","UnlockEverythingMod"],"gold_per_floor":[111,131,144,419,432,432,457,457,457,477,108,126,142,159,159,256,256,275,290,325,325,344,371,371,371,371,399,78,95,114,130,130,232,232,249,41,61,111,36,36,65,48,48,48,64,64,64,89,89,89,89,89,1,27,27,27],"floor_reached":55,"language":"ENG","playtime":2655,"items_purged":["Regret","Strike_R","Strike_R","Defend_R","Strike_R"],"score":844,"play_id":"d0949c92-9ab6-40ad-9f62-802158428089","local_time":"20210213112733","is_ascension_mode":false,"campfire_choices":[{"data":"Armaments","floor":6,"key":"SMITH"},{"data":"True Grit","floor":8,"key":"SMITH"},{"floor":15,"key":"REST"},{"floor":24,"key":"RECALL"},{"floor":32,"key":"REST"},{"floor":40,"key":"REST"},{"floor":47,"key":"REST"},{"floor":49,"key":"REST"},{"floor":52,"key":"REST"}],"circlet_count":0,"master_deck":["Strike_R","Strike_R","Defend_R","Defend_R","Defend_R","Bash","Infernal Blade","True Grit+1","Rampage","Armaments+1","Metallicize","The Bomb","Metallicize","Feed","Whirlwind+1","Inflame","Ghostly","Ghostly","Ghostly","Ghostly","Ghostly","Impervious","Inflame+1","Metallicize+1","Inflame","Dramatic Entrance"],"relics":["Burning Blood","Strawberry","Centennial Puzzle","Membership Card","Happy Flower","Fusion Hammer","Red Mask","Letter Opener","Tiny Chest","Ancient Tea Set","PreservedInsect","Strange Spoon","Mummified Hand","Akabeko","Velvet Choker","Thread and Needle","Du-Vu Doll","White Beast Statue","Darkstone Periapt","Anchor","FossilizedHelix"],"acts_visited":["Exordium","TheCity","TheBeyond","TheEnding"],"potions_floor_usage":[7,7,16,33,48,50,50,50],"damage_taken":[{"damage":5,"enemies":"Small Slimes","floor":1,"turns":4},{"damage":1,"enemies":"Cultist","floor":2,"turns":3},{"damage":9,"enemies":"Jaw Worm","floor":3,"turns":5},{"damage":17,"enemies":"Large Slime","floor":5,"turns":7},{"damage":34,"enemies":"Lagavulin","floor":7,"turns":6},{"damage":8,"enemies":"Lots of Slimes","floor":10,"turns":6},{"damage":4,"enemies":"Exordium Wildlife","floor":12,"turns":3},{"damage":3,"enemies":"Looter","floor":13,"turns":3},{"damage":11,"enemies":"3 Louse","floor":14,"turns":4},{"damage":11,"enemies":"The Guardian","floor":16,"turns":10},{"damage":5,"enemies":"Chosen","floor":18,"turns":6},{"damage":20,"enemies":"2 Thieves","floor":19,"turns":5},{"damage":13,"enemies":"Masked Bandits","floor":20,"turns":3},{"damage":2,"enemies":"Snecko","floor":22,"turns":6},{"damage":2,"enemies":"Book of Stabbing","floor":23,"turns":6},{"damage":0,"enemies":"Slavers","floor":27,"turns":4},{"damage":3,"enemies":"3 Cultists","floor":29,"turns":5},{"damage":1,"enemies":"Centurion and Healer","floor":30,"turns":4},{"damage":0,"enemies":"Sentry and Sphere","floor":31,"turns":6},{"damage":31,"enemies":"Collector","floor":33,"turns":10},{"damage":0,"enemies":"3 Darklings","floor":35,"turns":7},{"damage":2,"enemies":"Orb Walker","floor":37,"turns":5},{"damage":0,"enemies":"Mind Bloom Boss Battle","floor":38,"turns":5},{"damage":0,"enemies":"Nemesis","floor":41,"turns":11},{"damage":0,"enemies":"Transient","floor":45,"turns":5},{"damage":39,"enemies":"Reptomancer","floor":48,"turns":5},{"damage":43,"enemies":"Awakened One","floor":50,"turns":14},{"damage":0,"enemies":"Shield and Spear","floor":54,"turns":7},{"damage":69,"enemies":"The Heart","floor":55,"turns":5}],"seed_played":"6985497995533704598","potions_obtained":[{"floor":1,"key":"PowerPotion"},{"floor":2,"key":"Fire Potion"},{"floor":5,"key":"DuplicationPotion"},{"floor":16,"key":"LiquidMemories"},{"floor":18,"key":"CultistPotion"},{"floor":20,"key":"Explosive Potion"},{"floor":27,"key":"GamblersBrew"},{"floor":30,"key":"BloodPotion"},{"floor":37,"key":"SmokeBomb"},{"floor":41,"key":"Fruit Juice"},{"floor":48,"key":"LiquidMemories"},{"floor":54,"key":"Explosive Potion"}],"is_trial":false,"path_per_floor":["M","M","M","?","M","R","E","R","T","M","$","M","M","M","R","B",null,"M","M","?","?","M","E","R","?","T","E","$","M","M","M","R","B",null,"M","$","M","?","$","R","E","$","T","T","M","?","R","E","R","B",null,"R","$","E","B"],"character_chosen":"IRONCLAD","items_purchased":["Membership Card","Happy Flower","Metallicize","The Bomb","Strange Spoon","Mummified Hand","Akabeko","Thread and Needle","Inflame"],"campfire_rested":6,"item_purchase_floors":[11,11,11,11,28,28,28,36,42],"current_hp_per_floor":[88,88,85,85,74,74,53,53,53,51,51,53,56,51,79,74,95,95,84,77,49,49,52,52,52,52,55,55,61,61,61,61,36,61,61,61,61,61,61,61,64,64,64,64,64,64,64,36,56,32,69,69,69,69,0,0],"gold":27,"neow_bonus":"TEN_PERCENT_HP_BONUS","is_daily":false,"chose_seed":false,"campfire_upgraded":2,"win_rate":0.0,"timestamp":1613212053,"path_taken":["M","M","M","?","M","R","E","R","T","?","$","M","M","M","R","BOSS","M","M","?","?","M","E","R","?","T","E","$","M","?","M","R","BOSS","M","?","M","?","$","R","E","$","T","?","M","?","R","E","R","BOSS","R","$","E","BOSS"],"items_purchased_type":["Relic","Relic","Card","Card","Relic","Relic","Relic","Relic","Card"],"build_version":"2020-12-22","purchased_purges":5,"victory":false,"max_hp_per_floor":[88,88,88,88,88,88,95,95,95,95,95,95,95,95,95,95,95,95,98,98,49,49,52,52,52,52,55,55,61,61,61,61,61,61,61,61,61,61,61,61,64,64,64,64,64,64,64,69,69,69,69,69,69,69,69,69],"relic_stats":{"Darkstone Periapt":0,"Strange Spoon":[49],"Centennial Puzzle":[51],"Happy Flower":[46],"counters":[29,170],"Mummified Hand":[62],"Tiny Chest":1,"PreservedInsect":187,"Letter Opener":[301],"obtain_stats":[{"Darkstone Periapt":44,"Happy Flower":11,"Velvet Choker":34,"Thread and Needle":36,"PreservedInsect":27,"Letter Opener":23,"Ancient Tea Set":26,"Burning Blood":0,"Akabeko":28,"White Beast Statue":41,"Du-Vu Doll":38,"Strange Spoon":28,"Centennial Puzzle":9,"Anchor":48,"Mummified Hand":28,"Strawberry":7,"Tiny Chest":25,"Fusion Hammer":17,"Red Mask":20,"Membership Card":11,"FossilizedHelix":54},{"Darkstone Periapt":24,"Happy Flower":6,"Velvet Choker":20,"Thread and Needle":21,"PreservedInsect":16,"Letter Opener":15,"Ancient Tea Set":15,"Burning Blood":0,"Akabeko":16,"White Beast Statue":24,"Du-Vu Doll":23,"Strange Spoon":16,"Centennial Puzzle":5,"Anchor":26,"Mummified Hand":16,"Strawberry":5,"Tiny Chest":15,"Fusion Hammer":10,"Red Mask":13,"Membership Card":6,"FossilizedHelix":28},{"Darkstone Periapt":134,"Happy Flower":31,"Velvet Choker":106,"Thread and Needle":113,"PreservedInsect":81,"Letter Opener":77,"Ancient Tea Set":77,"Burning Blood":0,"Akabeko":81,"White Beast Statue":134,"Du-Vu Doll":123,"Strange Spoon":81,"Centennial Puzzle":25,"Anchor":144,"Mummified Hand":81,"Strawberry":25,"Tiny Chest":77,"Fusion Hammer":51,"Red Mask":65,"Membership Card":31,"FossilizedHelix":165}],"Burning Blood":99},"card_choices":[{"not_picked":["Inflame","Clash"],"picked":"Infernal Blade","floor":1},{"not_picked":["Sword Boomerang","Twin Strike"],"picked":"True Grit","floor":2},{"not_picked":["Perfected Strike","Reaper"],"picked":"Rampage","floor":3},{"not_picked":["True Grit","Clash"],"picked":"Armaments","floor":5},{"not_picked":["True Grit","Wild Strike","Pommel Strike"],"picked":"SKIP","floor":7},{"not_picked":["Wild Strike","Sentinel","Armaments"],"picked":"SKIP","floor":10},{"not_picked":["Second Wind","Perfected Strike","Havoc"],"picked":"SKIP","floor":12},{"not_picked":["Burning Pact","Flame Barrier","Havoc"],"picked":"SKIP","floor":13},{"not_picked":["Offering","Twin Strike"],"picked":"Metallicize","floor":14},{"not_picked":["Limit Break","Immolate"],"picked":"Feed","floor":16},{"not_picked":["Anger+1","Sword Boomerang","Body Slam"],"picked":"SKIP","floor":18},{"not_picked":["Iron Wave+1","Headbutt"],"picked":"Whirlwind+1","floor":19},{"not_picked":["Flex","Offering"],"picked":"Inflame","floor":20},{"not_picked":["Reckless Charge+1","Clothesline","Entrench"],"picked":"SKIP","floor":22},{"not_picked":["Dual Wield","Perfected Strike","Body Slam+1"],"picked":"SKIP","floor":23},{"not_picked":["Body Slam","Iron Wave","Shrug It Off+1"],"picked":"SKIP","floor":27},{"not_picked":["Sever Soul","Headbutt","Body Slam"],"picked":"SKIP","floor":29},{"not_picked":["Clash","Pommel Strike","Perfected Strike+1"],"picked":"SKIP","floor":30},{"not_picked":["Anger","Twin Strike","True Grit"],"picked":"SKIP","floor":31},{"not_picked":["Brutality","Fiend Fire"],"picked":"Impervious","floor":33},{"not_picked":["Body Slam+1","Sentinel"],"picked":"Inflame+1","floor":35},{"not_picked":["Clothesline","True Grit+1","Sword Boomerang"],"picked":"SKIP","floor":37},{"not_picked":["True Grit+1","Armaments"],"picked":"Metallicize+1","floor":38},{"not_picked":["Spot Weakness","Evolve+1","True Grit+1"],"picked":"SKIP","floor":41},{"not_picked":["Spot Weakness","Evolve+1","True Grit+1"],"picked":"SKIP","floor":41},{"not_picked":["Fire Breathing+1","Thunderclap","Clothesline+1"],"picked":"SKIP","floor":45},{"not_picked":["Flash of Steel","Jack Of All Trades"],"picked":"Dramatic Entrance","floor":46},{"not_picked":["Body Slam+1","True Grit","Evolve"],"picked":"SKIP","floor":48},{"not_picked":["Twin Strike","Blood for Blood+1","Anger+1"],"picked":"SKIP","floor":54}],"player_experience":254666,"relics_obtained":[{"floor":7,"key":"Strawberry"},{"floor":9,"key":"Centennial Puzzle"},{"floor":20,"key":"Red Mask"},{"floor":23,"key":"Letter Opener"},{"floor":26,"key":"Ancient Tea Set"},{"floor":27,"key":"PreservedInsect"},{"floor":38,"key":"Du-Vu Doll"},{"floor":41,"key":"White Beast Statue"},{"floor":44,"key":"Darkstone Periapt"},{"floor":48,"key":"Anchor"},{"floor":54,"key":"FossilizedHelix"}],"event_choices":[{"damage_healed":0,"gold_gain":275,"player_choice":"Desecrate","damage_taken":0,"max_hp_gain":0,"max_hp_loss":0,"event_name":"Golden Shrine","floor":4,"gold_loss":0,"cards_obtained":["Regret"]},{"damage_healed":0,"gold_gain":0,"player_choice":"Fought Bandits","damage_taken":0,"max_hp_gain":0,"max_hp_loss":0,"event_name":"Masked Bandits","floor":20,"gold_loss":0},{"damage_healed":0,"gold_gain":0,"player_choice":"Became a Ghost","damage_taken":0,"max_hp_gain":0,"max_hp_loss":49,"event_name":"Ghosts","floor":21,"gold_loss":0,"cards_obtained":["Ghostly","Ghostly","Ghostly","Ghostly","Ghostly"]},{"damage_healed":0,"gold_gain":0,"player_choice":"Gave Potion","damage_taken":0,"relics_obtained":["Tiny Chest"],"max_hp_gain":0,"max_hp_loss":0,"event_name":"WeMeetAgain","floor":25,"gold_loss":0},{"damage_healed":0,"gold_gain":0,"player_choice":"Fight","damage_taken":0,"max_hp_gain":0,"max_hp_loss":0,"event_name":"MindBloom","floor":38,"gold_loss":0},{"damage_healed":0,"gold_gain":0,"player_choice":"Memory 1","damage_taken":0,"max_hp_gain":0,"max_hp_loss":0,"event_name":"SensoryStone","floor":46,"gold_loss":0}],"is_beta":false,"boss_relics":[{"not_picked":["Black Star","Runic Cube"],"picked":"Fusion Hammer"},{"not_picked":["SlaversCollar","Runic Pyramid"],"picked":"Velvet Choker"}],"items_purged_floors":[11,28,36,39,53],"is_endless":false,"potions_floor_spawned":[1,2,5,16,18,20,27,29,30,37,41,45,48,54],"killed_by":"The Heart","ascension_level":0}}