{"host":"ow66nzv2xecjoor3","time":1613257269,"event":{"mods":["BaseMod","Bestiary","Block Reminder","Colored Powertips","Curses Come First","Highlight Path","Keyboard Shortcuts","Minty Spire (QoL Compilation)","Permanent Neow","Relic Stats","StSLib","UnlockEverythingMod"],"gold_per_floor":[109,109,126,142,154,154,189,201,201,221,248,248,266,1,1,75,75,87,101,26,43,55,80,91,103,103,128,128,145,145,158,158,237,237,257,271,546,563,583,609,609,609,609],"floor_reached":42,"language":"ENG","playtime":2461,"items_purged":["Strike_G"],"score":1061,"play_id":"32d4af30-4b03-4384-bdbd-f9ed98175f14","local_time":"20210213170109","is_ascension_mode":true,"campfire_choices":[{"data":"Bane","floor":6.0,"key":"SMITH"},{"data":"Noxious Fumes","floor":15.0,"key":"SMITH"},{"floor":28.0,"key":"REST"},{"data":"Calculated Gamble","floor":32.0,"key":"SMITH"}],"circlet_count":0,"master_deck":["AscendersBane","Strike_G+1","Strike_G+1","Strike_G+1","Defend_G+1","Defend_G+1","Defend_G+1","Defend_G+1","Defend_G+1","Survivor","Neutralize","Noxious Fumes+1","Dagger Throw","Bouncing Flask","Slice","Bane+1","Backstab","Blur","Blur","Calculated Gamble","Acrobatics","Burst","Backstab","Bouncing Flask+1","Endless Agony","Blade Dance","Calculated Gamble+1","Bane+1","Deflect+1","Deflect","Bouncing Flask+1","Finisher","Cloak And Dagger+1","Wraith Form v2","Well Laid Plans+1","Reflex+1","After Image","Regret","Infinite Blades+1","Reflex"],"relics":["Ring of the Snake","Kunai","Mango","Gremlin Horn","Ninja Scroll","SlaversCollar","Prayer Wheel","Mercury Hourglass","Red Mask","Coffee Dripper","Incense Burner"],"acts_visited":["Exordium","TheCity","TheBeyond"],"potions_floor_usage":[],"damage_taken":[{"damage":7.0,"enemies":"2 Louse","floor":1.0,"turns":4.0},{"damage":0.0,"enemies":"Cultist","floor":3.0,"turns":4.0},{"damage":3.0,"enemies":"Jaw Worm","floor":4.0,"turns":4.0},{"damage":29.0,"enemies":"Exordium Wildlife","floor":5.0,"turns":7.0},{"damage":14.0,"enemies":"3 Sentries","floor":7.0,"turns":6.0},{"damage":0.0,"enemies":"2 Fungi Beasts","floor":8.0,"turns":3.0},{"damage":0.0,"enemies":"Blue Slaver","floor":10.0,"turns":3.0},{"damage":8.0,"enemies":"Gremlin Nob","floor":11.0,"turns":3.0},{"damage":16.0,"enemies":"Gremlin Gang","floor":13.0,"turns":6.0},{"damage":2.0,"enemies":"Hexaghost","floor":16.0,"turns":8.0},{"damage":27.0,"enemies":"Spheric Guardian","floor":18.0,"turns":8.0},{"damage":0.0,"enemies":"3 Byrds","floor":19.0,"turns":6.0},{"damage":5.0,"enemies":"Snecko","floor":21.0,"turns":5.0},{"damage":9.0,"enemies":"Chosen and Byrds","floor":22.0,"turns":5.0},{"damage":11.0,"enemies":"Slavers","floor":23.0,"turns":4.0},{"damage":3.0,"enemies":"Snake Plant","floor":24.0,"turns":3.0},{"damage":0.0,"enemies":"Centurion and Healer","floor":25.0,"turns":6.0},{"damage":1.0,"enemies":"Masked Bandits","floor":27.0,"turns":4.0},{"damage":0.0,"enemies":"3 Cultists","floor":29.0,"turns":5.0},{"damage":0.0,"enemies":"Sentry and Sphere","floor":31.0,"turns":3.0},{"damage":0.0,"enemies":"Champ","floor":33.0,"turns":18.0},{"damage":0.0,"enemies":"Orb Walker","floor":35.0,"turns":4.0},{"damage":0.0,"enemies":"3 Darklings","floor":36.0,"turns":5.0},{"damage":22.0,"enemies":"Jaw Worm Horde","floor":38.0,"turns":5.0},{"damage":4.0,"enemies":"Sphere and 2 Shapes","floor":39.0,"turns":6.0},{"damage":16.0,"enemies":"Reptomancer","floor":40.0,"turns":7.0},{"damage":31,"enemies":"Nemesis","floor":42,"turns":3}],"seed_played":"7322021664629446522","potions_obtained":[{"floor":4.0,"key":"LiquidMemories"},{"floor":5.0,"key":"SkillPotion"},{"floor":11.0,"key":"LiquidMemories"},{"floor":16.0,"key":"Ancient Potion"},{"floor":18.0,"key":"DuplicationPotion"},{"floor":21.0,"key":"GhostInAJar"},{"floor":22.0,"key":"Fire Potion"},{"floor":27.0,"key":"DuplicationPotion"},{"floor":31.0,"key":"Explosive Potion"}],"is_trial":false,"path_per_floor":["M","?","M","M","M","R","E","M","T","M","E","?","M","$","R","B",null,"M","M","$","M","M","E","M","M","T","?","R","M","?","M","R","B",null,"M","M","?","M","M","E","?","E"],"character_chosen":"THE_SILENT","items_purchased":["Ninja Scroll"],"campfire_rested":1,"item_purchase_floors":[14],"current_hp_per_floor":[52,66,66,63,34,34,20,20,34,34,26,26,10,10,10,8,62,35,35,35,30,21,10,7,7,7,6,30,30,30,30,30,30,68,68,68,68,46,42,26,26,0,0],"gold":609,"neow_bonus":"TRANSFORM_CARD","is_daily":false,"chose_seed":false,"campfire_upgraded":3,"win_rate":0.0,"timestamp":1613257269,"path_taken":["M","?","?","M","M","R","E","M","T","M","E","?","M","$","R","BOSS","M","M","$","M","M","E","M","M","T","?","R","M","?","M","R","BOSS","M","M","?","M","?","E","?","E"],"items_purchased_type":["Relic"],"build_version":"2020-12-22","purchased_purges":1,"victory":false,"max_hp_per_floor":[66,66,66,66,66,66,66,66,80,80,80,80,80,80,80,80,80,80,80,80,80,80,80,80,80,80,80,80,80,80,80,80,80,80,80,80,80,80,80,80,76,76,76],"relic_stats":{"Gremlin Horn":[30,30],"counters":[27,145],"Prayer Wheel":10,"Kunai":[83],"obtain_stats":[{"SlaversCollar":17,"Gremlin Horn":11,"Ninja Scroll":14,"Mango":9,"Prayer Wheel":23,"Red Mask":27,"Coffee Dripper":34,"Incense Burner":40,"Kunai":7,"Ring of the Snake":0,"Mercury Hourglass":26},{"SlaversCollar":10,"Gremlin Horn":8,"Ninja Scroll":9,"Mango":6,"Prayer Wheel":15,"Red Mask":18,"Coffee Dripper":21,"Incense Burner":26,"Kunai":5,"Ring of the Snake":0,"Mercury Hourglass":17},{"SlaversCollar":48,"Gremlin Horn":34,"Ninja Scroll":40,"Mango":28,"Prayer Wheel":76,"Red Mask":89,"Coffee Dripper":115,"Incense Burner":142,"Kunai":25,"Ring of the Snake":0,"Mercury Hourglass":85}],"Ring of the Snake":[53],"Mercury Hourglass":[207]},"card_choices":[{"not_picked":["Cloak And Dagger","Underhanded Strike"],"picked":"Dagger Throw","floor":1.0},{"not_picked":["Setup","Flechettes"],"picked":"Bouncing Flask","floor":3.0},{"not_picked":["Dodge and Roll","Prepared"],"picked":"Slice","floor":4.0},{"not_picked":["Slice","Dagger Throw"],"picked":"Bane","floor":5.0},{"not_picked":["Acrobatics","Outmaneuver"],"picked":"Backstab","floor":7.0},{"not_picked":["Finisher","Choke"],"picked":"Blur","floor":8.0},{"not_picked":["Bouncing Flask","Quick Slash"],"picked":"Blur","floor":10.0},{"not_picked":["Phantasmal Killer","Dodge and Roll"],"picked":"Calculated Gamble","floor":11.0},{"not_picked":["Dagger Throw","Outmaneuver"],"picked":"Acrobatics","floor":13.0},{"not_picked":["Phantasmal Killer","Storm of Steel"],"picked":"Burst","floor":16.0},{"not_picked":["Slice","Expertise"],"picked":"Backstab","floor":18.0},{"not_picked":["Expertise+1","Caltrops","Deadly Poison+1"],"picked":"SKIP","floor":19.0},{"not_picked":["Dodge and Roll","Distraction"],"picked":"Bouncing Flask+1","floor":21.0},{"not_picked":["Heel Hook","Quick Slash"],"picked":"Endless Agony","floor":22.0},{"not_picked":["Eviscerate","Tools of the Trade"],"picked":"Blade Dance","floor":23.0},{"not_picked":["Cloak And Dagger","Dagger Throw+1"],"picked":"Calculated Gamble","floor":24.0},{"not_picked":["Setup","Flying Knee"],"picked":"Bane+1","floor":24.0},{"not_picked":["Blade Dance","Calculated Gamble+1"],"picked":"Deflect+1","floor":25.0},{"not_picked":["Infinite Blades","Predator"],"picked":"Deflect","floor":25.0},{"not_picked":["Flying Knee","Tactician"],"picked":"Bouncing Flask+1","floor":27.0},{"not_picked":["Noxious Fumes","Bouncing Flask"],"picked":"Finisher","floor":29.0},{"not_picked":["Quick Slash","Doppelganger","Heel Hook"],"picked":"SKIP","floor":29.0},{"not_picked":["Finisher","Terror"],"picked":"Cloak And Dagger+1","floor":31.0},{"not_picked":["Tactician","Deflect","Quick Slash"],"picked":"SKIP","floor":31.0},{"not_picked":["A Thousand Cuts","Venomology"],"picked":"Wraith Form v2","floor":33.0},{"not_picked":["Deadly Poison","Outmaneuver"],"picked":"Well Laid Plans+1","floor":35.0},{"not_picked":["Poisoned Stab","Acrobatics"],"picked":"Reflex+1","floor":35.0},{"not_picked":["Sucker Punch","Outmaneuver+1"],"picked":"After Image","floor":36.0},{"not_picked":["Riddle With Holes","Deadly Poison","Dagger Spray+1"],"picked":"SKIP","floor":36.0},{"not_picked":["Cloak And Dagger","Concentrate"],"picked":"Infinite Blades+1","floor":38.0},{"not_picked":["Infinite Blades","Bane"],"picked":"Reflex","floor":38.0},{"not_picked":["Endless Agony","Finisher","Doppelganger"],"picked":"SKIP","floor":39.0},{"not_picked":["Poisoned Stab","Predator","Slice"],"picked":"SKIP","floor":39.0},{"not_picked":["Finisher","Terror","Bouncing Flask+1"],"picked":"SKIP","floor":40.0}],"player_experience":2850844,"relics_obtained":[{"floor":7.0,"key":"Kunai"},{"floor":9.0,"key":"Mango"},{"floor":11.0,"key":"Gremlin Horn"},{"floor":23.0,"key":"Prayer Wheel"},{"floor":26.0,"key":"Mercury Hourglass"},{"floor":27.0,"key":"Red Mask"},{"floor":40.0,"key":"Incense Burner"}],"event_choices":[{"damage_healed":14.0,"max_hp_gain":0.0,"max_hp_loss":0.0,"gold_gain":0.0,"event_name":"Wheel of Change","player_choice":"Full Heal","floor":2.0,"gold_loss":0.0,"damage_taken":0.0},{"damage_healed":0.0,"max_hp_gain":0.0,"max_hp_loss":0.0,"gold_gain":0.0,"event_name":"Shining Light","player_choice":"Ignored","floor":12.0,"gold_loss":0.0,"damage_taken":0.0},{"damage_healed":0.0,"max_hp_gain":0.0,"max_hp_loss":0.0,"gold_gain":0.0,"event_name":"Masked Bandits","player_choice":"Fought Bandits","floor":27.0,"gold_loss":0.0,"damage_taken":0.0},{"damage_healed":0.0,"max_hp_gain":0.0,"max_hp_loss":0.0,"gold_gain":0.0,"event_name":"Back to Basics","player_choice":"Simplicity","floor":30.0,"gold_loss":0.0,"damage_taken":0.0,"cards_upgraded":["Strike_G","Strike_G","Strike_G","Defend_G","Defend_G","Defend_G","Defend_G","Defend_G"]},{"damage_healed":0.0,"max_hp_gain":0.0,"max_hp_loss":0.0,"gold_gain":275.0,"event_name":"Golden Shrine","player_choice":"Desecrate","floor":37.0,"gold_loss":0.0,"damage_taken":0.0,"cards_obtained":["Regret"]},{"damage_healed":0.0,"max_hp_gain":0.0,"max_hp_loss":4.0,"gold_gain":0.0,"event_name":"Winding Halls","player_choice":"Max HP","floor":41.0,"gold_loss":0.0,"damage_taken":0.0}],"is_beta":false,"boss_relics":[{"not_picked":["Ectoplasm","Philosopher\u0027s Stone"],"picked":"SlaversCollar"},{"not_picked":["Ring of the Serpent","Empty Cage"],"picked":"Coffee Dripper"}],"items_purged_floors":[20],"is_endless":false,"potions_floor_spawned":[4,5,11,16,18,21,22,27,31],"killed_by":"Nemesis","ascension_level":20}}