{"host":"xsuxkwaivmtd234a","time":1613253938,"event":{"mods":["BaseMod","Colored Map","Filter the Spire","Minty Spire (QoL Compilation)","Relic Stats","StSLib"],"gold_per_floor":[114,127,127,50,62,62,95,95,170,170,203,203,203,246,246,377,377,395,395,174,165,185,218,218,256,325,119,34,34,68,92,92,92,92],"floor_reached":33,"language":"ENG","playtime":970,"items_purged":["Strike_R","Normality"],"score":399,"play_id":"a9e83017-7db4-4388-b69c-bc60cc7ed2e8","local_time":"20210213170538","is_ascension_mode":true,"campfire_choices":[{"data":"Bludgeon","floor":6.0,"key":"SMITH"},{"data":"Bash","floor":8.0,"key":"SMITH"},{"data":"Metallicize","floor":10.0,"key":"SMITH"},{"data":"Inflame","floor":15.0,"key":"SMITH"},{"floor":29,"key":"REST"},{"data":"Limit Break","floor":32,"key":"SMITH"}],"circlet_count":0,"master_deck":["Strike_R","Strike_R","Strike_R+1","Strike_R+1","Defend_R+1","Defend_R","Defend_R","Defend_R","Bash+1","Metallicize+1","Anger","Bludgeon+1","Cleave","Inflame+1","Limit Break+1","Combust+1","Anger+1","Metallicize","Shrug It Off","Disarm","Feel No Pain+1","Inflame","Writhe","Shockwave"],"relics":["Burning Blood","Lizard Tail","Art of War","Shuriken","Tiny Chest","Golden Idol","Nunchaku","Cursed Key","Centennial Puzzle","Ginger","Singing Bowl","The Courier","Omamori","MealTicket","Whetstone"],"acts_visited":["Exordium","TheCity"],"potions_floor_usage":[30],"damage_taken":[{"damage":0.0,"enemies":"2 Louse","floor":1.0,"turns":3.0},{"damage":4.0,"enemies":"Jaw Worm","floor":2.0,"turns":5.0},{"damage":6.0,"enemies":"Small Slimes","floor":5.0,"turns":2.0},{"damage":8.0,"enemies":"Gremlin Nob","floor":7.0,"turns":3.0},{"damage":16.0,"enemies":"Lagavulin","floor":11.0,"turns":5.0},{"damage":8.0,"enemies":"Gremlin Nob","floor":14.0,"turns":3.0},{"damage":33.0,"enemies":"Hexaghost","floor":16.0,"turns":8.0},{"damage":2.0,"enemies":"Spheric Guardian","floor":18.0,"turns":3.0},{"damage":15.0,"enemies":"2 Thieves","floor":21.0,"turns":4.0},{"damage":16.0,"enemies":"Cultist and Chosen","floor":22.0,"turns":6.0},{"damage":19.0,"enemies":"Book of Stabbing","floor":23.0,"turns":5.0},{"damage":49,"enemies":"Slavers","floor":25,"turns":5},{"damage":14,"enemies":"Gremlin Leader","floor":30,"turns":4},{"damage":27,"enemies":"Centurion and Healer","floor":31,"turns":5},{"damage":74,"enemies":"Automaton","floor":33,"turns":6}],"seed_played":"-9204876486185364996","potions_obtained":[{"floor":1.0,"key":"Regen Potion"},{"floor":11.0,"key":"DuplicationPotion"},{"floor":14.0,"key":"SkillPotion"},{"floor":16.0,"key":"Weak Potion"},{"floor":22.0,"key":"DuplicationPotion"},{"floor":25,"key":"PowerPotion"}],"is_trial":false,"path_per_floor":["M","M","?","$","M","R","E","R","T","R","E","?","?","E","R","B",null,"M","?","$","M","M","E","T","E","T","$","?","R","E","M","R","B"],"character_chosen":"IRONCLAD","items_purchased":["Bludgeon","Anger","Metallicize","Shrug It Off","Omamori"],"campfire_rested":1,"item_purchase_floors":[4,20,20,20,27],"current_hp_per_floor":[80,80,64,64,64,64,62,62,62,62,66,66,66,64,64,37,65,69,69,69,60,50,37,37,36,36,36,36,58,50,31,31,0,0],"gold":92,"neow_bonus":"ONE_RARE_RELIC","is_daily":false,"chose_seed":false,"campfire_upgraded":5,"win_rate":0.0,"timestamp":1613253938,"path_taken":["M","M","?","$","M","R","E","R","T","R","E","?","?","E","R","BOSS","M","?","$","M","M","E","?","E","T","$","?","R","E","M","R","BOSS"],"items_purchased_type":["Card","Card","Card","Card","Relic"],"build_version":"2020-12-22","purchased_purges":2,"victory":false,"max_hp_per_floor":[80,80,80,80,80,80,80,80,80,80,80,80,74,74,74,74,74,74,74,74,74,74,74,74,76,76,76,76,76,76,78,78,78,78],"relic_stats":{"Singing Bowl":4,"counters":[15,67],"Golden Idol":74,"Ginger":[0],"Whetstone":["Strike_R","Anger"],"Cursed Key":2,"Burning Blood":76,"Lizard Tail":37,"Nunchaku":[7],"Centennial Puzzle":[12],"Shuriken":[15],"Tiny Chest":1,"MealTicket":0,"Art of War":[7],"obtain_stats":[{"Singing Bowl":25,"Golden Idol":13,"The Courier":26,"Omamori":27,"Ginger":24,"Whetstone":30,"Cursed Key":17,"Burning Blood":0,"Lizard Tail":0,"Nunchaku":14,"Centennial Puzzle":23,"Shuriken":9,"Tiny Chest":11,"MealTicket":28,"Art of War":7},{"Singing Bowl":12,"Golden Idol":5,"The Courier":12,"Omamori":12,"Ginger":11,"Whetstone":13,"Cursed Key":7,"Burning Blood":0,"Lizard Tail":0,"Nunchaku":6,"Centennial Puzzle":11,"Shuriken":4,"Tiny Chest":5,"MealTicket":12,"Art of War":4},{"Singing Bowl":52,"Golden Idol":18,"The Courier":52,"Omamori":52,"Ginger":47,"Whetstone":56,"Cursed Key":29,"Burning Blood":0,"Lizard Tail":0,"Nunchaku":21,"Centennial Puzzle":47,"Shuriken":13,"Tiny Chest":18,"MealTicket":52,"Art of War":13}]},"card_choices":[{"not_picked":["Warcry","Intimidate"],"picked":"Metallicize","floor":1.0},{"not_picked":["Thunderclap","Clothesline"],"picked":"Anger","floor":2.0},{"not_picked":["Fire Breathing","Evolve"],"picked":"Cleave","floor":5.0},{"not_picked":["Intimidate","Warcry","Flex"],"picked":"SKIP","floor":7.0},{"not_picked":["Second Wind","Combust","Entrench"],"picked":"SKIP","floor":11.0},{"not_picked":["Ghostly Armor","Double Tap"],"picked":"Inflame","floor":14.0},{"not_picked":["Fiend Fire","Brutality"],"picked":"Limit Break","floor":16.0},{"not_picked":["Twin Strike","Dropkick"],"picked":"Combust+1","floor":18.0},{"not_picked":["Dual Wield","Headbutt+1"],"picked":"Disarm","floor":21.0},{"not_picked":["Shrug It Off","Sword Boomerang"],"picked":"Feel No Pain+1","floor":22.0},{"not_picked":["Searing Blow+1","Havoc"],"picked":"Inflame","floor":23.0},{"not_picked":["Carnage+1","True Grit","Fire Breathing"],"picked":"Singing Bowl","floor":25},{"not_picked":["Rampage","Thunderclap"],"picked":"Shockwave","floor":30},{"not_picked":["True Grit","Perfected Strike","Pommel Strike+1"],"picked":"Singing Bowl","floor":31}],"player_experience":1256287,"relics_obtained":[{"floor":7.0,"key":"Art of War"},{"floor":9.0,"key":"Shuriken"},{"floor":11.0,"key":"Tiny Chest"},{"floor":14.0,"key":"Nunchaku"},{"floor":23.0,"key":"Centennial Puzzle"},{"floor":24.0,"key":"Ginger"},{"floor":25,"key":"Singing Bowl"},{"floor":26,"key":"The Courier"},{"floor":30,"key":"Whetstone"}],"event_choices":[{"damage_healed":0.0,"max_hp_gain":0.0,"max_hp_loss":0.0,"gold_gain":0.0,"event_name":"Shining Light","player_choice":"Entered Light","floor":3.0,"gold_loss":0.0,"damage_taken":16.0,"cards_upgraded":["Defend_R","Strike_R"]},{"cards_removed":["Injury"],"damage_healed":0.0,"max_hp_gain":0.0,"max_hp_loss":0.0,"gold_gain":0.0,"event_name":"Living Wall","player_choice":"Forget","floor":12.0,"gold_loss":0.0,"damage_taken":0.0},{"damage_healed":0.0,"max_hp_gain":0.0,"max_hp_loss":6.0,"gold_gain":0.0,"event_name":"Golden Idol","player_choice":"Lose Max HP","floor":13.0,"gold_loss":0.0,"damage_taken":0.0,"relics_obtained":["Golden Idol"]},{"damage_healed":0.0,"max_hp_gain":0.0,"max_hp_loss":0.0,"gold_gain":0.0,"event_name":"Vampires","player_choice":"Ignored","floor":19.0,"gold_loss":0.0,"damage_taken":0.0},{"damage_healed":0,"gold_gain":0,"player_choice":"Obtained Relic","damage_taken":0,"relics_obtained":["MealTicket"],"max_hp_gain":0,"max_hp_loss":0,"event_name":"Addict","floor":28,"gold_loss":85}],"is_beta":false,"boss_relics":[{"not_picked":["Busted Crown","Ectoplasm"],"picked":"Cursed Key"}],"items_purged_floors":[20,27],"is_endless":false,"potions_floor_spawned":[1,11,14,16,22,25],"killed_by":"Automaton","ascension_level":5}}