{"host":"KYO","time":1613199908,"event":{"mods":["ATMod(°¢èªMod)","BaseMod","Minty Spire (QoL Compilation)","Permanent Neow","Shop Mod","StSLib","SuperFastMode","TestMod","[IsaacMod]ÒÔÈö¼âËþ","¡¾ÒÅÎï¿¨ÅÆ¡¿REMEMod"],"gold_per_floor":[112,112,37,64,82,82,121,121,147,180,205,221,235,235,235,325,325,346,365,365,383,433,473,185,229,255,333,333,351,385,233,233,352,352,372,0,15,46,46,109,154,154,207,226,226,269,128,164,164,194,194,194,194,59,90,120],"floor_reached":57,"language":"ZHS","playtime":2366,"items_purged":["Strike_G","Strike_G","Defend_G","Strike_G","Strike_G","Defend_G"],"score":3437,"play_id":"5382e095-aabe-438c-8e9e-dd78df12d93e","local_time":"20210213150508","is_ascension_mode":true,"campfire_choices":[{"data":"AT_EmpoweredMortalDraw","floor":6.0,"key":"SMITH"},{"data":"Venomology","floor":8.0,"key":"SMITH"},{"floor":15.0,"key":"REST"},{"data":"Reflex","floor":28.0,"key":"SMITH"},{"data":"Purity","floor":32.0,"key":"SMITH"},{"floor":42,"key":"RECALL"},{"data":"Accuracy","floor":45,"key":"SMITH"},{"data":"Well Laid Plans","floor":49,"key":"SMITH"},{"data":"Backflip","floor":53,"key":"SMITH"}],"circlet_count":0,"master_deck":["AscendersBane","Strike_G+1","Strike_G+1","Defend_G","Defend_G","Defend_G","Survivor","Neutralize","AT_WindFlip","AT_EmpoweredMortalDraw+1","Accuracy+1","Backflip+1","Venomology+1","Reflex+1","Blade Dance","Concentrate+1","Purity+1","Acrobatics","After Image","Well Laid Plans+1"],"relics":["HushsDoor","AT_ATBox","REME_ComplimentaryCards","testmod-TestBox","testmod-Alchemist","AT_MortalBlade","Golden Idol","testmod-AssaultLearning","AT_BladeRuinedKing","testmod-Prudence","Ninja Scroll","MerchantsRug","Centennial Puzzle","PreservedInsect","Oddly Smooth Stone","AT_ChloranthyRing","Coffee Dripper","Ice Cream","BloodBag","Shuriken","AT_RedTearstoneRing","Sundial","BookofShadows"],"acts_visited":["Exordium","TheCity","TheBeyond","TheEnding"],"potions_floor_usage":[37,37,40,40,41,41,41,41,41,44,44,44,44,44,46,46,46,46,46,46,50,50,50,50,50,50,50,50,51,51,51,51,51,51,51,51,55,56,56,56,56,56,56,56,56,56,56,56,56,56,56,56],"damage_taken":[{"damage":1.0,"enemies":"Cultist","floor":1.0,"turns":3.0},{"damage":4.0,"enemies":"2 Louse","floor":5.0,"turns":2.0},{"damage":0.0,"enemies":"3 Sentries","floor":7.0,"turns":1.0},{"damage":8.0,"enemies":"Gremlin Nob","floor":10.0,"turns":3.0},{"damage":8.0,"enemies":"Small Slimes","floor":11.0,"turns":2.0},{"damage":0.0,"enemies":"2 Fungi Beasts","floor":12.0,"turns":1.0},{"damage":0.0,"enemies":"Blue Slaver","floor":13.0,"turns":2.0},{"damage":1.0,"enemies":"Hexaghost","floor":16.0,"turns":4.0},{"damage":0.0,"enemies":"Chosen","floor":18.0,"turns":2.0},{"damage":0.0,"enemies":"Spheric Guardian","floor":19.0,"turns":1.0},{"damage":0.0,"enemies":"Centurion and Healer","floor":21.0,"turns":2.0},{"damage":0.0,"enemies":"Book of Stabbing","floor":23.0,"turns":3.0},{"damage":0.0,"enemies":"Gremlin Leader","floor":27.0,"turns":3.0},{"damage":0.0,"enemies":"Snake Plant","floor":29.0,"turns":1.0},{"damage":0.0,"enemies":"Book of Stabbing","floor":30.0,"turns":1.0},{"damage":0.0,"enemies":"Champ","floor":33.0,"turns":6.0},{"damage":0.0,"enemies":"Orb Walker","floor":35.0,"turns":1.0},{"damage":1,"enemies":"3 Shapes","floor":37,"turns":3},{"damage":0,"enemies":"Nemesis","floor":40,"turns":1},{"damage":0,"enemies":"Maw","floor":41,"turns":2},{"damage":0,"enemies":"3 Darklings","floor":44,"turns":2},{"damage":0,"enemies":"Giant Head","floor":46,"turns":4},{"damage":0,"enemies":"Reptomancer","floor":48,"turns":2},{"damage":8,"enemies":"Awakened One","floor":50,"turns":7},{"damage":37,"enemies":"Time Eater","floor":51,"turns":4},{"damage":1,"enemies":"Shield and Spear","floor":55,"turns":2},{"damage":0,"enemies":"The Heart","floor":56,"turns":5}],"seed_played":"-6267398426437099067","potions_obtained":[{"floor":5.0,"key":"Poison Potion"},{"floor":11.0,"key":"Energy Potion"},{"floor":13.0,"key":"LiquidMemories"},{"floor":18.0,"key":"SpeedPotion"},{"floor":23.0,"key":"Dexterity Potion"},{"floor":33.0,"key":"Strength Potion"},{"floor":44,"key":"testmod-TestPotion"},{"floor":46,"key":"REME_GoldPotion"}],"is_trial":false,"path_per_floor":["M","?","?","T","M","R","E","R","T","E","M","M","M","?","R","B",null,"M","M","?","M","?","E","$","?","T","E","R","M","E","$","R","B",null,"M","$","M","$","?","E","M","R","T","M","R","E","$","E","R","B","B",null,"R","$","E","B",null],"character_chosen":"THE_SILENT","items_purchased":["MerchantsRug","Centennial Puzzle","Purity","Ice Cream","After Image"],"campfire_rested":1,"item_purchase_floors":[24,24,31,36,38],"current_hp_per_floor":[58,35,35,42,38,38,38,38,38,30,22,22,22,7,28,27,62,62,62,62,62,62,62,60,45,45,44,44,44,44,44,44,44,66,66,65,64,54,54,54,54,54,54,54,54,54,54,54,54,46,21,65,65,65,64,64],"gold":120,"neow_bonus":"BOSS_RELIC","is_daily":false,"chose_seed":false,"campfire_upgraded":7,"win_rate":0.0,"timestamp":1613199908,"path_taken":["M","?","?","?","M","R","E","R","T","E","M","M","M","?","R","BOSS","M","M","?","M","?","E","$","?","T","E","R","M","E","$","R","BOSS","M","$","M","?","?","E","M","R","T","M","R","E","$","E","R","BOSS","BOSS","R","$","E","BOSS"],"items_purchased_type":["Relic","Relic","Card","Relic","Card"],"build_version":"2020-12-18","purchased_purges":6,"victory":true,"max_hp_per_floor":[66,66,66,73,73,73,73,73,73,73,73,73,73,73,73,73,73,73,73,73,73,73,73,73,73,73,73,73,73,73,73,73,73,73,73,73,73,80,80,80,80,80,80,80,80,80,80,80,80,80,80,80,80,80,80,80],"card_choices":[{"not_picked":["All Out Attack","Dagger Throw"],"picked":"Accuracy","floor":1.0},{"not_picked":["AT_TinkerSharpsword","Bane"],"picked":"Backflip","floor":5.0},{"not_picked":["Dagger Spray","Heel Hook"],"picked":"Venomology","floor":7.0},{"not_picked":["Dodge and Roll","Prepared"],"picked":"Reflex","floor":10.0},{"not_picked":["Cloak And Dagger","Outmaneuver"],"picked":"Blade Dance","floor":11.0},{"not_picked":["Outmaneuver","Cloak And Dagger","Flying Knee"],"picked":"SKIP","floor":12.0},{"not_picked":["Noxious Fumes","Dash","Dodge and Roll"],"picked":"SKIP","floor":13.0},{"not_picked":["Backflip","Deadly Poison"],"picked":"Concentrate","floor":18.0},{"not_picked":["Concentrate","AT_Desolate","Deadly Poison"],"picked":"SKIP","floor":19.0},{"not_picked":["Dash","Dodge and Roll+1","Night Terror"],"picked":"SKIP","floor":21.0},{"not_picked":["Dagger Spray","REME_GrazeFinale","Deflect+1"],"picked":"SKIP","floor":23.0},{"not_picked":["Tools of the Trade","AT_ThistleTea","Cloak And Dagger"],"picked":"SKIP","floor":27.0},{"not_picked":["AT_Desolate","Sucker Punch","Poisoned Stab"],"picked":"SKIP","floor":29.0},{"not_picked":["Malaise","Prepared","Noxious Fumes"],"picked":"SKIP","floor":30.0},{"not_picked":["Bullet Time","AT_TinkerSharpsword","Dodge and Roll"],"picked":"SKIP","floor":35.0},{"not_picked":["Quick Slash+1","PiercingWail"],"picked":"Acrobatics","floor":37},{"not_picked":["Calculated Gamble","Glass Knife","Flying Knee"],"picked":"SKIP","floor":40},{"not_picked":["Masterful Stab+1","Prepared+1","Dodge and Roll+1"],"picked":"SKIP","floor":41},{"not_picked":["Cloak And Dagger","Catalyst","Backflip"],"picked":"SKIP","floor":44},{"not_picked":["Prepared","Blade Dance","Backflip+1"],"picked":"SKIP","floor":46},{"not_picked":["Slice","AT_WindFlip"],"picked":"Well Laid Plans","floor":48},{"not_picked":["AT_ArcaneSupremacy","Cloak And Dagger","Deflect+1"],"picked":"SKIP","floor":55}],"player_experience":771072,"relics_obtained":[{"floor":4.0,"key":"Strawberry"},{"floor":7.0,"key":"testmod-AssaultLearning"},{"floor":9.0,"key":"Whetstone"},{"floor":10.0,"key":"REME_HandOfSuture"},{"floor":23.0,"key":"Ninja Scroll"},{"floor":26.0,"key":"PreservedInsect"},{"floor":27.0,"key":"Oddly Smooth Stone"},{"floor":30.0,"key":"AT_ChloranthyRing"},{"floor":40,"key":"Shuriken"},{"floor":46,"key":"AT_RedTearstoneRing"},{"floor":48,"key":"Sundial"},{"floor":55,"key":"BookofShadows"}],"event_choices":[{"damage_healed":0.0,"max_hp_gain":0.0,"max_hp_loss":0.0,"gold_gain":0.0,"event_name":"Golden Idol","player_choice":"Take Damage","floor":2.0,"gold_loss":0.0,"damage_taken":23.0,"relics_obtained":["Golden Idol"]},{"damage_healed":0.0,"max_hp_gain":0.0,"max_hp_loss":0.0,"gold_gain":0.0,"event_name":"N\u0027loth","player_choice":"Traded Relic","floor":20.0,"relics_lost":["REME_HandOfSuture"],"gold_loss":0.0,"damage_taken":0.0,"relics_obtained":["Nloth\u0027s Gift"]},{"damage_healed":0.0,"max_hp_gain":0.0,"max_hp_loss":0.0,"gold_gain":50.0,"event_name":"Nest","player_choice":"Stole From Cult","floor":22.0,"gold_loss":0.0,"damage_taken":0.0},{"damage_healed":0,"gold_gain":0,"player_choice":"Forge","damage_taken":0,"max_hp_gain":0,"max_hp_loss":0,"event_name":"Accursed Blacksmith","floor":39,"gold_loss":0,"cards_upgraded":["Concentrate"]}],"is_beta":true,"boss_relics":[{"not_picked":["Velvet Choker","testmod-HarvestTotem"],"picked":"testmod-Prudence"},{"not_picked":[]},{"not_picked":["testmod-NegativeEmotionEnhancer","testmod-EnergyCheck"],"picked":"Coffee Dripper"},{"not_picked":[]}],"items_purged_floors":[24,31,36,38,47,54],"is_endless":false,"potions_floor_spawned":[5,11,13,18,23,33,44,46],"ascension_level":20}}