{"host":"3ovdp3kj1t94ivgi","time":1613233348,"event":{"mods":["BaseMod","Downfall","Luminous","Minty Spire (QoL Compilation)","Shade Mod","StSLib","The Necromancer"],"gold_per_floor":[99,113,125,200,29,59,59,87,101,101,113,132,132,159,175,279,279,279,87,106,120,48,48,48,48,79,79,179,30,30,57,72,176,176,176,194,64,79,130,165,165,182,202,202,229,229,229,165,182,182,182],"floor_reached":50,"language":"ENG","playtime":5502,"items_purged":["Luminous:Sympathy_Luminous"],"score":746,"play_id":"98d939a5-7118-47a8-b2d1-e127f1f58ea8","local_time":"20210214002228","is_ascension_mode":true,"campfire_choices":[{"floor":1.0,"key":"RECALL"},{"data":"Luminous:Dark_Crescendo_Luminous","floor":13.0,"key":"SMITH"},{"data":"Luminous:Balance_Death_Scythe","floor":18.0,"key":"SMITH"},{"data":"Luminous:Abyss_Heart_Luminous","floor":23.0,"key":"SMITH"},{"data":"Luminous:Accumulation_Luminous","floor":27.0,"key":"SMITH"},{"data":"Luminous:Arcane_Rage_Luminous","floor":35.0,"key":"SMITH"}],"circlet_count":0,"master_deck":["Luminous:Light_Flash_Shower","Luminous:Light_Flash_Shower","Luminous:Light_Flash_Shower","Luminous:Dark_Abyssal_Drop","Luminous:Dark_Abyssal_Drop","Luminous:Dark_Abyssal_Drop","Luminous:Defend_Luminous","Luminous:Switch_Luminous","Luminous:Light_Glare","Luminous:Dark_Dim_Erosion","Luminous:Light_Disperse","Luminous:Light_Glare","Luminous:Light_Ray_of_Redemption","Luminous:Reverse_Spell_Luminous","Luminous:Balance_Death_Scythe+1","Luminous:Accumulation_Luminous+1","Luminous:Light_Ray_of_Redemption","Luminous:Photic_Meditation_Luminous","Luminous:Dark_Pressure_Void","Luminous:Light_Ray_of_Redemption","Luminous:Lania_Blessing_Luminous","Luminous:Dark_Crescendo_Luminous+1","Luminous:Sympathy_Luminous+1","Luminous:Concentrate_Luminous+1","Luminous:Magic_Accelerate_Luminous","Luminous:Abyss_Heart_Luminous+1","Luminous:Mana_Well_Luminous","Luminous:Dark_Raid","Luminous:Mana_Overload_Luminous","Master of Strategy","RitualDagger","Luminous:Lunar_Tide_Luminous","Luminous:Light_Wash_Luminous+1","Luminous:Balance_Aether_Conduit","Luminous:Dark_Moonlight_Spear","Luminous:Magic_Boost_Luminous","Luminous:Arcane_Rage_Luminous+1","CurseOfTheBell","Luminous:Light_Gather+1","Luminous:Chaos_Field_Luminous","Luminous:Darkness_Mastery_Luminous","Luminous:Accumulation_Luminous+1","expansioncontent:AwakenDeath"],"relics":["Luminous:MirrorRelic","Orrery","Anchor","Eternal Feather","Letter Opener","Ornamental Fan","Toy Ornithopter","Astrolabe","Membership Card","WingedGreaves","Lizard Tail","Bird Faced Urn","Ice Cream","HornCleat","Happy Flower","Meat on the Bone","Calling Bell","Bag of Preparation","Mercury Hourglass","CaptainsWheel","Bottled Flame","Torii","Juzu Bracelet","Dream Catcher"],"acts_visited":["Exordium","TheCity","TheBeyond"],"potions_floor_usage":[39,43,50,50],"damage_taken":[{"damage":9.0,"enemies":"Jaw Worm","floor":2.0,"turns":4.0},{"damage":3.0,"enemies":"Cultist","floor":3.0,"turns":3.0},{"damage":0.0,"enemies":"downfall:FleeingMerchant","floor":5.0,"turns":4.0},{"damage":4.0,"enemies":"Lagavulin","floor":6.0,"turns":9.0},{"damage":0.0,"enemies":"Gremlin Nob","floor":8.0,"turns":6.0},{"damage":10.0,"enemies":"Small Slimes","floor":9.0,"turns":4.0},{"damage":7.0,"enemies":"Looter","floor":11.0,"turns":3.0},{"damage":2.0,"enemies":"Exordium Thugs","floor":12.0,"turns":5.0},{"damage":18.0,"enemies":"3 Sentries","floor":14.0,"turns":3.0},{"damage":20.0,"enemies":"2 Fungi Beasts","floor":15.0,"turns":4.0},{"damage":38.0,"enemies":"The Guardian","floor":16.0,"turns":12.0},{"damage":0.0,"enemies":"downfall:FleeingMerchant","floor":19.0,"turns":4.0},{"damage":34.0,"enemies":"Shell Parasite","floor":20.0,"turns":6.0},{"damage":7.0,"enemies":"Chosen","floor":21.0,"turns":5.0},{"damage":0.0,"enemies":"downfall:FleeingMerchant","floor":22.0,"turns":4.0},{"damage":35.0,"enemies":"Book of Stabbing","floor":26.0,"turns":4.0},{"damage":15.0,"enemies":"SI_SHIV_ARCHETYPE","floor":28.0,"turns":4.0},{"damage":18.0,"enemies":"Gremlin Leader","floor":31.0,"turns":2.0},{"damage":0.0,"enemies":"3 Cultists","floor":32.0,"turns":3.0},{"damage":91.0,"enemies":"IC_MUSHROOM_ARCHETYPE","floor":33.0,"turns":12.0},{"damage":1.0,"enemies":"Orb Walker","floor":36.0,"turns":2.0},{"damage":13.0,"enemies":"3 Shapes","floor":38.0,"turns":3.0},{"damage":95,"enemies":"2 Orb Walkers","floor":39,"turns":7},{"damage":60,"enemies":"Nemesis","floor":40,"turns":9},{"damage":16,"enemies":"Maw","floor":42,"turns":7},{"damage":41,"enemies":"Sphere and 2 Shapes","floor":43,"turns":6},{"damage":0,"enemies":"Giant Head","floor":45,"turns":9},{"damage":0,"enemies":"Transient","floor":49,"turns":5},{"damage":214,"enemies":"SI_POISON_ARCHETYPE","floor":50,"turns":9}],"seed_played":"7148551556660731136","potions_obtained":[{"floor":6.0,"key":"AttackPotion"},{"floor":8.0,"key":"Weak Potion"},{"floor":12.0,"key":"GamblersBrew"},{"floor":16.0,"key":"LiquidMemories"},{"floor":26.0,"key":"SneckoOil"},{"floor":28.0,"key":"LiquidMemories"},{"floor":32.0,"key":"PowerPotion"},{"floor":40,"key":"hexamod:SoulburnPotion"},{"floor":42,"key":"LiquidBronze"}],"is_trial":false,"path_per_floor":["R","M","M","?","$","E","T","E","M","?","M","M","R","E","M","B",null,"R","$","M","M","$","R","T","?","E","R","?","$","?","E","M","B",null,"R","M","$","M","?","E","T","M","M","?","E","?","?","$","M","B"],"character_chosen":"LuminousClass","items_purchased":["Orrery","Luminous:Abyss_Heart_Luminous","Luminous:Mana_Well_Luminous","Luminous:Dark_Raid","Membership Card","WingedGreaves","Master of Strategy","Happy Flower","Luminous:Balance_Aether_Conduit","Bottled Flame","Fire Potion"],"campfire_rested":0,"item_purchase_floors":[5,19,19,19,22,22,22,29,29,37,48],"current_hp_per_floor":[82,73,70,59,59,58,58,61,51,51,44,49,61,46,35,19,82,82,82,61,59,82,82,82,76,47,68,65,65,92,78,84,36,92,92,91,91,92,49,34,34,58,55,80,80,80,80,80,80,0,0],"gold":182,"neow_bonus":"TEN_PERCENT_HP_BONUS","is_daily":false,"chose_seed":false,"campfire_upgraded":5,"win_rate":0.0,"timestamp":1613233348,"path_taken":["R","M","M","?","$","E","T","E","M","?","M","M","R","E","M","BOSS","R","?","M","?","$","R","T","?","E","R","?","$","?","E","M","BOSS","R","M","$","M","?","E","T","M","M","?","E","?","?","$","M","BOSS"],"items_purchased_type":["Relic","Card","Card","Card","Relic","Relic","Card","Relic","Card","Relic","Potion"],"build_version":"2020-12-13","purchased_purges":1,"victory":false,"max_hp_per_floor":[82,82,82,82,82,82,82,82,82,82,82,82,82,82,82,82,82,82,82,82,82,82,82,82,82,82,82,82,82,92,92,92,92,92,92,92,92,92,92,92,92,92,92,80,80,80,80,80,80,80,80],"card_choices":[{"not_picked":["Luminous:Light_Sylvan_Lance","Luminous:Blinding_Pillar_Luminous","Luminous:Hero_Will_Luminous"],"picked":"SKIP","floor":2.0},{"not_picked":["Luminous:Concentrate_Luminous","Luminous:Dark_Arcane_Pitch"],"picked":"Luminous:Light_Glare","floor":3.0},{"not_picked":["Luminous:Light_Sylvan_Lance","Luminous:Chase_Spell_Luminous"],"picked":"Luminous:Dark_Dim_Erosion","floor":5.0},{"not_picked":["Luminous:Dark_Raid","Luminous:Light_Wash_Luminous"],"picked":"Luminous:Light_Disperse","floor":5.0},{"not_picked":["Luminous:Darks_Surge_Luminous","Luminous:Blinding_Pillar_Luminous"],"picked":"Luminous:Light_Glare","floor":5.0},{"not_picked":["Luminous:Light_Disperse","Luminous:Light_Glare"],"picked":"Luminous:Light_Ray_of_Redemption","floor":5.0},{"not_picked":["Luminous:Blinding_Pillar_Luminous","Luminous:Reverse_Spell_Luminous"],"picked":"Luminous:Dark_Crescendo_Luminous","floor":5.0},{"not_picked":["Luminous:Sympathy_Luminous","Luminous:Light_Sylvan_Lance"],"picked":"Luminous:Reverse_Spell_Luminous","floor":5.0},{"not_picked":["Luminous:Dark_Dim_Erosion","Luminous:Accumulation_Luminous"],"picked":"Luminous:Balance_Death_Scythe","floor":6.0},{"not_picked":["Luminous:Concentrate_Luminous","Luminous:Dark_Pressure_Void"],"picked":"Luminous:Accumulation_Luminous","floor":8.0},{"not_picked":["Luminous:Dark_Pressure_Void","Luminous:Blinding_Pillar_Luminous"],"picked":"Luminous:Light_Wash_Luminous","floor":9.0},{"not_picked":["Luminous:Dark_Pressure_Void","Luminous:Dark_Raid"],"picked":"Luminous:Light_Ray_of_Redemption","floor":11.0},{"not_picked":["Luminous:Balance_Aether_Conduit","Luminous:Light_Wash_Luminous"],"picked":"Luminous:Photic_Meditation_Luminous","floor":12.0},{"not_picked":["Luminous:Accumulation_Luminous","Luminous:Dark_Raid"],"picked":"Luminous:Dark_Pressure_Void","floor":14.0},{"not_picked":["Luminous:Light_Gather","Luminous:Hero_Will_Luminous"],"picked":"Luminous:Light_Ray_of_Redemption","floor":15.0},{"not_picked":["Luminous:Freud_Wisdom1_Luminous","Luminous:Ethereal_Form_Luminous"],"picked":"Luminous:Lania_Blessing_Luminous","floor":16.0},{"not_picked":["Luminous:Dark_Pressure_Void","Luminous:Blinding_Pillar_Luminous"],"picked":"Luminous:Magic_Accelerate_Luminous","floor":19.0},{"not_picked":["Luminous:Light_Disperse","Luminous:Dark_Raid","Luminous:Blinding_Pillar_Luminous"],"picked":"SKIP","floor":20.0},{"not_picked":["Luminous:Concentrate_Luminous","Luminous:Tune_Luminous"],"picked":"Luminous:Mana_Overload_Luminous","floor":21.0},{"not_picked":["Luminous:Dark_Raid","Luminous:Light_Gather"],"picked":"Luminous:Sympathy_Luminous","floor":22.0},{"not_picked":["Luminous:Concentrate_Luminous","Luminous:Magic_Guard_Luminous"],"picked":"Luminous:Lunar_Tide_Luminous","floor":26.0},{"not_picked":["Luminous:Dark_Raid","Luminous:Dark_Morning_Star"],"picked":"Luminous:Light_Wash_Luminous+1","floor":28.0},{"not_picked":["Luminous:Darks_Surge_Luminous+1","Luminous:Light_Gather"],"picked":"Luminous:Dark_Moonlight_Spear","floor":31.0},{"not_picked":["Luminous:Lights_Protection_Luminous","Luminous:Concentrate_Luminous"],"picked":"Luminous:Magic_Boost_Luminous","floor":32.0},{"not_picked":["Luminous:Balance_Baptism","Luminous:Date_of_Light_Luminous"],"picked":"Luminous:Arcane_Rage_Luminous","floor":33.0},{"not_picked":["Luminous:Chase_Spell_Luminous","Luminous:Shadow_Shell_Luminous","Luminous:Light_Glare+1"],"picked":"SKIP","floor":36.0},{"not_picked":["Luminous:Light_Gather+1","Luminous:Light_Wash_Luminous","Luminous:Light_Disperse"],"picked":"SKIP","floor":38.0},{"not_picked":["Luminous:Blinding_Pillar_Luminous","Luminous:Light_Wash_Luminous+1"],"picked":"Luminous:Light_Gather+1","floor":39},{"not_picked":["Luminous:Light_Disperse+1","Luminous:Chase_Spell_Luminous"],"picked":"Luminous:Chaos_Field_Luminous","floor":40},{"not_picked":["Luminous:Accumulation_Luminous+1","Luminous:Dark_Extract+1"],"picked":"Luminous:Darkness_Mastery_Luminous","floor":42},{"not_picked":["Luminous:Light_Wash_Luminous+1","Luminous:Light_Reflection+1","Luminous:Light_Disperse+1"],"picked":"SKIP","floor":43},{"not_picked":["Luminous:Dark_Morning_Star","Luminous:Blinding_Pillar_Luminous"],"picked":"Luminous:Accumulation_Luminous+1","floor":45},{"not_picked":["expansioncontent:YouAreMine","expansioncontent:Chronoboost"],"picked":"expansioncontent:AwakenDeath","floor":46},{"not_picked":["Luminous:Dark_Dim_Erosion+1","Luminous:Light_Wash_Luminous+1","Luminous:Dark_Extract+1"],"picked":"SKIP","floor":49}],"player_experience":62237,"relics_obtained":[{"floor":6.0,"key":"Anchor"},{"floor":7.0,"key":"Eternal Feather"},{"floor":8.0,"key":"Letter Opener"},{"floor":10.0,"key":"Ornamental Fan"},{"floor":14.0,"key":"Toy Ornithopter"},{"floor":24.0,"key":"Lizard Tail"},{"floor":26.0,"key":"Bird Faced Urn"},{"floor":28.0,"key":"Ice Cream"},{"floor":28.0,"key":"HornCleat"},{"floor":31.0,"key":"Meat on the Bone"},{"floor":34.0,"key":"Bag of Preparation"},{"floor":34.0,"key":"Mercury Hourglass"},{"floor":34.0,"key":"CaptainsWheel"},{"floor":39,"key":"Torii"},{"floor":40,"key":"Juzu Bracelet"},{"floor":45,"key":"Dream Catcher"}],"event_choices":[{"damage_healed":0.0,"max_hp_gain":0.0,"max_hp_loss":0.0,"gold_gain":75.0,"event_name":"World of Goop","player_choice":"Gather Gold","floor":4.0,"gold_loss":0.0,"damage_taken":11.0},{"damage_healed":0.0,"max_hp_gain":0.0,"max_hp_loss":0.0,"gold_gain":0.0,"event_name":"Wheel of Change","player_choice":"Relic","floor":10.0,"gold_loss":0.0,"damage_taken":0.0},{"cards_removed":["Luminous:Dark_Crescendo_Luminous"],"damage_healed":17.0,"max_hp_gain":10.0,"max_hp_loss":0.0,"gold_gain":0.0,"event_name":"Bonfire Elementals","player_choice":"Offered Rare","floor":30.0,"gold_loss":0.0,"damage_taken":0.0},{"damage_healed":0,"gold_gain":0,"player_choice":"Fight","damage_taken":0,"max_hp_gain":0,"max_hp_loss":0,"event_name":"Mysterious Sphere","floor":39,"gold_loss":0},{"cards_removed":["Luminous:Light_Wash_Luminous"],"damage_healed":0,"gold_gain":0,"player_choice":"Removed Power","damage_taken":0,"max_hp_gain":0,"max_hp_loss":0,"event_name":"Falling","floor":47,"gold_loss":0}],"is_beta":false,"boss_relics":[{"not_picked":["Ectoplasm","Busted Crown"],"picked":"Astrolabe"},{"not_picked":["bronze:MakeshiftBattery","Fusion Hammer"],"picked":"Calling Bell"}],"items_purged_floors":[48],"is_endless":false,"potions_floor_spawned":[6,8,12,16,26,28,32,40,42],"killed_by":"SI_POISON_ARCHETYPE","ascension_level":2}}