{"host":"02t2xvao3cghmwgs","time":1613189668,"event":{"mods":["2.2 Compatiblity","Act Like it!","BaseMod","Better Note","Colored Powertips","Friendly Minions","Googly Eyes","Hermit","Highlight Path","Kiyohime????","Marisa????????","Minty Spire (QoL Compilation)","READ ME - Guardian Mod","Rare Cards Sparkle","Reimu??????","Remilia??????","StSLib","Synergy Search","The Animator","The Bug Knight","The Marked","The Mystic","The Senshi","The Wild Card","Yuyuko"],"gold_per_floor":[109,109,109,128,128,156,167,200,224,236,236,252,272,292,292,393,443,454,454,472,244,261,261,261,261],"floor_reached":24,"language":"ENG","playtime":1099,"items_purged":["theMarked:Strike"],"score":210,"play_id":"29fdf500-eb7c-4d43-9ee3-d1f2d592979b","local_time":"20210212231428","is_ascension_mode":false,"campfire_choices":[{"floor":11,"key":"REST"},{"floor":15,"key":"REST"},{"data":"theMarked:Generate","floor":23,"key":"SMITH"}],"circlet_count":0,"master_deck":["theMarked:Strike","theMarked:Strike","theMarked:Strike","theMarked:Strike","theMarked:Defend","theMarked:Defend","theMarked:Defend","theMarked:Defend","theMarked:SoldierOfQuellstein","theMarked:ThrowWeapon","theMarked:Pokerface","theMarked:EmpowerWeapon","theMarked:ResourceFulStrike","theMarked:TwofoldDefense+1","theMarked:Generate+1","theMarked:EmpowerWeapon","theMarked:HeightenedSenses","theMarked:ChannelForce","theMarked:Opportunist","theMarked:EternalStudent","theMarked:EmpowerWeapon","theMarked:EnhanceMovement","theMarked:ThrowWeapon","theMarked:Memento","theMarked:RogueSparks"],"relics":["theMarked:ArtifactOfAir","Lantern","Nunchaku","HollowMod:LifeEnderRelic","Art of War","Tiny House","Membership Card"],"acts_visited":["Exordium","TheCity"],"potions_floor_usage":[14,14,16,20,24,24],"damage_taken":[{"damage":3,"enemies":"2 Louse","floor":1,"turns":3},{"damage":9,"enemies":"Jaw Worm","floor":4,"turns":3},{"damage":40,"enemies":"Lagavulin","floor":6,"turns":8},{"damage":0,"enemies":"Small Slimes","floor":7,"turns":2},{"damage":14,"enemies":"Gremlin Nob","floor":8,"turns":3},{"damage":3,"enemies":"Exordium Wildlife","floor":10,"turns":4},{"damage":8,"enemies":"2 Fungi Beasts","floor":12,"turns":3},{"damage":0,"enemies":"Blue Slaver","floor":13,"turns":3},{"damage":5,"enemies":"Exordium Thugs","floor":14,"turns":3},{"damage":27,"enemies":"The Guardian","floor":16,"turns":11},{"damage":0,"enemies":"Chosen","floor":18,"turns":4},{"damage":20,"enemies":"3 Byrds","floor":20,"turns":7},{"damage":12,"enemies":"3 Cultists","floor":22,"turns":5},{"damage":45,"enemies":"Slavers","floor":24,"turns":4}],"seed_played":"5013164329531025780","potions_obtained":[{"floor":8,"key":"SkillPotion"},{"floor":10,"key":"SteroidPotion"},{"floor":12,"key":"Swift Potion"},{"floor":16,"key":"BlessingOfTheForge"},{"floor":17,"key":"Ancient Potion"},{"floor":22,"key":"SteroidPotion"}],"is_trial":false,"path_per_floor":["M","?","?","M","?","E","M","E","T","M","R","M","M","M","R","B",null,"M","?","M","$","M","R","E"],"character_chosen":"THE_DEFAULT","items_purchased":["Membership Card"],"campfire_rested":2,"item_purchase_floors":[21],"current_hp_per_floor":[67,60,53,44,67,27,27,13,13,10,31,23,23,18,39,12,75,75,75,55,55,43,43,0,0],"gold":261,"neow_bonus":"THREE_RARE_CARDS","is_daily":false,"chose_seed":false,"campfire_upgraded":1,"win_rate":0.0,"timestamp":1613189668,"path_taken":["M","?","?","M","?","E","M","E","T","M","R","M","M","M","R","BOSS","M","?","M","$","M","R","E"],"items_purchased_type":["Relic"],"build_version":"2020-12-22","purchased_purges":1,"victory":false,"max_hp_per_floor":[70,70,70,70,70,70,70,70,70,70,70,70,70,70,70,70,75,75,75,75,75,75,75,75,75],"card_choices":[{"not_picked":["theMarked:Snap","theMarked:Levitate"],"picked":"theMarked:ThrowWeapon","floor":0},{"not_picked":["theMarked:HeightenedSenses","theMarked:ResourceFulStrike"],"picked":"theMarked:Pokerface","floor":1},{"not_picked":["theMarked:PowerFlow","theMarked:TakeCover"],"picked":"theMarked:EmpowerWeapon","floor":4},{"not_picked":["theMarked:ThrowWeapon","theMarked:CreepingChasm"],"picked":"theMarked:ResourceFulStrike","floor":6},{"not_picked":["theMarked:TakeCover","theMarked:WastefulAttack"],"picked":"theMarked:TwofoldDefense","floor":7},{"not_picked":["theMarked:PowerFlow","theMarked:TheMission"],"picked":"theMarked:Generate","floor":8},{"not_picked":["theMarked:Improvise","theMarked:Overcharge"],"picked":"theMarked:EmpowerWeapon","floor":10},{"not_picked":["theMarked:WastefulAttack","theMarked:ElectricStrings"],"picked":"theMarked:HeightenedSenses","floor":12},{"not_picked":["theMarked:ElectricStrings","theMarked:BindingBlade"],"picked":"theMarked:ChannelForce","floor":13},{"not_picked":["theMarked:BanishingWave","theMarked:ContemptForTheProud"],"picked":"theMarked:Opportunist","floor":14},{"not_picked":["theMarked:Snap","theMarked:SuspiciousRaven"],"picked":"theMarked:EternalStudent","floor":16},{"not_picked":["theMarked:ChainLightning","theMarked:Frustration"],"picked":"theMarked:EmpowerWeapon","floor":17},{"not_picked":["theMarked:TakeCover","theMarked:Memento+1"],"picked":"theMarked:EnhanceMovement","floor":18},{"not_picked":["theMarked:BanishingWave","theMarked:BanishingStrike"],"picked":"theMarked:Memento","floor":20},{"not_picked":["theMarked:ContemptForTheProud","theMarked:SelfDefenseTraining"],"picked":"theMarked:RogueSparks","floor":22}],"player_experience":338512,"relics_obtained":[{"floor":6,"key":"Nunchaku"},{"floor":8,"key":"HollowMod:LifeEnderRelic"},{"floor":9,"key":"Art of War"}],"event_choices":[{"cards_removed":["Pain"],"damage_healed":0,"gold_gain":0,"player_choice":"Card Removal","damage_taken":7,"max_hp_gain":0,"max_hp_loss":0,"event_name":"Golden Wing","floor":2,"gold_loss":0},{"damage_healed":0,"gold_gain":0,"player_choice":"Success","damage_taken":7,"relics_obtained":["Lantern"],"max_hp_gain":0,"max_hp_loss":0,"event_name":"Scrap Ooze","floor":3,"gold_loss":0},{"damage_healed":23,"gold_gain":0,"player_choice":"Banana","damage_taken":0,"max_hp_gain":0,"max_hp_loss":0,"event_name":"Big Fish","floor":5,"gold_loss":0},{"damage_healed":0,"gold_gain":0,"player_choice":"Copied","damage_taken":0,"max_hp_gain":0,"max_hp_loss":0,"event_name":"Duplicator","floor":19,"gold_loss":0,"cards_obtained":["theMarked:ThrowWeapon"]}],"is_beta":false,"boss_relics":[{"not_picked":["Ectoplasm","Velvet Choker"],"picked":"Tiny House"}],"items_purged_floors":[21],"is_endless":false,"potions_floor_spawned":[8,10,12,13,16,22],"killed_by":"Slavers","ascension_level":0}}