{"host":"1ftto2vaskemldx8","time":1613237462,"event":{"mods":["BaseMod","Minty Spire (QoL Compilation)","Replay The Spire","StSLib","Together in Spire","[功能]功能增强和修复MOD"],"gold_per_floor":[119,132,13,28,28,59,0,0,0,10,36,36,36,1,1,97,97,77,87,1,1,1,1,51,78,159,102,133,133,150,177,177,177,177,278,278,290,290,174,190,120,120,170,180,207,234,51,79,301,321,321,321],"floor_reached":53,"language":"ZHS","playtime":5248,"items_purged":["Strike_R","Defend_R","Strike_R","Defend_R","Strike_R"],"score":930,"play_id":"bb623851-c1b4-4fe7-ad92-00650aac20c8","local_time":"20210214013102","is_ascension_mode":true,"campfire_choices":[{"floor":8,"key":"REST"},{"data":"ReplayTheSpireMod:Brewmster","floor":23,"key":"SMITH"},{"floor":29,"key":"REST"},{"floor":34,"key":"REST"},{"floor":42,"key":"REST"},{"floor":51,"key":"REST"}],"circlet_count":0,"master_deck":["Strike_R+2","Strike_R+1","Defend_R+2","Defend_R+1","Bash+1","Specialist","ReplayTheSpireMod:Muscle Training","Flex","Inflame+1","Shrug It Off","Hemogenesis","Purity","Barricade+1","Shrug It Off","Mayhem+1","Anger","Metallicize","Sword Boomerang","Replay:Undeath\u0027s Touch","Flash of Steel","Pommel Strike","Inflame+1","Juggernaut","Clothesline+1","Sever Soul+1","Panacea","Shrug It Off","ReplayTheSpireMod:Brewmster+1","Warcry+1","Poisoned Strike+1","Burning Pact","Enlightenment","Armaments","Iron Wave+1","Battle Trance","Thunderclap+1","Ghostly Armor","Impervious","Double Tap","Rage","Double Tap","Replay:Bootleg Shield Generator","ReplayTheSpireMod:Necrogeddon+1","Flex+1","Anger+1","Swift Strike+1","Inflame+1","ReplayUltimateDefense","Pommel Strike+1","Immolate+1","Seeing Red+1","Sword Boomerang+1","Transmutation","Heavy Blade+1","Seeing Red+1","Replay:Undeath\u0027s Touch+1","Shockwave+1"],"relics":["Burning Blood","Bronze Scales","Blood Vial","Nunchaku","Membership Card","Whetstone","Anchor","Guide Book","Snack Pack","SlaversCollar","Molten Egg 2","Dream Catcher","Bottled Flame","Replay:Bottled Eggs","Bag of Marbles","Quantum Egg","Red Mask","Fusion Hammer","ReplayTheSpireMod:Ring of Exchange","Unceasing Top","Medical Kit","Bottled Lightning","Replay:Wax Seal","Sling","Simple Rune","Bird Faced Urn","Red Skull","Ornamental Fan","Runic Cube","Replay:WaspNest","Replay:Bottled Steam","ReplayTheSpireMod:Lightbulb"],"acts_visited":["Exordium","TheCity","TheBeyond"],"potions_floor_usage":[6,16,16,16,28,28,28,28,28,28,30,30,30,31,35,35,35,35,35,35,35,37,37,43,43,46,46,48,48,50,50,52,52,52,52,52],"damage_taken":[{"damage":4,"enemies":"2 Louse","floor":1,"turns":4},{"damage":2,"enemies":"Cultist","floor":2,"turns":3},{"damage":9,"enemies":"Jaw Worm","floor":4,"turns":4},{"damage":35,"enemies":"3 Sentries","floor":6,"turns":8},{"damage":14,"enemies":"Blue Slaver","floor":10,"turns":4},{"damage":24,"enemies":"Lagavulin","floor":11,"turns":8},{"damage":9,"enemies":"Fading Forest","floor":16,"turns":11},{"damage":15,"enemies":"2 Thieves","floor":18,"turns":4},{"damage":23,"enemies":"Chosen","floor":19,"turns":5},{"damage":26,"enemies":"Book of Stabbing","floor":25,"turns":5},{"damage":21,"enemies":"Slavers","floor":28,"turns":6},{"damage":3,"enemies":"3 Cultists","floor":30,"turns":4},{"damage":33,"enemies":"Masked Bandits","floor":31,"turns":5},{"damage":25,"enemies":"Champ","floor":35,"turns":7},{"damage":33,"enemies":"3 Darklings","floor":37,"turns":4},{"damage":53,"enemies":"3 Shapes","floor":40,"turns":5},{"damage":1,"enemies":"Mind Bloom Boss Battle","floor":43,"turns":5},{"damage":1,"enemies":"Maw","floor":44,"turns":7},{"damage":1,"enemies":"Giant Head","floor":46,"turns":5},{"damage":13,"enemies":"Reptomancer","floor":48,"turns":4},{"damage":7,"enemies":"Spire Growth","floor":50,"turns":4},{"damage":27,"enemies":"Donu and Deca","floor":52,"turns":6}],"seed_played":"1557287523427398924","potions_obtained":[{"floor":2,"key":"SteroidPotion"},{"floor":4,"key":"LiquidBronze"},{"floor":10,"key":"LiquidBronze"},{"floor":11,"key":"Regen Potion"},{"floor":16,"key":"SpeedPotion"},{"floor":16,"key":"Dexterity Potion"},{"floor":18,"key":"LiquidBronze"},{"floor":19,"key":"Energy Potion"},{"floor":28,"key":"Energy Potion"},{"floor":37,"key":"Reflective Coating"},{"floor":40,"key":"Fire Potion"},{"floor":44,"key":"Ancient Potion"},{"floor":46,"key":"LifebloodPotion"},{"floor":48,"key":"PowerPotion"},{"floor":50,"key":"LiquidBronze"}],"is_trial":false,"path_per_floor":["M","M","$","M","?","E","$","R","T","M","E","?","?","$","R","B",null,"M","M","$","?","$","R","T","E","T","$","E","R","M","?","PTL","PTL","R","B",null,"M","?","$","M","$","R","?","M","T","E","$","E","?","M","R","B",null],"character_chosen":"IRONCLAD","items_purchased":["Inflame","Shrug It Off","Hemogenesis","Purity","Bronze Scales","Blood Vial","Membership Card","Mayhem","Anger","Metallicize","Flash of Steel","Pommel Strike","Inflame","Guide Book","Molten Egg 2","Panacea","Shrug It Off","EssenceOfSteel","ReplayTheSpireMod:Brewmster","Bag of Marbles","Poisoned Strike+1","Burning Pact","Enlightenment","Armaments","Unceasing Top","Double Tap","Medical Kit","Replay:Bootleg Shield Generator","ReplayTheSpireMod:Necrogeddon+1","Bottled Lightning","Replay:Wax Seal","Sling","Simple Rune","Anger+1","Swift Strike+1","Inflame+1","ReplayUltimateDefense","Runic Cube","Replay:WaspNest","Sword Boomerang+1","Transmutation","Replay:Bottled Steam","Heavy Blade+1"],"campfire_rested":5,"item_purchase_floors":[3,3,3,3,3,3,7,7,7,7,14,14,14,14,20,20,20,20,20,27,27,27,27,27,39,39,39,39,39,39,41,41,41,41,41,41,41,47,47,47,47,47,47],"current_hp_per_floor":[80,80,80,77,69,49,49,73,73,67,51,35,35,35,10,51,80,71,58,58,58,58,58,58,40,40,40,29,53,62,39,39,39,63,59,80,60,60,60,17,17,41,54,80,80,80,80,80,80,80,80,71],"gold":321,"neow_bonus":"RANDOM_COLORLESS","is_daily":false,"chose_seed":false,"campfire_upgraded":1,"win_rate":0.0,"timestamp":1613237462,"path_taken":["M","M","$","M","?","E","$","R","T","?","E","?","?","$","R","BOSS","M","M","$","?","$","R","?","E","T","$","E","R","?","?","PTL","PTL","R","BOSS","M","?","$","M","$","R","?","M","T","E","$","E","?","M","R","BOSS"],"items_purchased_type":["Card","Card","Card","Card","Relic","Relic","Relic","Card","Card","Card","Card","Card","Card","Relic","Relic","Card","Card","Potion","Card","Relic","Card","Card","Card","Card","Relic","Card","Relic","Card","Card","Relic","Relic","Relic","Relic","Card","Card","Card","Card","Relic","Relic","Card","Card","Relic","Card"],"build_version":"2020-12-22","purchased_purges":5,"victory":true,"max_hp_per_floor":[80,80,80,80,80,80,80,80,80,80,80,80,80,80,80,80,80,80,80,80,80,80,80,80,80,80,80,80,80,80,80,80,80,80,80,80,80,80,80,80,80,80,80,80,80,80,80,80,80,80,80,80],"card_choices":[{"not_picked":["Replay:Bootleg Shield Generator","Blind"],"picked":"Specialist","floor":0},{"not_picked":["Clash","Thunderclap"],"picked":"ReplayTheSpireMod:Muscle Training","floor":1},{"not_picked":["Wild Strike","Cleave"],"picked":"Flex","floor":2},{"not_picked":["Iron Wave","Perfected Strike"],"picked":"Barricade","floor":4},{"not_picked":["Wild Strike","Rupture"],"picked":"Shrug It Off","floor":6},{"not_picked":["Abandon","Blood for Blood"],"picked":"Sword Boomerang","floor":10},{"not_picked":["Iron Wave","Body Slam"],"picked":"Replay:Undeath\u0027s Touch","floor":11},{"not_picked":["Fiend Fire","Exhume"],"picked":"Juggernaut","floor":16},{"not_picked":["Havoc","Perfected Strike"],"picked":"Clothesline+1","floor":18},{"not_picked":["Cleave","Rampage"],"picked":"Sever Soul+1","floor":19},{"not_picked":["Shrug It Off","Cleave+1"],"picked":"Warcry+1","floor":25},{"not_picked":["Hemokinesis+1","Shrug It Off"],"picked":"Iron Wave+1","floor":28},{"not_picked":["Dark Embrace","ReplayTheSpireMod:LeadingStrike+1"],"picked":"Battle Trance","floor":29},{"not_picked":["Wild Strike+1","Shrug It Off"],"picked":"Thunderclap+1","floor":30},{"not_picked":["Sever Soul+1","Wild Strike+1"],"picked":"Ghostly Armor","floor":31},{"not_picked":["Clash+1","ReplayTheSpireMod:Strike From Hell+1"],"picked":"Impervious","floor":34},{"not_picked":["Demon Form","Limit Break"],"picked":"Double Tap","floor":35},{"not_picked":["Warcry+1","Armaments+1"],"picked":"Rage","floor":37},{"not_picked":["Iron Wave+1","Thunderclap+1"],"picked":"Flex+1","floor":40},{"not_picked":["Ghostly Armor","Armaments+1"],"picked":"Pommel Strike+1","floor":42},{"not_picked":["Sword Boomerang+1","Searing Blow+1"],"picked":"Immolate+1","floor":43},{"not_picked":["Headbutt+1","Perfected Strike+1","Clothesline+1"],"picked":"SKIP","floor":44},{"not_picked":["ReplayTheSpireMod:Corrosion Curse","Iron Wave+1"],"picked":"Seeing Red+1","floor":46},{"not_picked":["True Grit+1","Heavy Blade+1"],"picked":"Seeing Red+1","floor":48},{"not_picked":["Rampage+1","Life Link+1"],"picked":"Replay:Undeath\u0027s Touch+1","floor":50},{"not_picked":["Havoc","Run Through+1"],"picked":"Shockwave+1","floor":51}],"player_experience":42706,"relics_obtained":[{"floor":6,"key":"Nunchaku"},{"floor":9,"key":"Whetstone"},{"floor":11,"key":"Anchor"},{"floor":24,"key":"Dream Catcher"},{"floor":25,"key":"Bottled Flame"},{"floor":26,"key":"Replay:Bottled Eggs"},{"floor":28,"key":"Quantum Egg"},{"floor":31,"key":"Red Mask"},{"floor":38,"key":"ReplayTheSpireMod:Ring of Exchange"},{"floor":43,"key":"Bird Faced Urn"},{"floor":45,"key":"Red Skull"},{"floor":46,"key":"Ornamental Fan"},{"floor":48,"key":"ReplayTheSpireMod:Lightbulb"}],"event_choices":[{"damage_healed":0,"gold_gain":0,"player_choice":"Damaged","damage_taken":8,"max_hp_gain":0,"max_hp_loss":0,"event_name":"Wheel of Change","floor":5,"gold_loss":0},{"damage_healed":0,"gold_gain":0,"player_choice":"Entered Light","damage_taken":16,"max_hp_gain":0,"max_hp_loss":0,"event_name":"Shining Light","floor":12,"gold_loss":0,"cards_upgraded":["Strike_R","Defend_R"]},{"damage_healed":0,"gold_gain":0,"player_choice":"Success","damage_taken":25,"relics_obtained":["Snack Pack"],"max_hp_gain":0,"max_hp_loss":0,"event_name":"Scrap Ooze","floor":15,"gold_loss":0},{"damage_healed":0,"gold_gain":0,"player_choice":"Ignored","damage_taken":0,"max_hp_gain":0,"max_hp_loss":0,"event_name":"Vampires","floor":21,"gold_loss":0},{"damage_healed":0,"gold_gain":0,"player_choice":"Fought Bandits","damage_taken":0,"max_hp_gain":0,"max_hp_loss":0,"event_name":"Masked Bandits","floor":31,"gold_loss":0},{"damage_healed":0,"gold_gain":0,"player_choice":"Fight","damage_taken":0,"max_hp_gain":0,"max_hp_loss":0,"event_name":"MindBloom","floor":43,"gold_loss":0},{"damage_healed":0,"gold_gain":222,"player_choice":"Wore Mask","damage_taken":0,"max_hp_gain":0,"max_hp_loss":0,"event_name":"Tomb of Lord Red Mask","floor":49,"gold_loss":0}],"is_beta":false,"boss_relics":[{"not_picked":["Busted Crown","Replay:Wanted Poster"],"picked":"SlaversCollar"},{"not_picked":["ChewingGum","Ring of Chaos"],"picked":"Fusion Hammer"}],"items_purged_floors":[20,20,20,20,27],"is_endless":false,"potions_floor_spawned":[2,4,10,11,11,11,16,16,18,19,19,25,25,28,28,37,40,44,46,46,46,48,50],"ascension_level":2}}