{"host":"nwtxriuk34b069je","time":1613181129,"event":{"mods":["AchievementEnabler","BaseMod","Better Skull","Colored Map","Colored Powertips","Hermit","Minty Spire (QoL Compilation)","Relic Stats","StSLib"],"gold_per_floor":[114,132,307,11,86,86,86,97,151,167,167,187,215,230,230,230,230],"floor_reached":16,"language":"ENG","playtime":672,"items_purged":[],"score":152,"play_id":"289ef608-ef3f-41f4-a71f-3d4f98cbb0a7","local_time":"20210212195209","is_ascension_mode":false,"campfire_choices":[{"floor":6,"key":"REST"},{"data":"Deflect","floor":11,"key":"SMITH"},{"floor":15,"key":"REST"}],"circlet_count":0,"master_deck":["Strike_G","Strike_G","Strike_G","Strike_G","Strike_G","Defend_G","Defend_G","Defend_G","Defend_G","Defend_G","Survivor","Neutralize","Deflect+1","Poisoned Stab","Backflip","Deadly Poison"],"relics":["Ring of the Snake","The Specimen","Oddly Smooth Stone","PreservedInsect"],"acts_visited":["Exordium"],"potions_floor_usage":[13,13,16],"damage_taken":[{"damage":1,"enemies":"Cultist","floor":1,"turns":5},{"damage":6,"enemies":"Jaw Worm","floor":2,"turns":4},{"damage":3,"enemies":"2 Louse","floor":8,"turns":3},{"damage":1,"enemies":"Blue Slaver","floor":10,"turns":5},{"damage":9,"enemies":"2 Fungi Beasts","floor":12,"turns":4},{"damage":46,"enemies":"Lagavulin","floor":13,"turns":13},{"damage":0,"enemies":"Looter","floor":14,"turns":5},{"damage":26,"enemies":"The Guardian","floor":16,"turns":10}],"seed_played":"-3472586972978782033","potions_obtained":[{"floor":2,"key":"ColorlessPotion"},{"floor":8,"key":"DistilledChaos"},{"floor":10,"key":"SmokeBomb"},{"floor":14,"key":"SkillPotion"}],"is_trial":true,"path_per_floor":["M","M","?","$","?","R","?","M","T","M","R","M","E","M","R","B"],"character_chosen":"THE_SILENT","items_purchased":["The Specimen"],"campfire_rested":2,"item_purchase_floors":[4],"current_hp_per_floor":[69,63,63,63,52,70,63,60,60,59,59,50,4,4,25,0,0],"gold":230,"neow_bonus":"","is_daily":false,"chose_seed":false,"campfire_upgraded":1,"win_rate":0.0,"timestamp":1613181129,"path_taken":["M","?","?","$","?","R","?","M","T","M","R","M","E","M","R","BOSS"],"items_purchased_type":["Relic"],"build_version":"2020-12-22","purchased_purges":0,"victory":false,"max_hp_per_floor":[70,70,70,70,70,70,70,70,70,70,70,70,70,70,70,70,70],"relic_stats":{"counters":[8,49],"PreservedInsect":0,"obtain_stats":[{"The Specimen":4,"Oddly Smooth Stone":9,"PreservedInsect":13,"Ring of the Snake":0},{"The Specimen":2,"Oddly Smooth Stone":3,"PreservedInsect":6,"Ring of the Snake":0},{"The Specimen":9,"Oddly Smooth Stone":12,"PreservedInsect":34,"Ring of the Snake":0}],"Ring of the Snake":[16]},"card_choices":[{"not_picked":["Dagger Throw","Outmaneuver","Well Laid Plans"],"picked":"SKIP","floor":1},{"not_picked":["Quick Slash","Bane","Deflect"],"picked":"SKIP","floor":2},{"not_picked":["Heel Hook","Quick Slash","Expertise"],"picked":"SKIP","floor":8},{"not_picked":["Prepared","Night Terror"],"picked":"Deflect","floor":10},{"not_picked":["Heel Hook","Underhanded Strike"],"picked":"Poisoned Stab","floor":12},{"not_picked":["Deflect","Underhanded Strike"],"picked":"Backflip","floor":13},{"not_picked":["Bullet Time","Blade Dance"],"picked":"Deadly Poison","floor":14}],"player_experience":547560,"relics_obtained":[{"floor":9,"key":"Oddly Smooth Stone"},{"floor":13,"key":"PreservedInsect"}],"event_choices":[{"damage_healed":0,"gold_gain":175,"player_choice":"AGREE","damage_taken":0,"max_hp_gain":0,"max_hp_loss":0,"event_name":"Liars Game","floor":3,"gold_loss":0,"cards_obtained":["Doubt"]},{"damage_healed":0,"gold_gain":75,"player_choice":"Gather Gold","damage_taken":11,"max_hp_gain":0,"max_hp_loss":0,"event_name":"World of Goop","floor":5,"gold_loss":0},{"cards_removed":["Doubt"],"damage_healed":0,"gold_gain":0,"player_choice":"Card Removal","damage_taken":7,"max_hp_gain":0,"max_hp_loss":0,"event_name":"Golden Wing","floor":7,"gold_loss":0}],"is_beta":false,"boss_relics":[],"items_purged_floors":[],"is_endless":true,"potions_floor_spawned":[2,8,10,14],"killed_by":"The Guardian","ascension_level":0}}