{"host":"takgv9cv6xf64vhq","time":1613240517,"event":{"mods":["BaseMod","Colored Powertips","Conspire","Decade(王小明)","Downfall","Energized Spire","Hermit","Hubris","LagranYue(拉格朗・月)","Marisa（F雨　魔理沙）","Minty Spire (QoL Compilation)","Replay The Spire","StSLib","The Cursed","The Hierophant","The Jungle","The Servant 0.9.4","TheHeartMod"],"gold_per_floor":[113,113,127,147,157,157,186,196,222,222,73,73,73,73],"floor_reached":13,"language":"ZHS","playtime":440,"items_purged":[],"score":123,"play_id":"21cfb585-1864-4720-88d2-2ba79819efcf","local_time":"20210214022157","is_ascension_mode":true,"campfire_choices":[{"data":"ReplayTheSpireMod:System Scan","floor":6,"key":"SMITH"},{"data":"Hologram","floor":10,"key":"SMITH"},{"floor":12,"key":"REST"}],"circlet_count":0,"master_deck":["Strike_B","Strike_B","Strike_B","Strike_B","Defend_B","Defend_B","Defend_B","Defend_B","Zap","Dualcast","Reprogram+1","FTL","ReplayTheSpireMod:System Scan+1","Compile Driver","Hologram+1"],"relics":["hubris:VirtuousBlindfold","Akabeko","Lantern","Bag of Preparation"],"acts_visited":["Exordium"],"potions_floor_usage":[7],"damage_taken":[{"damage":0,"enemies":"2 Louse","floor":1,"turns":4},{"damage":0,"enemies":"Cultist","floor":3,"turns":4},{"damage":4,"enemies":"Jaw Worm","floor":4,"turns":4},{"damage":6,"enemies":"3 Louse","floor":5,"turns":3},{"damage":36,"enemies":"3 Sentries","floor":7,"turns":8},{"damage":21,"enemies":"Large Slime","floor":8,"turns":5},{"damage":23,"enemies":"Gremlin Nob","floor":13,"turns":3}],"seed_played":"3518569954426877551","potions_obtained":[{"floor":4,"key":"bronze:BurnAndBuffPotion"},{"floor":5,"key":"SmokeBomb"},{"floor":7,"key":"Elixir"}],"is_trial":false,"path_per_floor":["M","?","M","M","M","R","E","M","T","R","$","R","E"],"character_chosen":"DEFECT","items_purchased":["Bag of Preparation"],"campfire_rested":1,"item_purchase_floors":[11],"current_hp_per_floor":[68,68,68,64,58,58,22,1,1,1,1,23,0,0],"gold":73,"neow_bonus":"BOSS_RELIC","is_daily":false,"chose_seed":false,"campfire_upgraded":2,"win_rate":0.0,"timestamp":1613240517,"path_taken":["M","?","M","M","M","R","E","?","T","R","$","R","E"],"items_purchased_type":["Relic"],"build_version":"2020-12-22","purchased_purges":0,"victory":false,"max_hp_per_floor":[75,75,75,75,75,75,75,75,75,75,75,75,75,75],"card_choices":[{"not_picked":["Gash","Streamline"],"picked":"Reprogram","floor":1},{"not_picked":["Chaos","Storm"],"picked":"FTL","floor":3},{"not_picked":["Lockon","Beam Cell"],"picked":"ReplayTheSpireMod:System Scan","floor":4},{"not_picked":["Cold Snap","Tempest","Coolheaded"],"picked":"SKIP","floor":5},{"not_picked":["Fusion","Stack"],"picked":"Compile Driver","floor":7},{"not_picked":["Streamline","Ball Lightning"],"picked":"Hologram","floor":8}],"player_experience":518950,"relics_obtained":[{"floor":7,"key":"Akabeko"},{"floor":9,"key":"Lantern"}],"event_choices":[{"damage_healed":0,"gold_gain":0,"player_choice":"Forge","damage_taken":0,"max_hp_gain":0,"max_hp_loss":0,"event_name":"Accursed Blacksmith","floor":2,"gold_loss":0,"cards_upgraded":["Reprogram"]}],"is_beta":false,"boss_relics":[],"items_purged_floors":[],"is_endless":false,"potions_floor_spawned":[4,5,7],"killed_by":"Gremlin Nob","ascension_level":9}}