{"host":"vyjryxuuuxkt43k4","time":1613211744,"event":{"mods":["AchievementEnabler","BaseMod","Colored Map","DeckTracker","Keyboard Shortcuts","Minty Spire (QoL Compilation)","Permanent Neow","Quick Restart","Rare Cards Sparkle","StSLib","SuperFastMode","everything is the same but u backflip on backflip"],"gold_per_floor":[119,139,139,153,228,228,8,46,46,46,46,71,51,72,72,72,72],"floor_reached":16,"language":"KOR","playtime":497,"items_purged":[],"score":200,"play_id":"82d62efe-4426-4539-ab3f-4c792c334d4e","local_time":"20210213192224","is_ascension_mode":true,"campfire_choices":[{"floor":6,"key":"REST"},{"floor":11,"key":"REST"},{"floor":15,"key":"REST"}],"circlet_count":0,"master_deck":["AscendersBane","Strike_G","Strike_G","Strike_G","Strike_G","Strike_G","Defend_G","Defend_G","Defend_G","Defend_G","Defend_G","Survivor","Neutralize+1","Eviscerate","Dagger Spray+1","Dash","Dagger Throw","Reflex","Well Laid Plans","A Thousand Cuts"],"relics":["Ring of the Snake","Golden Idol","Anchor","Darkstone Periapt"],"acts_visited":["Exordium"],"potions_floor_usage":[2,8,14],"damage_taken":[{"damage":0,"enemies":"Jaw Worm","floor":1,"turns":5},{"damage":3,"enemies":"2 Louse","floor":2,"turns":3},{"damage":10,"enemies":"Small Slimes","floor":4,"turns":3},{"damage":26,"enemies":"Lagavulin","floor":8,"turns":8},{"damage":12,"enemies":"Exordium Thugs","floor":12,"turns":5},{"damage":0,"enemies":"Large Slime","floor":14,"turns":5},{"damage":50,"enemies":"Slime Boss","floor":16,"turns":7}],"seed_played":"-8023691820500135021","potions_obtained":[{"floor":1,"key":"Energy Potion"},{"floor":8,"key":"PowerPotion"},{"floor":12,"key":"BlessingOfTheForge"},{"floor":13,"key":"SpeedPotion"}],"is_trial":false,"path_per_floor":["M","M","?","M","?","R","$","E","T","?","R","M","?","M","R","B"],"character_chosen":"THE_SILENT","items_purchased":["Regen Potion","Dash","Dagger Throw"],"campfire_rested":3,"item_purchase_floors":[7,7,7],"current_hp_per_floor":[59,56,33,23,12,31,31,20,20,20,39,27,27,27,46,0,0],"gold":72,"neow_bonus":"UPGRADE_CARD","is_daily":false,"chose_seed":false,"campfire_upgraded":0,"win_rate":0.0,"timestamp":1613211744,"path_taken":["M","M","?","M","?","R","$","E","T","?","R","?","?","M","R","BOSS"],"items_purchased_type":["Potion","Card","Card"],"build_version":"2020-12-22","purchased_purges":0,"victory":false,"max_hp_per_floor":[66,66,66,66,66,66,66,66,66,66,66,66,66,66,66,66,66],"card_choices":[{"not_picked":["Outmaneuver","Underhanded Strike"],"picked":"Eviscerate","floor":1},{"not_picked":["Underhanded Strike","Riddle With Holes","Infinite Blades"],"picked":"SKIP","floor":2},{"not_picked":["Footwork","Noxious Fumes"],"picked":"Dagger Spray","floor":4},{"not_picked":["Setup","Quick Slash"],"picked":"Reflex","floor":8},{"not_picked":["Slice","Blur"],"picked":"Well Laid Plans","floor":12},{"not_picked":["Dagger Throw","Choke"],"picked":"A Thousand Cuts","floor":14}],"player_experience":976049,"relics_obtained":[{"floor":8,"key":"Anchor"},{"floor":9,"key":"Darkstone Periapt"}],"event_choices":[{"damage_healed":0,"gold_gain":0,"player_choice":"Take Damage","damage_taken":23,"relics_obtained":["Golden Idol"],"max_hp_gain":0,"max_hp_loss":0,"event_name":"Golden Idol","floor":3,"gold_loss":0},{"damage_healed":0,"gold_gain":75,"player_choice":"Gather Gold","damage_taken":11,"max_hp_gain":0,"max_hp_loss":0,"event_name":"World of Goop","floor":5,"gold_loss":0},{"damage_healed":0,"gold_gain":0,"player_choice":"Forge","damage_taken":0,"max_hp_gain":0,"max_hp_loss":0,"event_name":"Accursed Blacksmith","floor":10,"gold_loss":0,"cards_upgraded":["Dagger Spray"]},{"damage_healed":0,"gold_gain":0,"player_choice":"Bought 1 Potion","damage_taken":0,"max_hp_gain":0,"max_hp_loss":0,"event_name":"The Woman in Blue","floor":13,"gold_loss":0}],"is_beta":false,"boss_relics":[],"items_purged_floors":[],"is_endless":false,"potions_floor_spawned":[1,8,12],"killed_by":"Slime Boss","ascension_level":20}}