{"host":"0sfgj94ncg1q6gq3","time":1613233104,"event":{"mods":["2.2 Compatiblity","BaseMod","Bestiary","Colored Map","Colored Powertips","Curses Come First","Highlight Path","Keyboard Shortcuts","Minty Spire (QoL Compilation)","Relic Stats","Slay the Relics Exporter","StSLib"],"gold_per_floor":[118,118,118,118,139,173,194,194,194],"floor_reached":8,"language":"ENG","playtime":249,"items_purged":[],"score":64,"play_id":"d998acb8-65cc-4a39-b8b3-fa39c5bd154c","local_time":"20210213181824","is_ascension_mode":true,"campfire_choices":[],"circlet_count":0,"master_deck":["Strike_G","Strike_G","Strike_G","Strike_G","Strike_G","Defend_G","Defend_G","Defend_G","Defend_G","Defend_G","Survivor","Neutralize","Dagger Spray","Dagger Throw","Blade Dance","Backflip"],"relics":["Ring of the Snake","Smiling Mask","Golden Idol","Regal Pillow","Ornamental Fan"],"acts_visited":[],"potions_floor_usage":[6,8,8],"damage_taken":[{"damage":4.0,"enemies":"Jaw Worm","floor":1.0,"turns":5.0},{"damage":0,"enemies":"2 Louse","floor":5,"turns":2},{"damage":27,"enemies":"Lagavulin","floor":6,"turns":6},{"damage":0,"enemies":"Small Slimes","floor":7,"turns":2},{"damage":25,"enemies":"Gremlin Nob","floor":8,"turns":4}],"seed_played":"-5111851769532300321","potions_obtained":[{"floor":5,"key":"CultistPotion"},{"floor":6,"key":"Ancient Potion"},{"floor":7,"key":"Dexterity Potion"}],"is_trial":false,"path_per_floor":["M","?","?","?","M","E","M","E"],"character_chosen":"THE_SILENT","items_purchased":[],"campfire_rested":0,"item_purchase_floors":[],"current_hp_per_floor":[66,66,59,41,41,14,14,0,0],"gold":194,"neow_bonus":"RANDOM_COMMON_RELIC","is_daily":false,"chose_seed":false,"campfire_upgraded":0,"win_rate":0.0,"timestamp":1613233104,"path_taken":["M","?","?","?","M","E","M","E"],"items_purchased_type":[],"build_version":"2020-12-22","purchased_purges":0,"victory":false,"max_hp_per_floor":[70,70,70,70,70,70,70,70,70],"relic_stats":{"Regal Pillow":0,"counters":[4,14],"Golden Idol":15,"Ornamental Fan":[16],"Smiling Mask":0,"obtain_stats":[{"Regal Pillow":4,"Golden Idol":0,"Ornamental Fan":6,"Smiling Mask":0,"Ring of the Snake":0},{"Regal Pillow":0,"Golden Idol":0,"Ornamental Fan":2,"Smiling Mask":0,"Ring of the Snake":0},{"Regal Pillow":0,"Golden Idol":0,"Ornamental Fan":8,"Smiling Mask":0,"Ring of the Snake":0}],"Ring of the Snake":[8]},"card_choices":[{"not_picked":["Bane","Underhanded Strike"],"picked":"Dagger Spray","floor":1.0},{"not_picked":["All Out Attack","Deadly Poison"],"picked":"Dagger Throw","floor":5},{"not_picked":["Bane","Expertise"],"picked":"Blade Dance","floor":6},{"not_picked":["Setup","Quick Slash"],"picked":"Backflip","floor":7}],"player_experience":86781,"relics_obtained":[{"floor":6,"key":"Ornamental Fan"}],"event_choices":[{"damage_healed":0.0,"max_hp_gain":0.0,"max_hp_loss":0.0,"gold_gain":0.0,"event_name":"Golden Idol","player_choice":"Take Wound","floor":2.0,"gold_loss":0.0,"damage_taken":0.0,"relics_obtained":["Golden Idol"],"cards_obtained":["Injury"]},{"cards_removed":["Injury"],"damage_healed":0,"gold_gain":0,"player_choice":"Card Removal","damage_taken":7,"max_hp_gain":0,"max_hp_loss":0,"event_name":"Golden Wing","floor":3,"gold_loss":0},{"damage_healed":0,"gold_gain":0,"player_choice":"Success","damage_taken":18,"relics_obtained":["Regal Pillow"],"max_hp_gain":0,"max_hp_loss":0,"event_name":"Scrap Ooze","floor":4,"gold_loss":0}],"is_beta":false,"boss_relics":[],"items_purged_floors":[],"is_endless":false,"potions_floor_spawned":[5,6,7],"killed_by":"Gremlin Nob","ascension_level":3}}