{"host":"5h6e4l6hpn0p5lap","time":1613180126,"event":{"mods":["AchievementEnabler","BaseMod","Better Altar","Better Match","Better Sensory Stone","Better Skull","Better Third Choice","Colored Map","Filter the Spire","Minty Spire (QoL Compilation)","StSLib"],"gold_per_floor":[112,62,81,93,113,141,215,215,215,390,390,45,59,82,82,186,186,176,176,194,194,194,194,44,71,96,96,109,139,152,166,166,271,271,287,304,76,76,93,93,93,110,135,135,135,135],"floor_reached":45,"language":"ENG","playtime":1716,"items_purged":["Doubt"],"score":693,"play_id":"f2c1d11f-5e09-4c59-9328-c26ba296c5c9","local_time":"20210212203526","is_ascension_mode":true,"campfire_choices":[{"floor":8.0,"key":"REST"},{"floor":11.0,"key":"RECALL"},{"floor":15,"key":"REST"},{"floor":23,"key":"REST"},{"floor":27,"key":"REST"},{"floor":32,"key":"REST"},{"floor":40,"key":"REST"},{"floor":44,"key":"REST"}],"circlet_count":0,"master_deck":["Strike_G","Strike_G+1","Strike_G","Strike_G","Defend_G","Defend_G","Defend_G","Defend_G","Defend_G","Survivor","Neutralize","Deadly Poison","Acrobatics","Crippling Poison","Bouncing Flask+1","Bane+1","Catalyst+1","Prepared+1","Malaise+1","Backflip+1","Apotheosis+1","Discovery+1","Catalyst+1","Deadly Poison+1","Noxious Fumes+1","Deflect+1","Catalyst+1","PiercingWail+1","Leg Sweep+1","Footwork"],"relics":["Fusion Hammer","Mercury Hourglass","Toxic Egg 2","Medical Kit","Odd Mushroom","Runic Pyramid","Toy Ornithopter","Orrery","Whetstone","Regal Pillow","Busted Crown","Strawberry","Juzu Bracelet"],"acts_visited":["Exordium","TheCity","TheBeyond"],"potions_floor_usage":[25,29,31,45],"damage_taken":[{"damage":0.0,"enemies":"Jaw Worm","floor":1.0,"turns":5.0},{"damage":0.0,"enemies":"Small Slimes","floor":3.0,"turns":3.0},{"damage":1.0,"enemies":"2 Louse","floor":4.0,"turns":3.0},{"damage":1.0,"enemies":"Exordium Wildlife","floor":5.0,"turns":4.0},{"damage":12.0,"enemies":"Lagavulin","floor":6.0,"turns":5.0},{"damage":6,"enemies":"Looter","floor":13,"turns":3},{"damage":7,"enemies":"The Mushroom Lair","floor":14,"turns":3},{"damage":40,"enemies":"Hexaghost","floor":16,"turns":5},{"damage":17,"enemies":"2 Thieves","floor":18,"turns":4},{"damage":0,"enemies":"Chosen","floor":20,"turns":3},{"damage":16,"enemies":"Slavers","floor":25,"turns":4},{"damage":10,"enemies":"3 Cultists","floor":28,"turns":6},{"damage":4,"enemies":"Gremlin Leader","floor":29,"turns":5},{"damage":6,"enemies":"Snake Plant","floor":30,"turns":3},{"damage":5,"enemies":"Chosen and Byrds","floor":31,"turns":4},{"damage":19,"enemies":"Collector","floor":33,"turns":5},{"damage":55,"enemies":"3 Darklings","floor":35,"turns":5},{"damage":3,"enemies":"Orb Walker","floor":36,"turns":4},{"damage":0,"enemies":"Sphere and 2 Shapes","floor":39,"turns":5},{"damage":14,"enemies":"Maw","floor":42,"turns":5},{"damage":80,"enemies":"Reptomancer","floor":45,"turns":3}],"seed_played":"6179360830286534783","potions_obtained":[{"floor":3.0,"key":"Fire Potion"},{"floor":5.0,"key":"Fire Potion"},{"floor":6.0,"key":"SteroidPotion"},{"floor":13,"key":"FearPotion"},{"floor":18,"key":"DuplicationPotion"},{"floor":25,"key":"SneckoOil"},{"floor":30,"key":"Ancient Potion"},{"floor":36,"key":"PowerPotion"}],"is_trial":false,"path_per_floor":["M","?","M","M","M","E","?","R","T","?","R","$","M","?","R","B",null,"M","?","M","?","?","R","$","E","T","R","M","E","M","M","R","B",null,"M","M","$","?","M","R","$","M","T","R","E"],"character_chosen":"THE_SILENT","items_purchased":["Bouncing Flask+1","Medical Kit","Bane","Orrery","Footwork","Strawberry"],"campfire_rested":7,"item_purchase_floors":[12,12,12,24,37,37],"current_hp_per_floor":[63,63,63,62,61,49,49,70,70,70,70,70,64,57,70,30,60,43,43,43,43,43,64,64,53,53,70,60,61,55,55,70,51,65,10,7,14,77,77,77,77,63,63,77,0,0],"gold":135,"neow_bonus":"BOSS_RELIC","is_daily":false,"chose_seed":false,"campfire_upgraded":0,"win_rate":0.0,"timestamp":1613180126,"path_taken":["M","?","M","M","M","E","?","R","T","?","R","$","M","?","R","BOSS","M","?","M","?","?","R","$","E","T","R","M","E","M","M","R","BOSS","M","M","$","?","?","R","$","?","T","R","E"],"items_purchased_type":["Card","Relic","Card","Relic","Card","Relic"],"build_version":"2020-12-22","purchased_purges":1,"victory":false,"max_hp_per_floor":[70,70,70,70,70,70,70,70,70,70,70,70,70,70,70,70,70,70,70,70,70,70,70,70,70,70,70,70,70,70,70,70,70,70,70,70,77,77,77,77,77,77,77,77,77,77],"card_choices":[{"not_picked":["Blade Dance","Acrobatics"],"picked":"Predator","floor":1.0},{"not_picked":["Prepared","Flying Knee"],"picked":"Deadly Poison","floor":3.0},{"not_picked":["Prepared","Tactician"],"picked":"Acrobatics","floor":4.0},{"not_picked":["Footwork","Dagger Throw"],"picked":"Crippling Poison","floor":5.0},{"not_picked":["Eviscerate","Predator","Finisher"],"picked":"SKIP","floor":6.0},{"not_picked":["Outmaneuver+1","Tools of the Trade"],"picked":"Catalyst+1","floor":13},{"not_picked":["Quick Slash","All Out Attack"],"picked":"Prepared+1","floor":14},{"not_picked":["Grand Finale","Storm of Steel+1"],"picked":"Malaise+1","floor":16},{"not_picked":["Crippling Poison+1","Slice"],"picked":"Backflip+1","floor":18},{"not_picked":["The Bomb+1","Trip+1"],"picked":"Apotheosis+1","floor":19},{"not_picked":["Enlightenment+1","Deep Breath+1"],"picked":"Discovery+1","floor":19},{"not_picked":["Acrobatics+1","Underhanded Strike","Cloak And Dagger+1"],"picked":"SKIP","floor":20},{"not_picked":["Sucker Punch","Choke"],"picked":"Catalyst+1","floor":24},{"not_picked":["Quick Slash","Prepared+1"],"picked":"Deadly Poison+1","floor":24},{"not_picked":["Backstab","Reflex+1"],"picked":"Noxious Fumes+1","floor":24},{"not_picked":["Slice","Cloak And Dagger+1"],"picked":"Deflect+1","floor":24},{"not_picked":["All Out Attack+1","Cloak And Dagger+1"],"picked":"Catalyst+1","floor":25},{"not_picked":["Underhanded Strike","Flying Knee"],"picked":"PiercingWail+1","floor":28},{"not_picked":["Underhanded Strike","Deadly Poison+1","A Thousand Cuts"],"picked":"SKIP","floor":29},{"not_picked":["Choke","Dagger Spray"],"picked":"Leg Sweep+1","floor":30},{"not_picked":["Acrobatics+1","Sucker Punch+1","Dagger Spray+1"],"picked":"SKIP","floor":31},{"not_picked":["Slice+1"],"picked":"SKIP","floor":35},{"not_picked":["Dagger Throw+1"],"picked":"SKIP","floor":36},{"not_picked":["Deflect+1"],"picked":"SKIP","floor":39},{"not_picked":["Crippling Poison+1"],"picked":"SKIP","floor":42}],"player_experience":1102896,"relics_obtained":[{"floor":6.0,"key":"Mercury Hourglass"},{"floor":9.0,"key":"Toxic Egg 2"},{"floor":14,"key":"Odd Mushroom"},{"floor":25,"key":"Whetstone"},{"floor":29,"key":"Regal Pillow"},{"floor":43,"key":"Juzu Bracelet"}],"event_choices":[{"cards_removed":["Strike_G"],"damage_healed":0.0,"max_hp_gain":0.0,"max_hp_loss":0.0,"gold_gain":0.0,"event_name":"The Cleric","player_choice":"Card Removal","floor":2.0,"gold_loss":50.0,"damage_taken":0.0},{"damage_healed":0.0,"max_hp_gain":0.0,"max_hp_loss":0.0,"gold_gain":74.0,"event_name":"Golden Wing","player_choice":"Gained Gold","floor":7.0,"gold_loss":0.0,"damage_taken":0.0},{"damage_healed":0.0,"max_hp_gain":0.0,"max_hp_loss":0.0,"gold_gain":175.0,"event_name":"betterThird:BetterSerpent","player_choice":"AGREE","floor":10.0,"gold_loss":0.0,"damage_taken":215.0},{"damage_healed":0,"gold_gain":0,"player_choice":"Fought Mushrooms","damage_taken":0,"max_hp_gain":0,"max_hp_loss":0,"event_name":"Mushrooms","floor":14,"gold_loss":0},{"damage_healed":0,"gold_gain":2,"player_choice":"1","damage_taken":0,"max_hp_gain":0,"max_hp_loss":0,"event_name":"betterStone:BetterStone","floor":19,"gold_loss":0},{"damage_healed":0,"gold_gain":0,"player_choice":"Ignored","damage_taken":0,"max_hp_gain":0,"max_hp_loss":0,"event_name":"Ghosts","floor":21,"gold_loss":0},{"damage_healed":0,"gold_gain":0,"player_choice":"Opened","damage_taken":0,"relics_obtained":["Toy Ornithopter"],"max_hp_gain":0,"max_hp_loss":0,"event_name":"The Mausoleum","floor":22,"gold_loss":0},{"cards_removed":["Predator"],"damage_healed":63,"gold_gain":0,"player_choice":"Offered Uncommon","damage_taken":0,"max_hp_gain":0,"max_hp_loss":0,"event_name":"Bonfire Elementals","floor":38,"gold_loss":0}],"is_beta":false,"boss_relics":[{"not_picked":["Ectoplasm","Snecko Eye"],"picked":"Runic Pyramid"},{"not_picked":["Runic Dome","Pandora\u0027s Box"],"picked":"Busted Crown"}],"items_purged_floors":[12],"is_endless":false,"potions_floor_spawned":[3,5,6,13,18,25,30,36],"killed_by":"Reptomancer","ascension_level":9}}