{"host":"0unxf5n5bucfuoy7","time":1613260131,"event":{"mods":["Act Like it!","AlwaysNeverKeys","Aspiration","Astrologer","BaseMod","Better Altar","Better Match","Better Note","Better Sensory Stone","Better Third Choice","Better Vampires","Conspire","Custom Start","DeckTracker","Downfall","Elementarium","Friendly Minions","GifTheSpireLib","Hallownest","Hubris","Infinite Spire","Minty Spire (QoL Compilation)","Permanent Neow","Potionbrewer","Quick Restart","Random Character Button","Replay The Spire","Spikes Relics","StSLib","The Bug Knight","The Death Knight","The Exalted","The Hierophant","The Spell Scribe","Transform Curses","Virulent Crown","Wandering Minibosses"],"gold_per_floor":[111,111,111,11,91,120,120,145,169,94,114,132,132,132,132,227,227,247,172,183,183,183,213,93,93,117,137,172,188,38,38,38,38,38],"floor_reached":33,"language":"ENG","playtime":1518,"items_purged":["Guardian:Strike_Guardian"],"score":375,"play_id":"7a05dc6a-c3e9-4f3b-83eb-317158dc7d35","local_time":"20210213184851","is_ascension_mode":true,"campfire_choices":[{"data":"HollowMod:InfectedCysts","floor":7.0,"key":"SMITH"},{"data":"Discovery","floor":15.0,"key":"SMITH"},{"data":"HollowMod:PaleKingsBlessing","floor":32.0,"key":"SMITH"}],"circlet_count":1,"master_deck":["HollowMod:NailStrikeStart","HollowMod:NailStrikeStart","HollowMod:NailStrikeStart","HollowMod:NailStrikeStart","HollowMod:QuickDashStart","HollowMod:QuickDashStart","HollowMod:QuickDashStart","HollowMod:QuickDashStart","HollowMod:FocusHealStart","HollowMod:PogoStrike","Slimebound:Split","HollowMod:TaintedHusks","HollowMod:MonarchWings","HollowMod:MonarchWings","HollowMod:CycloneSlash","HollowMod:InfectedCysts+1","HollowMod:LifebloodCore","conspire:Banana+1","HollowMod:InfectionAssault","HollowMod:PaleKingsBlessing+1","Discovery+1","HollowMod:SlysStrikes+1","HollowMod:MothsMistake","Good Instincts+1","HollowMod:FallenFury","infinitespire:Starlight","infinitespire:Punishment","HollowMod:SoulSplash","HollowMod:NewGlowingWomb+1","HollowMod:CloakDash","HollowMod:InfectedAttack","HollowMod:SiblingsSouls","HollowMod:SoulShaman"],"relics":["HollowMod:VesselMask","Hallownest:DreamNailRelic","hubris:Towel","Mercury Hourglass","Circlet","Bottled Flame","infinitespire:Lucky Rock","Hallownest:TeacherSealRelic","hubris:RunicObelisk","hubris:EmptyBottle","Frozen Egg 2","Blue Candle","Orichalcum","Bottled Tornado","HollowMod:StagPassRelic"],"acts_visited":["Exordium","Hallownest:Greenpath"],"potions_floor_usage":[],"damage_taken":[{"damage":0.0,"enemies":"Hallownest:monsterHuskWarrior","floor":1.0,"turns":3.0},{"damage":3.0,"enemies":"Hallownest:eliteVengeflyKing","floor":6.0,"turns":6.0},{"damage":17.0,"enemies":"Hallownest:eliteMossKnight","floor":8.0,"turns":7.0},{"damage":10.0,"enemies":"Hallownest:2_MossCreeps","floor":11.0,"turns":3.0},{"damage":3.0,"enemies":"2_ Uuma","floor":12.0,"turns":3.0},{"damage":91.0,"enemies":"Hallownest:BossFalseKnight","floor":16.0,"turns":7.0},{"damage":26.0,"enemies":"Hallownest:2_Mistakes","floor":18.0,"turns":5.0},{"damage":31.0,"enemies":"Hallownest:Guard_and_Sentry","floor":20.0,"turns":4.0},{"damage":19.0,"enemies":"Hallownest:Nosk","floor":23.0,"turns":6.0},{"damage":3.0,"enemies":"Hallownest:Glutton_and_Coward","floor":27.0,"turns":2.0},{"damage":53.0,"enemies":"Hallownest:eliteSoulWarrior","floor":28.0,"turns":5.0},{"damage":12.0,"enemies":"Hallownest:Master_and_Novice","floor":29.0,"turns":3.0},{"damage":19,"enemies":"Hallownest:BossMantisLord","floor":33,"turns":1}],"seed_played":"-2377754208857961743","potions_obtained":[{"floor":1.0,"key":"SmokeBomb"},{"floor":12.0,"key":"Ancient Potion"},{"floor":16.0,"key":"Venom Potion"},{"floor":28.0,"key":"Block Potion"}],"is_trial":false,"path_per_floor":["M","?","?","$","T","E","R","E","T","?","M","M","?","?","R","B",null,"M","?","M","?","AVR","E","$","?","T","M","E","M","?","?","R","B"],"character_chosen":"THE_BUGKNIGHT","items_purchased":["HollowMod:MonarchWings","HollowMod:CycloneSlash","HollowMod:NewGlowingWomb+1","HollowMod:CloakDash"],"campfire_rested":0,"item_purchase_floors":[4,4,24,24],"current_hp_per_floor":[89,89,89,89,89,86,86,82,82,82,74,73,73,73,73,14,95,77,77,57,57,57,60,60,55,55,52,17,15,15,15,15,0,0],"gold":38,"neow_bonus":"TWENTY_PERCENT_HP_BONUS","is_daily":false,"chose_seed":false,"campfire_upgraded":3,"win_rate":0.0,"timestamp":1613260131,"path_taken":["M","?","?","?","?","E","R","E","T","?","M","?","?","?","R","BOSS","M","?","?","?","AVR","E","$","?","T","?","E","M","?","?","R","BOSS"],"items_purchased_type":["Card","Card","Card","Card"],"build_version":"2020-12-22","purchased_purges":1,"victory":false,"max_hp_per_floor":[89,89,89,89,89,89,89,89,89,89,91,93,93,93,93,95,95,97,97,99,99,99,101,101,101,101,101,103,107,107,107,107,107,107],"card_choices":[{"not_picked":["HollowMod:VengefulVoid","HollowMod:CloakDash"],"picked":"HollowMod:TaintedHusks","floor":1.0},{"not_picked":["HollowMod:theNailsmith","HollowMod:VengefulSpirit"],"picked":"HollowMod:InfectedCysts","floor":6.0},{"not_picked":["HollowMod:WraithStrike","HollowMod:SiblingsShadow"],"picked":"HollowMod:LifebloodCore","floor":8.0},{"not_picked":["Replay:Bootleg Shield Generator+1","Mind Blast+1"],"picked":"conspire:Banana+1","floor":10.0},{"not_picked":["HollowMod:DashSlash","HollowMod:SiblingsSouls"],"picked":"HollowMod:InfectionAssault","floor":11.0},{"not_picked":["HollowMod:WraithStrike","HollowMod:DashSlash"],"picked":"HollowMod:PaleKingsBlessing","floor":12.0},{"not_picked":["hubris:Insight","Panache"],"picked":"Discovery","floor":14.0},{"not_picked":["HollowMod:ElderbugsWisdom","HollowMod:SoulMaster"],"picked":"HollowMod:SlysStrikes","floor":16.0},{"not_picked":["HollowMod:BaldurShell","HollowMod:VengefulSpirit"],"picked":"HollowMod:MothsMistake","floor":18.0},{"not_picked":["Deep Breath+1","hubris:Insight+1"],"picked":"Good Instincts+1","floor":19.0},{"not_picked":["HollowMod:VengefulVoid","HollowMod:SoulVessel+1"],"picked":"HollowMod:FallenFury","floor":20.0},{"not_picked":["HollowMod:BlackTendrils+1","HollowMod:NewLittleFool"],"picked":"HollowMod:SoulSplash","floor":23.0},{"not_picked":["HollowMod:CornifersMapStart+1","HollowMod:TaintedHusks"],"picked":"HollowMod:InfectedAttack","floor":27.0},{"not_picked":["HollowMod:SoulVessel+1","HollowMod:CrystalDash"],"picked":"HollowMod:SiblingsSouls","floor":28.0},{"not_picked":["HollowMod:GoodIntentions","HollowMod:WraithStrike"],"picked":"HollowMod:SoulShaman","floor":29.0}],"player_experience":125627,"relics_obtained":[{"floor":5.0,"key":"Mercury Hourglass"},{"floor":6.0,"key":"Dead Branch"},{"floor":8.0,"key":"Bottled Flame"},{"floor":9.0,"key":"infinitespire:Lucky Rock"},{"floor":23.0,"key":"Frozen Egg 2"},{"floor":26.0,"key":"Orichalcum"},{"floor":28.0,"key":"Bottled Tornado"}],"event_choices":[{"damage_healed":0.0,"max_hp_gain":0.0,"max_hp_loss":0.0,"gold_gain":0.0,"event_name":"betterMatch:BetterMatch","player_choice":"2","floor":10.0,"gold_loss":0.0,"damage_taken":0.0,"cards_obtained":["betterMatch:ColorlessUncommonCard"]},{"damage_healed":0.0,"max_hp_gain":0.0,"max_hp_loss":0.0,"gold_gain":1.0,"event_name":"betterStone:BetterStone","player_choice":"1","floor":14.0,"gold_loss":0.0,"damage_taken":0.0},{"damage_healed":0.0,"max_hp_gain":0.0,"max_hp_loss":0.0,"gold_gain":0.0,"event_name":"betterMatch:BetterMatch","player_choice":"2","floor":19.0,"gold_loss":0.0,"damage_taken":0.0,"cards_obtained":["betterMatch:ColorlessUncommonCard"]}],"is_beta":false,"boss_relics":[{"not_picked":["aspiration:SecretTechniqueScroll","potionbrewer:BhaskarasWheel"],"picked":"hubris:RunicObelisk"}],"items_purged_floors":[22],"is_endless":false,"potions_floor_spawned":[1,12,16,20,28],"killed_by":"Hallownest:BossMantisLord","ascension_level":1}}