{"host":"gfxjwtol062e9znw","time":1613255296,"event":{"mods":["BaseMod","Colored Map","Minty Spire (QoL Compilation)","Rare Cards Sparkle","StSLib"],"gold_per_floor":[115,125,136,116,130,159,159,192,192,207,226,226,243,262,262,361,361,381,393,155,167,181,181,199,199,199,199,199,223,223,223],"floor_reached":30,"language":"ENG","playtime":1135,"items_purged":["Defend_R"],"score":409,"play_id":"32be8836-6a70-4995-94e4-6bb5f4fa320c","local_time":"20210214092816","is_ascension_mode":true,"campfire_choices":[{"floor":7.0,"key":"REST"},{"floor":12.0,"key":"REST"},{"data":"Flame Barrier","floor":15.0,"key":"SMITH"},{"floor":23,"key":"REST"}],"circlet_count":0,"master_deck":["AscendersBane","Strike_R","Strike_R","Strike_R","Strike_R","Strike_R","Defend_R","Defend_R","Defend_R","Bash","Spot Weakness","Flame Barrier+1","True Grit","Heavy Blade","Inflame","Twin Strike","Double Tap","Sword Boomerang","Headbutt","Shrug It Off","Feed","Cleave","Intimidate+1","Feed","True Grit+1","Shockwave","Armaments+1","RitualDagger","Limit Break"],"relics":["Black Blood","NeowsBlessing","Sundial","Shovel","HornCleat","StrikeDummy","CeramicFish"],"acts_visited":["Exordium","TheCity"],"potions_floor_usage":[21,22,24,30],"damage_taken":[{"damage":0.0,"enemies":"Small Slimes","floor":1.0,"turns":1.0},{"damage":0.0,"enemies":"Cultist","floor":2.0,"turns":1.0},{"damage":0.0,"enemies":"Jaw Worm","floor":3.0,"turns":1.0},{"damage":1.0,"enemies":"2 Fungi Beasts","floor":5.0,"turns":4.0},{"damage":29.0,"enemies":"Gremlin Nob","floor":6.0,"turns":5.0},{"damage":31.0,"enemies":"Lagavulin","floor":8.0,"turns":7.0},{"damage":8.0,"enemies":"Blue Slaver","floor":10.0,"turns":3.0},{"damage":13.0,"enemies":"Gremlin Gang","floor":11.0,"turns":4.0},{"damage":4.0,"enemies":"Looter","floor":13.0,"turns":3.0},{"damage":2.0,"enemies":"2 Fungi Beasts","floor":14.0,"turns":3.0},{"damage":24.0,"enemies":"Hexaghost","floor":16.0,"turns":7.0},{"damage":37.0,"enemies":"Chosen","floor":18.0,"turns":6.0},{"damage":7.0,"enemies":"3 Byrds","floor":19.0,"turns":5.0},{"damage":21,"enemies":"3 Cultists","floor":21,"turns":5},{"damage":49,"enemies":"Centurion and Healer","floor":22,"turns":6},{"damage":23,"enemies":"Shelled Parasite and Fungi","floor":24,"turns":7},{"damage":10,"enemies":"Snecko","floor":29,"turns":5},{"damage":38,"enemies":"Sentry and Sphere","floor":30,"turns":7}],"seed_played":"-4170778125341355831","potions_obtained":[{"floor":1.0,"key":"Dexterity Potion"},{"floor":4.0,"key":"Strength Potion"},{"floor":6.0,"key":"BlessingOfTheForge"},{"floor":8.0,"key":"SkillPotion"},{"floor":10.0,"key":"SteroidPotion"},{"floor":14.0,"key":"LiquidMemories"},{"floor":21,"key":"LiquidMemories"},{"floor":29,"key":"EssenceOfSteel"}],"is_trial":false,"path_per_floor":["M","M","M","?","M","E","R","E","T","M","M","R","M","M","R","B",null,"M","M","$","M","M","R","M","?","T","?","T","M","M"],"character_chosen":"IRONCLAD","items_purchased":["EntropicBrew","Feed"],"campfire_rested":3,"item_purchase_floors":[20,20],"current_hp_per_floor":[78,80,80,80,80,57,80,55,55,53,46,70,72,76,76,58,75,50,58,58,52,35,61,56,50,50,31,31,33,0,0],"gold":223,"neow_bonus":"THREE_ENEMY_KILL","is_daily":false,"chose_seed":false,"campfire_upgraded":1,"win_rate":0.0,"timestamp":1613255296,"path_taken":["M","M","M","?","M","E","R","E","T","M","M","R","M","M","R","BOSS","M","M","$","M","?","R","M","?","T","?","?","M","?"],"items_purchased_type":["Potion","Card"],"build_version":"2020-12-22","purchased_purges":1,"victory":false,"max_hp_per_floor":[80,80,80,80,80,80,80,80,80,80,80,80,80,80,80,80,80,80,83,83,86,89,89,95,95,95,100,100,100,100,100],"card_choices":[{"not_picked":["Battle Trance","Warcry"],"picked":"Spot Weakness","floor":1.0},{"not_picked":["Headbutt","Havoc"],"picked":"Flame Barrier","floor":2.0},{"not_picked":["Sword Boomerang","Heavy Blade"],"picked":"True Grit","floor":3.0},{"not_picked":["Feel No Pain","Second Wind"],"picked":"Heavy Blade","floor":5.0},{"not_picked":["Thunderclap","Warcry"],"picked":"Inflame","floor":6.0},{"not_picked":["Clash","Reckless Charge"],"picked":"Twin Strike","floor":8.0},{"not_picked":["Headbutt","Armaments"],"picked":"Double Tap","floor":10.0},{"not_picked":["Metallicize","Clothesline"],"picked":"Sword Boomerang","floor":11.0},{"not_picked":["Sentinel","Fire Breathing"],"picked":"Headbutt","floor":13.0},{"not_picked":["Clash","Dark Embrace"],"picked":"Shrug It Off","floor":14.0},{"not_picked":["Corruption","Juggernaut"],"picked":"Feed","floor":16.0},{"not_picked":["Body Slam+1","Twin Strike"],"picked":"Cleave","floor":18.0},{"not_picked":["Dark Embrace+1","Perfected Strike+1"],"picked":"Intimidate+1","floor":19.0},{"not_picked":["Flex","Blood for Blood"],"picked":"True Grit+1","floor":21},{"not_picked":["Wild Strike","Sword Boomerang"],"picked":"Shockwave","floor":22},{"not_picked":["Sever Soul","Searing Blow"],"picked":"Armaments+1","floor":24},{"not_picked":["Clash","Flame Barrier+1"],"picked":"Limit Break","floor":29}],"player_experience":166962,"relics_obtained":[{"floor":6.0,"key":"Sundial"},{"floor":8.0,"key":"Shovel"},{"floor":9.0,"key":"HornCleat"},{"floor":26,"key":"StrikeDummy"},{"floor":28,"key":"CeramicFish"}],"event_choices":[{"damage_healed":0.0,"max_hp_gain":0.0,"max_hp_loss":0.0,"gold_gain":0.0,"event_name":"The Woman in Blue","player_choice":"Bought 1 Potion","floor":4.0,"gold_loss":0.0,"damage_taken":0.0},{"damage_healed":0,"gold_gain":0,"player_choice":"Joined the Cult","damage_taken":6,"max_hp_gain":0,"max_hp_loss":0,"event_name":"Nest","floor":25,"gold_loss":0,"cards_obtained":["RitualDagger"]},{"damage_healed":0,"gold_gain":0,"player_choice":"Shed Blood","damage_taken":24,"max_hp_gain":5,"max_hp_loss":0,"event_name":"Forgotten Altar","floor":27,"gold_loss":0}],"is_beta":false,"boss_relics":[{"not_picked":["Black Star","Astrolabe"],"picked":"Black Blood"}],"items_purged_floors":[20],"is_endless":false,"potions_floor_spawned":[1,6,8,10,14,21,29],"killed_by":"Sentry and Sphere","ascension_level":11}}