{"host":"hpn0uxah5qjr7pa6","time":1613249767,"event":{"mods":["2.2 Compatiblity","Act Like it!","Aspiration","BaseMod","Better Third Choice","BetterRewards","Challenge The Spire","Colored Powertips","Conspire","DeckTracker","Downfall","Energized Spire","Hallownest","Hermit","Highlight Path","Hubris","Infinite Spire","Minty Spire (QoL Compilation)","Permanent Neow","Quick Restart","Rare Cards Sparkle","Replay The Spire","Spicy Shops","StSLib","The Bug Knight","The Jungle"],"gold_per_floor":[111,111,127,127,145,145,78,91,91,91,16,36,50,68,68,171,271,285,298,448,448,465,465,479,479,479,511,511,511,458,476,476,476,476,476],"floor_reached":33,"language":"ENG","playtime":884,"items_purged":["bronze:Goto","downfall:Aged"],"score":376,"play_id":"7ea8f3d3-1f65-4eff-88dd-c9b707c3fb30","local_time":"20210213125607","is_ascension_mode":true,"campfire_choices":[{"floor":6,"key":"REST"},{"floor":10,"key":"REST"},{"floor":15,"key":"REST"},{"floor":23,"key":"REST"},{"floor":25,"key":"REST"},{"floor":32,"key":"REST"}],"circlet_count":0,"master_deck":["bronze:Strike","bronze:Strike","bronze:Strike","bronze:Strike","bronze:Defend","bronze:Defend","bronze:Defend","bronze:Defend","bronze:Replicate","bronze:Branch","bronze:DelayedSlice","bronze:ChosenStrike","bronze:DigitalCarnage","bronze:RecursiveStrike","hubris:Fate","bronze:OilSpill","bronze:DelayedSlice","bronze:OilSpill"],"relics":["bronze:BronzeCore","aspiration:DSix","Replay:Wanted Poster","ReplayTheSpireMod:CursedCoin","Chameleon Ring","aspiration:Stabinomicon"],"acts_visited":["Exordium","TheCity"],"potions_floor_usage":[14,16,27,33],"damage_taken":[{"damage":12,"enemies":"Small Slimes","floor":1,"turns":3},{"damage":6,"enemies":"2 Louse","floor":3,"turns":3},{"damage":7,"enemies":"Jaw Worm","floor":5,"turns":3},{"damage":1,"enemies":"Large Slime","floor":8,"turns":5},{"damage":2,"enemies":"2 Fungi Beasts","floor":12,"turns":3},{"damage":0,"enemies":"Looter","floor":13,"turns":2},{"damage":13,"enemies":"3 Louse","floor":14,"turns":2},{"damage":52,"enemies":"Hexaghost","floor":16,"turns":9},{"damage":4,"enemies":"Chosen","floor":18,"turns":3},{"damage":19,"enemies":"3 Byrds","floor":19,"turns":4},{"damage":0,"enemies":"Snecko","floor":22,"turns":3},{"damage":7,"enemies":"Chosen and Byrds","floor":24,"turns":4},{"damage":33,"enemies":"Book of Stabbing","floor":27,"turns":5},{"damage":18,"enemies":"Centurion and Healer","floor":31,"turns":2},{"damage":46,"enemies":"conspire:MysteriousRune","floor":33,"turns":4}],"seed_played":"2551708401317749615","potions_obtained":[{"floor":5,"key":"Cursed Concoction"},{"floor":12,"key":"GamblersBrew"},{"floor":13,"key":"AttackPotion"},{"floor":24,"key":"Weak Potion"},{"floor":31,"key":"Dexterity Potion"}],"is_trial":false,"path_per_floor":["M","?","M","?","M","R","$","M","T","R","$","M","M","M","R","B",null,"M","M","AVR","?","M","R","M","R","T","E","?","?","$","M","R","B"],"character_chosen":"THE_AUTOMATON","items_purchased":["bronze:ChosenStrike","bronze:OilSpill"],"campfire_rested":6,"item_purchase_floors":[7,30],"current_hp_per_floor":[51,51,45,45,38,59,59,58,58,70,70,68,68,55,70,18,57,53,34,34,34,34,55,48,69,69,36,36,36,36,18,39,0,0,0],"gold":476,"neow_bonus":"DSIX","is_daily":false,"chose_seed":false,"campfire_upgraded":0,"win_rate":0.0,"timestamp":1613249767,"path_taken":["M","?","M","?","M","R","?","M","T","R","$","M","M","M","R","BOSS","M","M","AVR","?","M","R","M","R","T","E","?","?","$","M","R","BOSS"],"items_purchased_type":["Card","Card"],"build_version":"2020-12-22","purchased_purges":2,"victory":false,"max_hp_per_floor":[70,70,70,70,70,70,70,70,70,70,70,70,70,70,70,70,70,70,70,70,70,70,70,70,70,70,70,70,70,70,70,70,70,70,70],"card_choices":[{"not_picked":["bronze:Constructor","bronze:DarkDash"],"picked":"bronze:Branch","floor":1},{"not_picked":["bronze:FineTuning","bronze:BronzeArmor"],"picked":"bronze:DelayedSlice","floor":3},{"not_picked":["bronze:MaxOutput","bronze:TinkerersToolbox","bronze:CutThrough"],"picked":"SKIP","floor":5},{"not_picked":["bronze:ForceShield","bronze:DelayedGuard","bronze:Turbo"],"picked":"SKIP","floor":8},{"not_picked":["bronze:GetLatest","bronze:BugBarrage","bronze:Refactor"],"picked":"SKIP","floor":12},{"not_picked":["bronze:Repulsor","bronze:DelayedSlice"],"picked":"bronze:DigitalCarnage","floor":13},{"not_picked":["bronze:Overheat","bronze:WildBeam","bronze:Flail"],"picked":"SKIP","floor":14},{"not_picked":["bronze:FindAndReplace","bronze:HardenedForm"],"picked":"bronze:RecursiveStrike","floor":16},{"not_picked":["bronze:Shield+1","bronze:Iterate","bronze:Terminator"],"picked":"SKIP","floor":18},{"not_picked":["bronze:FollowUp","bronze:InfiniteBeams","bronze:Turbo+1"],"picked":"SKIP","floor":19},{"not_picked":["bronze:Overheat","bronze:DelayedSlice+1"],"picked":"bronze:OilSpill","floor":22},{"not_picked":["bronze:GetLatest","bronze:NullPointer"],"picked":"bronze:DelayedSlice","floor":24},{"not_picked":["bronze:Flail+1","bronze:ForceShield+1","bronze:WildBeam"],"picked":"SKIP","floor":27},{"not_picked":["bronze:BronzeArmor","bronze:BuggyMess","bronze:Iterate"],"picked":"SKIP","floor":31}],"player_experience":235563,"relics_obtained":[{"floor":26,"key":"Chameleon Ring"},{"floor":27,"key":"aspiration:Stabinomicon"}],"event_choices":[],"is_beta":false,"boss_relics":[{"not_picked":["ReplayTheSpireMod:DimensionalGlitch","aspiration:WatcherSkillbook"],"picked":"Replay:Wanted Poster"}],"items_purged_floors":[11,20],"is_endless":false,"potions_floor_spawned":[5,12,13,24,31],"killed_by":"conspire:MysteriousRune","ascension_level":9}}