{"host":"tia00321x3ndnwo4","time":1613255792,"event":{"mods":["2.2 Compatiblity","BaseMod","Bestiary","Colored Map","Colored Powertips","Curses Come First","Downfall","Highlight Path","Minty Spire (QoL Compilation)","Relic Stats","Slay the Relics Exporter","StSLib","SuperFastMode"],"gold_per_floor":[99,116,116,130,143,143,143,160,193,26,43,55,90,154,165,165,165,165],"floor_reached":16,"language":"ENG","playtime":1438,"items_purged":["bronze:Strike"],"score":139,"play_id":"df004afc-aa83-4445-a9e4-c6759141eda3","local_time":"20210213143632","is_ascension_mode":false,"campfire_choices":[{"data":"bronze:Goto","floor":1,"key":"SMITH"},{"data":"bronze:Optimize","floor":6,"key":"SMITH"}],"circlet_count":0,"master_deck":["bronze:Strike","bronze:Strike","bronze:Strike","bronze:Defend","bronze:Defend","bronze:Defend","bronze:Defend","bronze:Replicate","bronze:Goto+1","bronze:WhirlingStrike","bronze:WhirlingStrike","bronze:Iterate","bronze:Optimize+1","bronze:DelayedSlice","bronze:Terminator","bronze:CutThrough","bronze:ChosenStrike","bronze:BronzeOrb","bronze:Turbo","bronze:SpaghettiCode","bronze:Shell","bronze:WildBeam"],"relics":["bronze:BronzeCore","FossilizedHelix","MealTicket","Du-Vu Doll","Strawberry"],"acts_visited":["Exordium"],"potions_floor_usage":[9,13,14],"damage_taken":[{"damage":1,"enemies":"2 Louse","floor":2,"turns":3},{"damage":0,"enemies":"Cultist","floor":4,"turns":3},{"damage":1,"enemies":"Jaw Worm","floor":5,"turns":2},{"damage":4,"enemies":"Gremlin Gang","floor":8,"turns":2},{"damage":0,"enemies":"Gremlin Nob","floor":9,"turns":4},{"damage":4,"enemies":"downfall:FleeingMerchant","floor":10,"turns":4},{"damage":0,"enemies":"downfall:LooterAlt","floor":11,"turns":2},{"damage":0,"enemies":"2 Fungi Beasts","floor":12,"turns":2},{"damage":18,"enemies":"Lagavulin","floor":13,"turns":5},{"damage":59,"enemies":"Lagavulin Event","floor":14,"turns":9},{"damage":0,"enemies":"Exordium Wildlife","floor":15,"turns":3},{"damage":46,"enemies":"WA_ARCHETYPE_RETAIN","floor":16,"turns":6}],"seed_played":"7387480037027324298","potions_obtained":[{"floor":4,"key":"bronze:FreeFunctionsPotion"},{"floor":5,"key":"FairyPotion"},{"floor":8,"key":"SkillPotion"},{"floor":11,"key":"FearPotion"},{"floor":14,"key":"sneckomod:MuddlingPotion"}],"is_trial":false,"path_per_floor":["R","M","?","M","M","R","T","M","E","$","M","M","E","?","M","B"],"character_chosen":"THE_AUTOMATON","items_purchased":["bronze:ChosenStrike"],"campfire_rested":0,"item_purchase_floors":[10],"current_hp_per_floor":[77,76,76,76,75,75,75,71,71,73,73,73,55,30,30,0,0,0],"gold":165,"neow_bonus":"TEN_PERCENT_HP_BONUS","is_daily":false,"chose_seed":false,"campfire_upgraded":2,"win_rate":0.0,"timestamp":1613255792,"path_taken":["R","M","?","?","M","R","T","M","E","$","M","M","E","?","M","BOSS"],"items_purchased_type":["Card"],"build_version":"2020-12-22","purchased_purges":1,"victory":false,"max_hp_per_floor":[77,77,77,77,77,77,77,77,77,77,77,77,77,84,84,84,84,84],"relic_stats":{"counters":[12,45],"MealTicket":6,"obtain_stats":[{"Du-Vu Doll":13,"bronze:BronzeCore":0,"Strawberry":14,"MealTicket":9,"FossilizedHelix":7},{"Du-Vu Doll":9,"bronze:BronzeCore":0,"Strawberry":10,"MealTicket":5,"FossilizedHelix":3},{"Du-Vu Doll":27,"bronze:BronzeCore":0,"Strawberry":36,"MealTicket":14,"FossilizedHelix":8}]},"card_choices":[{"not_picked":["bronze:WildBeam","bronze:ClassDefault"],"picked":"bronze:WhirlingStrike","floor":2},{"not_picked":["bronze:InfiniteBeams","bronze:FineTuning"],"picked":"bronze:Iterate","floor":4},{"not_picked":["bronze:Turbo","bronze:Overheat"],"picked":"bronze:Optimize","floor":5},{"not_picked":["bronze:ForLoop","bronze:BugBarrage"],"picked":"bronze:DelayedSlice","floor":8},{"not_picked":["bronze:Repulsor","bronze:NullPointer"],"picked":"bronze:Terminator","floor":9},{"not_picked":["bronze:Frontload","bronze:Refactor"],"picked":"bronze:CutThrough","floor":10},{"not_picked":["bronze:BugBarrage","bronze:Iterate"],"picked":"bronze:BronzeOrb","floor":11},{"not_picked":["bronze:ForceShield","bronze:BugBarrage"],"picked":"bronze:Turbo","floor":12},{"not_picked":["bronze:BitShift","bronze:BuggyMess"],"picked":"bronze:SpaghettiCode","floor":13},{"not_picked":["bronze:InfiniteBeams","bronze:BuggyMess"],"picked":"bronze:Shell","floor":14},{"not_picked":["bronze:BugBarrage","bronze:Refactor"],"picked":"bronze:WildBeam","floor":15}],"player_experience":200096,"relics_obtained":[{"floor":7,"key":"FossilizedHelix"},{"floor":9,"key":"MealTicket"},{"floor":13,"key":"Du-Vu Doll"},{"floor":14,"key":"Strawberry"}],"event_choices":[],"is_beta":false,"boss_relics":[],"items_purged_floors":[10],"is_endless":false,"potions_floor_spawned":[4,5,8,11,14],"killed_by":"WA_ARCHETYPE_RETAIN","ascension_level":0}}