{"host":"h2hvhmnr6sxj7mkx","time":1613181641,"event":{"mods":["BaseMod","Marisa????????","Minty Spire (QoL Compilation)","Replay The Spire","StSLib"],"gold_per_floor":[113,132,55,55,55,84,95,95,95,20,20,37,63,78,78,78,78],"floor_reached":16,"language":"ENG","playtime":1223,"items_purged":["Defend_R"],"score":110,"play_id":"9c1d614a-a592-49a0-82c1-ee4fffbe3460","local_time":"20210212200041","is_ascension_mode":false,"campfire_choices":[{"data":"Abandon","floor":8,"key":"SMITH"},{"data":"Replay:Undeath\u0027s Touch","floor":11,"key":"SMITH"}],"circlet_count":0,"master_deck":["Strike_R","Strike_R","Strike_R","Strike_R","Strike_R","Defend_R","Defend_R","Defend_R","Bash","Strike_P","Defend_R","Anger+1","Abandon+1","Replay:Undeath\u0027s Touch+1","Abandon","Warcry","Eclipse"],"relics":["Burning Blood","Ginger","Question Card","Boot","ReplayTheSpireMod:Shallot","Anchor"],"acts_visited":["Exordium"],"potions_floor_usage":[6,16],"damage_taken":[{"damage":12,"enemies":"Cultist","floor":1,"turns":5},{"damage":8,"enemies":"Small Slimes","floor":2,"turns":3},{"damage":13,"enemies":"Gremlin Nob","floor":6,"turns":4},{"damage":6,"enemies":"2 Louse","floor":7,"turns":2},{"damage":5,"enemies":"Large Slime","floor":12,"turns":4},{"damage":44,"enemies":"Lagavulin","floor":13,"turns":8},{"damage":20,"enemies":"Red Slaver","floor":14,"turns":5},{"damage":54,"enemies":"Fading Forest","floor":16,"turns":11}],"seed_played":"-4343018056585536625","potions_obtained":[{"floor":2,"key":"Energy Potion"},{"floor":14,"key":"EssenceOfSteel"}],"is_trial":false,"path_per_floor":["M","M","$","?","?","E","M","R","T","$","R","M","E","M","R","B"],"character_chosen":"IRONCLAD","items_purchased":["Abandon"],"campfire_rested":0,"item_purchase_floors":[3],"current_hp_per_floor":[74,72,72,72,65,58,58,58,58,58,58,59,21,7,31,0,0],"gold":78,"neow_bonus":"ONE_RARE_RELIC","is_daily":false,"chose_seed":false,"campfire_upgraded":2,"win_rate":0.0,"timestamp":1613181641,"path_taken":["M","M","?","?","?","E","M","R","T","$","R","M","E","M","R","BOSS"],"items_purchased_type":["Card"],"build_version":"2020-12-22","purchased_purges":1,"victory":false,"max_hp_per_floor":[80,80,80,80,80,80,80,80,80,80,80,80,80,80,80,80,80],"card_choices":[{"not_picked":["Clothesline","Twin Strike"],"picked":"Anger","floor":1},{"not_picked":["Power Through","Blood for Blood","Armaments"],"picked":"SKIP","floor":2},{"not_picked":["Armaments","Run Through","Impervious"],"picked":"Replay:Undeath\u0027s Touch","floor":6},{"not_picked":["Evolve","Armaments","Spot Weakness","Searing Blow"],"picked":"SKIP","floor":7},{"not_picked":["Havoc","Spot Weakness","Hemokinesis"],"picked":"Abandon","floor":12},{"not_picked":["Run Through","Flex","Clash"],"picked":"Warcry","floor":13},{"not_picked":["Combust","Heavy Blade","Disarm"],"picked":"Eclipse","floor":14}],"player_experience":59030,"relics_obtained":[{"floor":6,"key":"Boot"},{"floor":9,"key":"ReplayTheSpireMod:Shallot"},{"floor":13,"key":"Anchor"}],"event_choices":[{"damage_healed":0,"gold_gain":0,"player_choice":"Box","damage_taken":0,"relics_obtained":["Question Card"],"max_hp_gain":0,"max_hp_loss":0,"event_name":"Big Fish","floor":4,"gold_loss":0,"cards_obtained":["Regret"]},{"cards_removed":["Regret"],"damage_healed":0,"gold_gain":0,"player_choice":"Card Removal","damage_taken":7,"max_hp_gain":0,"max_hp_loss":0,"event_name":"Golden Wing","floor":5,"gold_loss":0}],"is_beta":false,"boss_relics":[],"items_purged_floors":[10],"is_endless":false,"potions_floor_spawned":[2,14],"killed_by":"Fading Forest","ascension_level":0}}