{"host":"qbjtml023iza03hb","time":1613249018,"event":{"mods":["AchievementEnabler","BaseMod","Better Sensory Stone","Better Skull","Minty Spire (QoL Compilation)","StSLib"],"gold_per_floor":[113,113,133,152,2,329,329,366,442,474,491,213,247,286,286,407,407,476,511,580,646,646,672,488,538,562,562,600,600,643,706,706,811,811,822,835,795,836,836,922,320,355,435,435,475,475,489,532,532,532,532,532,29,89,89],"floor_reached":56,"language":"FRA","playtime":5825,"items_purged":["Defend_R","Strike_R+1","Strike_R+1","Injury"],"score":1292,"play_id":"b0757eb0-9438-4d17-8853-db6ef429a8f1","local_time":"20210213214338","is_ascension_mode":true,"campfire_choices":[{"data":"Flame Barrier","floor":7.0,"key":"SMITH"},{"data":"HandOfGreed","floor":15.0,"key":"SMITH"},{"data":"Offering","floor":29.0,"key":"SMITH"},{"data":"Shrug It Off","floor":32.0,"key":"SMITH"},{"data":"Burning Pact","floor":44.0,"key":"SMITH"},{"data":"Master of Strategy","floor":46.0,"key":"SMITH"},{"floor":49.0,"key":"RECALL"},{"data":"Disarm","floor":52.0,"key":"SMITH"}],"circlet_count":0,"master_deck":["Strike_R+1","Strike_R+1","Strike_R+1","Defend_R+1","Defend_R+1","Defend_R+1","Exhume+1","Flame Barrier+1","Headbutt+1","Shrug It Off+1","Metallicize","Offering+1","HandOfGreed+1","Carnage","Shockwave","Whirlwind","Demon Form+1","Metallicize","Bandage Up","Armaments+1","Immolate","Juggernaut","Burning Pact+1","Metallicize","Warcry+1","Flame Barrier+1","Master of Strategy+1","Disarm+1","Flame Barrier","Violence"],"relics":["Burning Blood","Toolbox","Old Coin","Gremlin Horn","Whetstone","Philosopher\u0027s Stone","Smiling Mask","Matryoshka","Strawberry","Bag of Marbles","Cursed Key","ClockworkSouvenir","Orichalcum","Centennial Puzzle","Membership Card","Self Forming Clay","Nunchaku","InkBottle"],"acts_visited":["Exordium","TheCity","TheBeyond","TheEnding"],"potions_floor_usage":[55,55],"damage_taken":[{"damage":10.0,"enemies":"2 Louse","floor":1.0,"turns":3.0},{"damage":0.0,"enemies":"Cultist","floor":3.0,"turns":4.0},{"damage":4.0,"enemies":"Jaw Worm","floor":4.0,"turns":4.0},{"damage":29.0,"enemies":"3 Sentries","floor":6.0,"turns":11.0},{"damage":1.0,"enemies":"Looter","floor":8.0,"turns":4.0},{"damage":30.0,"enemies":"Lagavulin","floor":10.0,"turns":11.0},{"damage":2.0,"enemies":"Exordium Thugs","floor":11.0,"turns":6.0},{"damage":7.0,"enemies":"Red Slaver","floor":13.0,"turns":4.0},{"damage":7.0,"enemies":"Blue Slaver","floor":14.0,"turns":4.0},{"damage":26.0,"enemies":"Hexaghost","floor":16.0,"turns":9.0},{"damage":6.0,"enemies":"3 Byrds","floor":18.0,"turns":4.0},{"damage":16.0,"enemies":"Spheric Guardian","floor":19.0,"turns":5.0},{"damage":30.0,"enemies":"Shelled Parasite and Fungi","floor":20.0,"turns":4.0},{"damage":12.0,"enemies":"Centurion and Healer","floor":21.0,"turns":5.0},{"damage":25.0,"enemies":"Gremlin Leader","floor":23.0,"turns":4.0},{"damage":18.0,"enemies":"Book of Stabbing","floor":25.0,"turns":4.0},{"damage":6.0,"enemies":"3 Cultists","floor":28.0,"turns":4.0},{"damage":12.0,"enemies":"Snake Plant","floor":30.0,"turns":3.0},{"damage":11.0,"enemies":"Chosen and Byrds","floor":31.0,"turns":5.0},{"damage":37.0,"enemies":"Automaton","floor":33.0,"turns":10.0},{"damage":17.0,"enemies":"Orb Walker","floor":35.0,"turns":4.0},{"damage":0.0,"enemies":"3 Darklings","floor":36.0,"turns":1.0},{"damage":32.0,"enemies":"Spire Growth","floor":38.0,"turns":4.0},{"damage":7.0,"enemies":"4 Shapes","floor":40.0,"turns":6.0},{"damage":11.0,"enemies":"Writhing Mass","floor":42.0,"turns":5.0},{"damage":10.0,"enemies":"Sphere and 2 Shapes","floor":45.0,"turns":6.0},{"damage":0.0,"enemies":"Jaw Worm Horde","floor":47.0,"turns":1.0},{"damage":19.0,"enemies":"Maw","floor":48.0,"turns":7.0},{"damage":39.0,"enemies":"Awakened One","floor":50.0,"turns":13.0},{"damage":28.0,"enemies":"Shield and Spear","floor":54.0,"turns":5.0},{"damage":49,"enemies":"The Heart","floor":55,"turns":10}],"seed_played":"5436610257514430048","potions_obtained":[{"floor":1.0,"key":"Fire Potion"},{"floor":2.0,"key":"Regen Potion"},{"floor":2.0,"key":"LiquidMemories"},{"floor":2.0,"key":"CultistPotion"},{"floor":6.0,"key":"Block Potion"},{"floor":10.0,"key":"BloodPotion"},{"floor":13.0,"key":"Strength Potion"},{"floor":20.0,"key":"SmokeBomb"},{"floor":21.0,"key":"LiquidBronze"},{"floor":23.0,"key":"BlessingOfTheForge"},{"floor":30.0,"key":"Weak Potion"},{"floor":33.0,"key":"FearPotion"},{"floor":35.0,"key":"ColorlessPotion"},{"floor":38.0,"key":"LiquidMemories"},{"floor":47.0,"key":"LiquidBronze"},{"floor":54.0,"key":"LiquidMemories"}],"is_trial":false,"path_per_floor":["M","?","M","M","$","E","R","M","T","E","M","$","M","M","R","B",null,"M","M","M","M","?","E","$","E","T","?","M","R","M","M","R","B",null,"M","M","?","M","?","M","$","M","T","R","M","R","M","M","R","B",null,"R","$","E","B",null],"character_chosen":"IRONCLAD","items_purchased":["Toolbox","HandOfGreed","Carnage","Bandage Up","BloodPotion","ClockworkSouvenir","Master of Strategy","Disarm","Orichalcum","SteroidPotion","Membership Card","Self Forming Clay","Nunchaku","SteroidPotion","Violence"],"campfire_rested":0,"item_purchase_floors":[5,12,12,24,24,41,41,41,41,41,53,53,53,53,53],"current_hp_per_floor":[76,76,80,80,80,57,57,62,62,53,57,57,56,55,55,35,80,80,70,62,56,56,37,37,47,54,37,45,45,45,52,52,29,92,81,87,87,69,69,72,72,79,79,79,87,87,92,85,85,56,92,92,92,70,31],"gold":89,"neow_bonus":"TRANSFORM_CARD","is_daily":false,"chose_seed":false,"campfire_upgraded":7,"win_rate":0.0,"timestamp":1613249018,"path_taken":["M","?","?","M","$","E","R","M","T","E","?","$","M","M","R","BOSS","M","?","M","M","?","E","$","E","T","?","?","R","M","M","R","BOSS","M","M","?","?","?","M","$","?","T","R","M","R","M","M","R","BOSS","R","$","E","BOSS"],"items_purchased_type":["Relic","Card","Card","Card","Potion","Relic","Card","Card","Relic","Potion","Relic","Relic","Relic","Potion","Card"],"build_version":"2020-12-22","purchased_purges":4,"victory":true,"max_hp_per_floor":[80,80,80,80,80,80,80,80,80,80,80,80,80,80,80,80,80,80,80,80,80,80,80,80,80,87,92,92,92,92,92,92,92,92,92,92,92,92,92,92,92,92,92,92,92,92,92,92,92,92,92,92,92,92,92],"card_choices":[{"not_picked":["Thunderclap","Ghostly Armor"],"picked":"Flame Barrier","floor":1.0},{"not_picked":["Iron Wave","Havoc"],"picked":"Headbutt","floor":3.0},{"not_picked":["Intimidate","Metallicize"],"picked":"Shrug It Off","floor":4.0},{"not_picked":["Twin Strike","Perfected Strike","Dropkick"],"picked":"SKIP","floor":6.0},{"not_picked":["Reckless Charge","Sword Boomerang"],"picked":"Metallicize","floor":8.0},{"not_picked":["Dark Embrace","Battle Trance"],"picked":"Offering","floor":10.0},{"not_picked":["Intimidate","Iron Wave","Havoc"],"picked":"SKIP","floor":11.0},{"not_picked":["Whirlwind","Blood for Blood"],"picked":"Shockwave","floor":13.0},{"not_picked":["Seeing Red","Reckless Charge"],"picked":"Whirlwind","floor":14.0},{"not_picked":["Exhume","Barricade"],"picked":"Demon Form","floor":16.0},{"not_picked":["Thunderclap","Havoc","Clash"],"picked":"SKIP","floor":18.0},{"not_picked":["Iron Wave","Intimidate"],"picked":"Metallicize","floor":19.0},{"not_picked":["Heavy Blade","Sword Boomerang","Wild Strike"],"picked":"SKIP","floor":20.0},{"not_picked":["Dropkick+1","Sword Boomerang","Headbutt+1"],"picked":"SKIP","floor":21.0},{"not_picked":["Berserk","Evolve","Flame Barrier"],"picked":"SKIP","floor":23.0},{"not_picked":["Fire Breathing+1","Brutality","Body Slam"],"picked":"SKIP","floor":25.0},{"not_picked":["Intimidate","Havoc"],"picked":"Armaments+1","floor":28.0},{"not_picked":["Pommel Strike","Immolate","Thunderclap"],"picked":"SKIP","floor":30.0},{"not_picked":["Pommel Strike","Thunderclap"],"picked":"Immolate","floor":30.0},{"not_picked":["Havoc+1","Entrench+1","Carnage"],"picked":"SKIP","floor":31.0},{"not_picked":["Berserk","Double Tap"],"picked":"Juggernaut","floor":33.0},{"not_picked":["Dropkick+1","Armaments+1"],"picked":"Burning Pact","floor":35.0},{"not_picked":["Feel No Pain","Sword Boomerang"],"picked":"Metallicize","floor":36.0},{"not_picked":["Heavy Blade+1","Inflame"],"picked":"Warcry+1","floor":38.0},{"not_picked":["Bloodletting","Havoc+1","Headbutt"],"picked":"SKIP","floor":40.0},{"not_picked":["Iron Wave","Pommel Strike+1"],"picked":"Flame Barrier","floor":42.0},{"not_picked":["Spot Weakness","Wild Strike","Anger"],"picked":"SKIP","floor":45.0},{"not_picked":["Spot Weakness","Wild Strike","Anger"],"picked":"SKIP","floor":45.0},{"not_picked":["Twin Strike","Reaper","Infernal Blade+1"],"picked":"SKIP","floor":47.0},{"not_picked":["Flex+1","Clothesline+1","Iron Wave"],"picked":"SKIP","floor":48.0},{"not_picked":["True Grit","Entrench","Perfected Strike+1"],"picked":"SKIP","floor":54.0}],"player_experience":286025,"relics_obtained":[{"floor":6.0,"key":"Old Coin"},{"floor":9.0,"key":"Gremlin Horn"},{"floor":10.0,"key":"Whetstone"},{"floor":23.0,"key":"Smiling Mask"},{"floor":25.0,"key":"Matryoshka"},{"floor":26.0,"key":"Strawberry"},{"floor":26.0,"key":"Bag of Marbles"},{"floor":43.0,"key":"Centennial Puzzle"},{"floor":54.0,"key":"InkBottle"}],"event_choices":[{"damage_healed":0.0,"max_hp_gain":0.0,"max_hp_loss":0.0,"gold_gain":0.0,"event_name":"Lab","player_choice":"Got Potions","floor":2.0,"gold_loss":0.0,"damage_taken":0.0},{"damage_healed":0.0,"max_hp_gain":0.0,"max_hp_loss":0.0,"gold_gain":0.0,"event_name":"Back to Basics","player_choice":"Simplicity","floor":22.0,"gold_loss":0.0,"damage_taken":0.0,"cards_upgraded":["Strike_R","Strike_R","Strike_R","Strike_R","Defend_R","Defend_R","Defend_R"]},{"damage_healed":0.0,"max_hp_gain":5.0,"max_hp_loss":0.0,"gold_gain":0.0,"event_name":"Forgotten Altar","player_choice":"Shed Blood","floor":27.0,"gold_loss":0.0,"damage_taken":22.0},{"damage_healed":0.0,"max_hp_gain":0.0,"max_hp_loss":0.0,"gold_gain":0.0,"event_name":"Designer","player_choice":"Upgraded Two","floor":37.0,"gold_loss":40.0,"damage_taken":0.0,"cards_upgraded":["Demon Form","Exhume"]},{"damage_healed":0.0,"max_hp_gain":0.0,"max_hp_loss":0.0,"gold_gain":0.0,"event_name":"Duplicator","player_choice":"Copied","floor":39.0,"gold_loss":0.0,"damage_taken":0.0,"cards_obtained":["Flame Barrier"]}],"is_beta":false,"boss_relics":[{"not_picked":["Pandora\u0027s Box","Fusion Hammer"],"picked":"Philosopher\u0027s Stone"},{"not_picked":["Calling Bell","Runic Dome"],"picked":"Cursed Key"}],"items_purged_floors":[12,24,41,53],"is_endless":false,"potions_floor_spawned":[1,6,10,13,20,21,23,30,33,35,38,42,47,54],"ascension_level":3}}