{"host":"88sw61cmk1203zgj","time":1613179085,"event":{"mods":["BaseMod","Minty Spire (QoL Compilation)"],"gold_per_floor":[215,215,215,234,251,251,264,264,264,264,264,189,215,225,225,301,301,314,325,325,240,255,255,286,286,286,22,36,36,49,78,78,149,149,164,182,194,214,225,254,273,273,273,300,300,329,329,345,345,345,345,345,120,145,145],"floor_reached":56,"language":"ENG","playtime":4177,"items_purged":["Strike_R","Strike_R"],"score":2226,"play_id":"efdcf791-5ecd-4e31-97f9-69bba9b9173a","local_time":"20210212201805","is_ascension_mode":true,"campfire_choices":[{"data":"Immolate","floor":6.0,"key":"SMITH"},{"data":"Wild Strike","floor":8.0,"key":"SMITH"},{"data":"Thunderclap","floor":10.0,"key":"SMITH"},{"data":"True Grit","floor":15.0,"key":"SMITH"},{"data":"True Grit","floor":23.0,"key":"SMITH"},{"data":"Evolve","floor":25.0,"key":"SMITH"},{"floor":32.0,"key":"REST"},{"data":"Dark Embrace","floor":42.0,"key":"SMITH"},{"floor":49.0,"key":"RECALL"},{"floor":52.0,"key":"REST"}],"circlet_count":0,"master_deck":["AscendersBane","Defend_R","Defend_R","Defend_R","Defend_R","Bash","Infernal Blade+1","Thunderclap+1","Immolate+1","Evolve+1","True Grit+1","Offering","True Grit+1","Infernal Blade+1","Power Through+1","Entrench+1","Dark Embrace+1","Ghostly Armor+1","Impervious+1","Body Slam","True Grit+1","Body Slam+1","Purity+1","Disarm+1"],"relics":["Burning Blood","Bronze Scales","Pantograph","Oddly Smooth Stone","Empty Cage","Orichalcum","Magic Flower","Toxic Egg 2","Calipers","Velvet Choker","Bottled Lightning","InkBottle","Pen Nib","Torii"],"acts_visited":["Exordium","TheCity","TheBeyond","TheEnding"],"potions_floor_usage":[55,55],"damage_taken":[{"damage":1.0,"enemies":"2 Louse","floor":1.0,"turns":4.0},{"damage":4.0,"enemies":"Jaw Worm","floor":4.0,"turns":6.0},{"damage":10.0,"enemies":"Small Slimes","floor":5.0,"turns":4.0},{"damage":12.0,"enemies":"Looter","floor":7.0,"turns":3.0},{"damage":5.0,"enemies":"Gremlin Nob","floor":13.0,"turns":3.0},{"damage":0.0,"enemies":"Lots of Slimes","floor":14.0,"turns":1.0},{"damage":55.0,"enemies":"Slime Boss","floor":16.0,"turns":10.0},{"damage":11.0,"enemies":"Shell Parasite","floor":18.0,"turns":3.0},{"damage":12.0,"enemies":"Chosen","floor":19.0,"turns":3.0},{"damage":14.0,"enemies":"3 Cultists","floor":22.0,"turns":5.0},{"damage":6.0,"enemies":"Gremlin Leader","floor":24.0,"turns":4.0},{"damage":22.0,"enemies":"Shelled Parasite and Fungi","floor":28.0,"turns":4.0},{"damage":12.0,"enemies":"Chosen and Byrds","floor":30.0,"turns":7.0},{"damage":29.0,"enemies":"Slavers","floor":31.0,"turns":6.0},{"damage":40.0,"enemies":"Automaton","floor":33.0,"turns":21.0},{"damage":0.0,"enemies":"3 Shapes","floor":35.0,"turns":2.0},{"damage":0.0,"enemies":"Orb Walker","floor":36.0,"turns":4.0},{"damage":6.0,"enemies":"Sphere and 2 Shapes","floor":37.0,"turns":3.0},{"damage":14.0,"enemies":"3 Darklings","floor":38.0,"turns":6.0},{"damage":6.0,"enemies":"Jaw Worm Horde","floor":39.0,"turns":4.0},{"damage":16.0,"enemies":"Reptomancer","floor":40.0,"turns":12.0},{"damage":0.0,"enemies":"Sphere and 2 Shapes","floor":41.0,"turns":7.0},{"damage":6.0,"enemies":"Nemesis","floor":44.0,"turns":7.0},{"damage":6.0,"enemies":"Reptomancer","floor":46.0,"turns":5.0},{"damage":6.0,"enemies":"Writhing Mass","floor":48.0,"turns":5.0},{"damage":33.0,"enemies":"Time Eater","floor":50.0,"turns":13.0},{"damage":6.0,"enemies":"Shield and Spear","floor":54.0,"turns":8.0},{"damage":6,"enemies":"The Heart","floor":55,"turns":7}],"seed_played":"-6513166313938529102","potions_obtained":[{"floor":4.0,"key":"PowerPotion"},{"floor":5.0,"key":"ElixirPotion"},{"floor":7.0,"key":"CultistPotion"},{"floor":31.0,"key":"Fire Potion"},{"floor":33.0,"key":"Explosive Potion"},{"floor":37.0,"key":"Dexterity Potion"},{"floor":41.0,"key":"CultistPotion"},{"floor":54.0,"key":"SpeedPotion"}],"is_trial":false,"path_per_floor":["M","?","?","M","M","R","M","R","T","R","?","?","E","M","R","B",null,"M","M","?","?","M","R","E","R","T","$","M","?","M","E","R","B",null,"M","M","M","M","M","E","M","R","T","E","?","E","?","M","R","B",null,"R","$","E","B",null],"character_chosen":"IRONCLAD","items_purchased":["Power Through+1","Entrench+1","Dark Embrace","Purity+1","Disarm+1"],"campfire_rested":2,"item_purchase_floors":[27,27,27,53,53],"current_hp_per_floor":[73,73,78,80,76,76,70,70,70,70,44,44,45,51,51,27,67,62,56,56,56,48,48,48,48,48,48,35,35,32,12,36,43,71,80,80,80,75,78,71,80,80,80,80,80,80,80,80,80,56,74,80,80,80,80],"gold":145,"neow_bonus":"HUNDRED_GOLD","is_daily":false,"chose_seed":false,"campfire_upgraded":7,"win_rate":0.0,"timestamp":1613179085,"path_taken":["M","?","?","M","M","R","M","R","T","R","?","?","E","M","R","BOSS","M","M","?","?","M","R","E","R","T","$","M","?","M","E","R","BOSS","M","?","M","M","M","E","M","R","T","E","?","E","?","M","R","BOSS","R","$","E","BOSS"],"items_purchased_type":["Card","Card","Card","Card","Card"],"build_version":"2020-12-22","purchased_purges":2,"victory":true,"max_hp_per_floor":[75,75,80,80,80,80,80,80,80,80,80,80,80,80,80,80,80,80,80,80,80,80,80,80,80,80,80,80,80,80,80,80,80,80,80,80,80,80,80,80,80,80,80,80,80,80,80,80,80,80,80,80,80,80,80],"card_choices":[{"not_picked":["Havoc","Fire Breathing"],"picked":"Infernal Blade","floor":1.0},{"not_picked":["Havoc","Wild Strike"],"picked":"Thunderclap","floor":4.0},{"not_picked":["True Grit","Perfected Strike"],"picked":"Immolate","floor":5.0},{"not_picked":["Searing Blow","Perfected Strike"],"picked":"Wild Strike","floor":7.0},{"not_picked":["Reckless Charge","Thunderclap"],"picked":"Evolve","floor":13.0},{"not_picked":["Armaments","Heavy Blade"],"picked":"True Grit","floor":14.0},{"not_picked":["Brutality","Immolate"],"picked":"Offering","floor":16.0},{"not_picked":["Wild Strike","Perfected Strike","Combust"],"picked":"SKIP","floor":18.0},{"not_picked":["Heavy Blade","Havoc"],"picked":"True Grit","floor":19.0},{"not_picked":["Berserk","Combust","Carnage"],"picked":"SKIP","floor":22.0},{"not_picked":["Immolate","Flex"],"picked":"Infernal Blade+1","floor":24.0},{"not_picked":["Havoc+1","Armaments+1","Pommel Strike"],"picked":"SKIP","floor":28.0},{"not_picked":["Headbutt+1","Wild Strike","Whirlwind"],"picked":"SKIP","floor":30.0},{"not_picked":["Battle Trance+1","Carnage"],"picked":"Ghostly Armor+1","floor":31.0},{"not_picked":["Fiend Fire","Demon Form"],"picked":"Impervious+1","floor":33.0},{"not_picked":["Hemokinesis+1","Wild Strike"],"picked":"Body Slam","floor":35.0},{"not_picked":["Armaments+1","Clothesline","Intimidate+1"],"picked":"SKIP","floor":36.0},{"not_picked":["Anger+1","Whirlwind+1","Rampage+1"],"picked":"SKIP","floor":37.0},{"not_picked":["Armaments+1","Wild Strike","Perfected Strike"],"picked":"SKIP","floor":38.0},{"not_picked":["Flex+1","Sword Boomerang","Armaments+1"],"picked":"SKIP","floor":39.0},{"not_picked":["Sword Boomerang","Clothesline"],"picked":"True Grit+1","floor":40.0},{"not_picked":["Reckless Charge","Rampage"],"picked":"Body Slam+1","floor":41.0},{"not_picked":["Whirlwind","Havoc+1","Juggernaut"],"picked":"SKIP","floor":44.0},{"not_picked":["Twin Strike","Rupture","Pommel Strike"],"picked":"SKIP","floor":46.0},{"not_picked":["Cleave","Disarm+1","Spot Weakness+1"],"picked":"SKIP","floor":48.0},{"not_picked":["Metallicize","Battle Trance+1","Pummel"],"picked":"SKIP","floor":54.0}],"player_experience":1594141,"relics_obtained":[{"floor":9.0,"key":"Bronze Scales"},{"floor":13.0,"key":"Oddly Smooth Stone"},{"floor":24.0,"key":"Magic Flower"},{"floor":26.0,"key":"Toxic Egg 2"},{"floor":31.0,"key":"Calipers"},{"floor":40.0,"key":"Bottled Lightning"},{"floor":44.0,"key":"InkBottle"},{"floor":46.0,"key":"Pen Nib"},{"floor":54.0,"key":"Torii"}],"event_choices":[{"damage_healed":0.0,"max_hp_gain":0.0,"max_hp_loss":0.0,"gold_gain":0.0,"event_name":"Living Wall","player_choice":"Grow","floor":2.0,"gold_loss":0.0,"damage_taken":0.0,"cards_upgraded":["Infernal Blade"]},{"damage_healed":0.0,"max_hp_gain":5.0,"max_hp_loss":0.0,"gold_gain":0.0,"event_name":"Big Fish","player_choice":"Donut","floor":3.0,"gold_loss":0.0,"damage_taken":0.0},{"damage_healed":0.0,"max_hp_gain":0.0,"max_hp_loss":0.0,"gold_gain":0.0,"event_name":"Scrap Ooze","player_choice":"Success","floor":11.0,"gold_loss":0.0,"damage_taken":26.0,"relics_obtained":["Pantograph"]},{"cards_removed":["Strike_R"],"damage_healed":0.0,"max_hp_gain":0.0,"max_hp_loss":0.0,"gold_gain":0.0,"event_name":"The Cleric","player_choice":"Card Removal","floor":12.0,"gold_loss":75.0,"damage_taken":0.0},{"damage_healed":0.0,"max_hp_gain":0.0,"max_hp_loss":0.0,"gold_gain":0.0,"event_name":"The Mausoleum","player_choice":"Ignored","floor":20.0,"gold_loss":0.0,"damage_taken":0.0},{"damage_healed":0.0,"max_hp_gain":0.0,"max_hp_loss":0.0,"gold_gain":0.0,"event_name":"Addict","player_choice":"Obtained Relic","floor":21.0,"gold_loss":85.0,"damage_taken":0.0,"relics_obtained":["Orichalcum"]},{"damage_healed":0.0,"max_hp_gain":0.0,"max_hp_loss":0.0,"gold_gain":0.0,"event_name":"WeMeetAgain","player_choice":"Ignored","floor":29.0,"gold_loss":0.0,"damage_taken":0.0},{"cards_removed":["Wild Strike"],"damage_healed":0.0,"max_hp_gain":0.0,"max_hp_loss":0.0,"gold_gain":0.0,"event_name":"Falling","player_choice":"Removed Attack","floor":45.0,"gold_loss":0.0,"damage_taken":0.0},{"damage_healed":0.0,"max_hp_gain":0.0,"max_hp_loss":0.0,"gold_gain":0.0,"event_name":"Tomb of Lord Red Mask","player_choice":"Ignored","floor":47.0,"gold_loss":0.0,"damage_taken":0.0}],"is_beta":false,"boss_relics":[{"not_picked":["Tiny House","Philosopher\u0027s Stone"],"picked":"Empty Cage"},{"not_picked":["Coffee Dripper","Astrolabe"],"picked":"Velvet Choker"}],"items_purged_floors":[27,53],"is_endless":false,"potions_floor_spawned":[4,5,7,14,22,24,28,31,33,37,39,41,44,54],"ascension_level":15}}