{"host":"i9o3eksapkmftcbs","time":1613190633,"event":{"mods":["2.2 Compatiblity","AchievementEnabler","Act Like it!","Arknights","Bard","BaseMod","BetterRewards","Colored Map","Colored Powertips","Conspire","Duelist Mod","Halation","Hubris","Infinite Spire","Lobotomy","Minty Spire (QoL Compilation)","Rare Cards Sparkle","Reliquary","Robot Space Explorer","StSLib","The Blackbeard","The Clintock","The Disciple","The Dragon Tamer","The Mystic","Transform Curses"],"gold_per_floor":[113,113,144,160,160,185,185,215,263,263,263,288,36,60,60,165,165,188,13,26,37,37,0,0,30,30,30,30,74,74,94,94,203,203,229,251,267,267,317,317,317,340,340,15,48,74,74,89,89,89,89],"floor_reached":50,"language":"ENG","playtime":3689,"items_purged":["Writhe"],"score":610,"play_id":"4eb509cc-9da6-416a-acbd-26adb5232249","local_time":"20210212223033","is_ascension_mode":false,"campfire_choices":[{"floor":7.0,"key":"REST"},{"floor":10.0,"key":"REST"},{"floor":15.0,"key":"REST"},{"floor":27.0,"key":"REST"},{"floor":28.0,"key":"RECALL"},{"data":"RageCommand","floor":32.0,"key":"SMITH"},{"floor":40.0,"key":"REST"},{"data":"hubris:EnhanceAbility","floor":47,"key":"SMITH"},{"floor":49,"key":"REST"}],"circlet_count":0,"master_deck":["Strike_Br","Strike_Br","Strike_Br","Strike_Br","Defend_Br","Defend_Br","Defend_Br","SecondHand","PatternShift","hubris:EnhanceAbility+1","AlternateTimeline","LockedMawBank","Adagio","LockedUrn","LockedUrn","TickedOff","LockedAnchor","LockedCalendar","Parity","SlimeSpray","RageCommand+1","BlueShift","LockedWarPaint","Allargando+1","LockedBell","CurseOfTheBell","Necronomicurse","BeatsPerMinute+1","theDuelist:CurseAging","LockedScales","LockedCalendar","ResonantCall+1","Cuckoo+1","WindUp+1","TickedOff","Parasite","HandsUpB+1","ReapSow+3","Writhe","ExoVibe+3"],"relics":["Chronometer","infinitespire:EmpoweringShard","reliquary:SharkskinSheath","Cursed Key","Sling","halation:QuantumPhysicsTextbook","Calling Bell","Toy Ornithopter","reliquary:BoilingFlask","halation:VictoryRuler","Necronomicon","halation:AfternoonTea","halation:BottledLove","HornCleat","halation:PinkAlligatorPlush","Blood Vial","hubris:CuriousFeather","conspire:BottledYoYo","halation:Toothbrush","SpringShield"],"acts_visited":["Exordium","TheCity","TheBeyond"],"potions_floor_usage":[48,50],"damage_taken":[{"damage":1.0,"enemies":"Small Slimes","floor":1.0,"turns":6.0},{"damage":2.0,"enemies":"Cultist","floor":3.0,"turns":5.0},{"damage":6.0,"enemies":"Jaw Worm","floor":4.0,"turns":8.0},{"damage":28.0,"enemies":"3 Sentries","floor":6.0,"turns":13.0},{"damage":26.0,"enemies":"Lots of Slimes","floor":8.0,"turns":8.0},{"damage":4.0,"enemies":"Blue Slaver","floor":12.0,"turns":8.0},{"damage":33.0,"enemies":"The Guardian","floor":16.0,"turns":20.0},{"damage":21.0,"enemies":"conspire:FuzzyDice","floor":18.0,"turns":5.0},{"damage":10.0,"enemies":"2 Thieves","floor":20.0,"turns":4.0},{"damage":4.0,"enemies":"Cultist and Chosen","floor":21.0,"turns":5.0},{"damage":4.0,"enemies":"Snecko","floor":25.0,"turns":4.0},{"damage":24.0,"enemies":"conspire:Head Lice","floor":29.0,"turns":4.0},{"damage":8.0,"enemies":"Centurion and Healer","floor":31.0,"turns":4.0},{"damage":40.0,"enemies":"Champ","floor":33.0,"turns":10.0},{"damage":38.0,"enemies":"Orb Walker","floor":35.0,"turns":4.0},{"damage":58.0,"enemies":"3 Darklings","floor":36.0,"turns":5.0},{"damage":54.0,"enemies":"Transient","floor":37.0,"turns":3.0},{"damage":47.0,"enemies":"2 Orb Walkers","floor":39.0,"turns":4.0},{"damage":38.0,"enemies":"Writhing Mass","floor":42.0,"turns":6.0},{"damage":45.0,"enemies":"conspire:MimicChest","floor":45.0,"turns":5.0},{"damage":32,"enemies":"Jaw Worm Horde","floor":48,"turns":4},{"damage":159,"enemies":"Awakened One","floor":50,"turns":15}],"seed_played":"-4439346203126025847","potions_obtained":[{"floor":4.0,"key":"FearPotion"},{"floor":5.0,"key":"BlessingOfTheForge"},{"floor":5.0,"key":"Explosive Potion"},{"floor":5.0,"key":"SpeedPotion"},{"floor":8.0,"key":"Swift Potion"},{"floor":12.0,"key":"FearPotion"},{"floor":20.0,"key":"SkillPotion"},{"floor":21.0,"key":"LiquidMemories"},{"floor":29.0,"key":"AttackPotion"},{"floor":31.0,"key":"FearPotion"},{"floor":33.0,"key":"Regen Potion"},{"floor":35.0,"key":"Explosive Potion"},{"floor":42.0,"key":"Fire Potion"},{"floor":45,"key":"LiquidBronze"}],"is_trial":false,"path_per_floor":["M","?","M","M","?","E","R","M","T","R","?","M","$","T","R","B",null,"M","$","M","M","AVR","?","?","M","T","R","R","E","?","M","R","B",null,"M","M","M","?","?","R","?","M","T","$","?","T","R","M","R","B"],"character_chosen":"CHRONO_CLASS","items_purchased":["LockedCalendar","Parity","SlimeSpray","Tempo","Sling","halation:Toothbrush"],"campfire_rested":6,"item_purchase_floors":[13,13,13,19,19,44],"current_hp_per_floor":[46,46,44,38,38,14,33,13,13,32,32,34,34,34,53,30,65,56,56,48,44,44,44,28,38,38,57,57,57,51,50,50,30,65,27,11,65,55,10,29,57,39,39,42,60,60,60,32,50,0,0],"gold":89,"neow_bonus":"RANDOM_COLORLESS_2","is_daily":false,"chose_seed":false,"campfire_upgraded":2,"win_rate":0.0,"timestamp":1613190633,"path_taken":["M","?","M","?","?","E","R","?","T","R","?","M","?","?","R","BOSS","M","$","M","M","AVR","?","?","M","T","R","R","E","?","M","R","BOSS","M","M","M","?","?","R","?","M","T","$","?","?","R","M","R","BOSS"],"items_purchased_type":["Card","Card","Card","Card","Relic","Relic"],"build_version":"2020-12-22","purchased_purges":1,"victory":false,"max_hp_per_floor":[65,65,65,65,65,65,65,65,65,65,65,65,65,65,65,65,65,65,65,65,65,65,65,65,65,65,65,65,65,65,65,65,65,65,65,65,65,65,65,65,57,57,57,60,60,60,60,60,60,60,60],"card_choices":[{"not_picked":["Secret Technique","theDuelist:OrbMetronome"],"picked":"hubris:EnhanceAbility","floor":0.0},{"not_picked":["ReapSow","LockedMedicine"],"picked":"AlternateTimeline","floor":1.0},{"not_picked":["LockedOrichalcum","CrunchTime"],"picked":"Tempo","floor":3.0},{"not_picked":["Engulf","CrunchTime"],"picked":"LockedUrn","floor":4.0},{"not_picked":["LockedScales","Parity"],"picked":"LockedUrn","floor":6.0},{"not_picked":["OracleForm","BiteCommand"],"picked":"TickedOff","floor":8.0},{"not_picked":["ExoVibe","WindUp"],"picked":"LockedAnchor","floor":12.0},{"not_picked":["Flay","LockedFlame"],"picked":"RageCommand","floor":16.0},{"not_picked":["LockedMedicine","PrimeTime"],"picked":"BlueShift","floor":18.0},{"not_picked":["Engulf+1","PrimeTime"],"picked":"LockedWarPaint","floor":20.0},{"not_picked":["Stagnate+1","Parity"],"picked":"LockedBell","floor":21.0},{"not_picked":["BiteCommand","PrimeTime"],"picked":"BeatsPerMinute+1","floor":25.0},{"not_picked":["WakeUpCall","ReapSow"],"picked":"LockedScales","floor":29.0},{"not_picked":["LockedScales+1","LockedMedicine"],"picked":"LockedBlood","floor":31.0},{"not_picked":["Chronoelasticity","LockedFlame"],"picked":"LockedCalendar","floor":33.0},{"not_picked":["EscortCommand+1","Backlash+1"],"picked":"ResonantCall+1","floor":35.0},{"not_picked":["ReapSow","LockedScales+1"],"picked":"Cuckoo+1","floor":36.0},{"not_picked":["BiteCommand+1","PrimeTime+1"],"picked":"WindUp+1","floor":37.0},{"not_picked":["Analog","BiteCommand+1"],"picked":"TickedOff","floor":39.0},{"not_picked":["HandsUpC","ReapSow+1"],"picked":"HandsUpB+1","floor":42.0},{"not_picked":["LockedBlood+1","LockedMawBank+1"],"picked":"ReapSow+1","floor":45},{"not_picked":["Break","LockedMedicine+1"],"picked":"ExoVibe+1","floor":48}],"player_experience":432248,"relics_obtained":[{"floor":6.0,"key":"infinitespire:EmpoweringShard"},{"floor":14.0,"key":"reliquary:SharkskinSheath"},{"floor":22.0,"key":"Toy Ornithopter"},{"floor":22.0,"key":"reliquary:BoilingFlask"},{"floor":22.0,"key":"halation:VictoryRuler"},{"floor":24.0,"key":"Necronomicon"},{"floor":26.0,"key":"halation:AfternoonTea"},{"floor":29.0,"key":"halation:BottledLove"},{"floor":39.0,"key":"hubris:CuriousFeather"},{"floor":43.0,"key":"conspire:BottledYoYo"},{"floor":46,"key":"SpringShield"}],"event_choices":[{"damage_healed":0.0,"max_hp_gain":0.0,"max_hp_loss":0.0,"gold_gain":0.0,"cards_transformed":["Defend_Br"],"event_name":"Transmorgrifier","player_choice":"Transformed","floor":2.0,"gold_loss":0.0,"damage_taken":0.0,"cards_obtained":["LockedMawBank"]},{"damage_healed":0.0,"max_hp_gain":0.0,"max_hp_loss":0.0,"gold_gain":0.0,"event_name":"Lab","player_choice":"Got Potions","floor":5.0,"gold_loss":0.0,"damage_taken":0.0},{"damage_healed":0.0,"max_hp_gain":0.0,"max_hp_loss":0.0,"gold_gain":0.0,"event_name":"Dead Adventurer","player_choice":"Searched \u00270\u0027 times","floor":11.0,"gold_loss":0.0,"damage_taken":0.0},{"damage_healed":0.0,"max_hp_gain":0.0,"max_hp_loss":0.0,"gold_gain":0.0,"event_name":"Masked Bandits","player_choice":"Paid Fearfully","floor":23.0,"gold_loss":37.0,"damage_taken":0.0},{"damage_healed":0.0,"max_hp_gain":0.0,"max_hp_loss":0.0,"gold_gain":0.0,"event_name":"Cursed Tome","player_choice":"Obtained Book","floor":24.0,"gold_loss":0.0,"damage_taken":16.0},{"damage_healed":0.0,"max_hp_gain":0.0,"max_hp_loss":0.0,"gold_gain":0.0,"event_name":"blackbeard:ShipwreckEvent","player_choice":"HornCleat","floor":30.0,"gold_loss":0.0,"damage_taken":0.0,"relics_obtained":["HornCleat"]},{"damage_healed":0.0,"max_hp_gain":0.0,"max_hp_loss":0.0,"gold_gain":0.0,"event_name":"Mysterious Sphere","player_choice":"Fight","floor":39.0,"gold_loss":0.0,"damage_taken":0.0},{"damage_healed":57.0,"max_hp_gain":0.0,"max_hp_loss":8.0,"gold_gain":0.0,"event_name":"The Moai Head","player_choice":"Heal","floor":41.0,"gold_loss":0.0,"damage_taken":0.0},{"damage_healed":0,"gold_gain":0,"player_choice":"Ignored","damage_taken":0,"max_hp_gain":0,"max_hp_loss":0,"event_name":"The Moai Head","floor":45,"gold_loss":0}],"is_beta":false,"boss_relics":[{"not_picked":["Philosopher\u0027s Stone","hubris:TerracottaHorce"],"picked":"Cursed Key"},{"not_picked":["Busted Crown","halation:LoveArrow"],"picked":"halation:PinkAlligatorPlush"}],"items_purged_floors":[44],"is_endless":false,"potions_floor_spawned":[4,8,12,20,21,29,31,33,35,42,45],"killed_by":"Awakened One","ascension_level":0}}