{"host":"u0qetpmu4y58k1tf","time":1613216313,"event":{"mods":["100% Spire Juice","AchievementEnabler","Act Like it!","BaseMod","CapriCore","Colored Map","Colored Powertips","Hermit","Koishi","Marisa£¨Ùöéë¡¡Øª×âÞÞ£©","Minty Spire (QoL Compilation)","Quick Restart","Reliquary","Replay The Spire","StSLib","SuperFastMode","Td1madao Mod","The Bug Knight","The Cursed","The Gatherer","The Hierophant","The Immortal","The Jungle","The Runesmith"],"gold_per_floor":[113,113,38,89,89,89,104,131,131,148,168,168,68,97,97,97,97],"floor_reached":16,"language":"KOR","playtime":515,"items_purged":["Strike_B","Strike_B"],"score":166,"play_id":"9d7b22bc-cb11-4c8c-bf3f-0d8079ef37fd","local_time":"20210213203833","is_ascension_mode":true,"campfire_choices":[{"data":"Zap","floor":6,"key":"SMITH"},{"data":"Dualcast","floor":12,"key":"SMITH"},{"data":"Loop","floor":15,"key":"SMITH"}],"circlet_count":0,"master_deck":["Strike_B","Strike_B","Defend_B","Defend_B","Defend_B","Defend_B","Zap+1","Dualcast+1","Cold Snap","Loop+1","Conserve Battery","Steam Power"],"relics":["Cracked Core","NeowsBlessing","Dead Branch","Replay:Bottled Steam","Runesmith:Nanobots","Replay:Accelerometer"],"acts_visited":["Exordium"],"potions_floor_usage":[14,14],"damage_taken":[{"damage":0,"enemies":"Small Slimes","floor":1,"turns":1},{"damage":0,"enemies":"Cultist","floor":7,"turns":1},{"damage":0,"enemies":"3 Sentries","floor":8,"turns":1},{"damage":10,"enemies":"Jaw Worm","floor":10,"turns":2},{"damage":1,"enemies":"Looter","floor":11,"turns":3},{"damage":15,"enemies":"Gremlin Nob","floor":14,"turns":4},{"damage":47,"enemies":"Slime Boss","floor":16,"turns":10}],"seed_played":"-688607268900466585","potions_obtained":[{"floor":1,"key":"EssenceOfSteel"},{"floor":2,"key":"SkillPotion"},{"floor":2,"key":"Weak Potion"}],"is_trial":false,"path_per_floor":["M","?","$","T","?","R","M","E","T","M","M","R","$","E","R","B"],"character_chosen":"DEFECT","items_purchased":[],"campfire_rested":0,"item_purchase_floors":[],"current_hp_per_floor":[75,75,75,75,72,72,72,72,72,62,61,61,61,46,46,0,0],"gold":97,"neow_bonus":"THREE_ENEMY_KILL","is_daily":false,"chose_seed":false,"campfire_upgraded":3,"win_rate":0.0,"timestamp":1613216313,"path_taken":["M","?","$","?","?","R","M","E","T","M","M","R","$","E","R","BOSS"],"items_purchased_type":[],"build_version":"2020-12-22","purchased_purges":2,"victory":false,"max_hp_per_floor":[75,75,75,75,75,75,75,75,75,75,75,75,75,75,75,75,75],"card_choices":[{"not_picked":["Reinforced Body","Skim"],"picked":"Cold Snap","floor":1},{"not_picked":["Go for the Eyes","Darkness"],"picked":"Loop","floor":7},{"not_picked":["Lockon","Streamline"],"picked":"Conserve Battery","floor":8},{"not_picked":["Barrage","Sweeping Beam","Storm"],"picked":"SKIP","floor":10},{"not_picked":["Stack","Reinforced Body"],"picked":"Steam Power","floor":11},{"not_picked":["Biased Cognition","Time Bomb","Doom and Gloom"],"picked":"SKIP","floor":14}],"player_experience":111192,"relics_obtained":[{"floor":8,"key":"Replay:Bottled Steam"},{"floor":9,"key":"Runesmith:Nanobots"},{"floor":14,"key":"Replay:Accelerometer"}],"event_choices":[{"damage_healed":0,"gold_gain":0,"player_choice":"Got Potions","damage_taken":0,"max_hp_gain":0,"max_hp_loss":0,"event_name":"Lab","floor":2,"gold_loss":0},{"damage_healed":0,"gold_gain":0,"player_choice":"Success","damage_taken":3,"relics_obtained":["Dead Branch"],"max_hp_gain":0,"max_hp_loss":0,"event_name":"Scrap Ooze","floor":5,"gold_loss":0}],"is_beta":false,"boss_relics":[],"items_purged_floors":[3,13],"is_endless":false,"potions_floor_spawned":[1,11],"killed_by":"Slime Boss","ascension_level":5}}