{"host":"w9njud19qyl0lpz1","time":1613185251,"event":{"mods":["BaseMod","Infinite Spire","Minty Spire (QoL Compilation)","StSLib"],"gold_per_floor":[117,392,412,26,38,55,55,81,106,117,117,135,135,135,135,233,233,245,255,275,275,275,288,288,288,288,307,39,39,58,70,70,70,70],"floor_reached":33,"language":"ENG","playtime":2749,"items_purged":["Regret"],"score":351,"play_id":"c427d0a0-c47d-49eb-8bf1-489ab6d5b1d7","local_time":"20210212220051","is_ascension_mode":false,"campfire_choices":[{"data":"Zap","floor":7,"key":"SMITH"},{"floor":11,"key":"REST"},{"data":"Fusion","floor":11,"key":"SMITH"},{"floor":15,"key":"REST"},{"data":"Lockon","floor":15,"key":"SMITH"},{"floor":24,"key":"REST"},{"data":"Aggregate","floor":24,"key":"SMITH"},{"floor":32,"key":"REST"},{"data":"Buffer","floor":32,"key":"SMITH"}],"circlet_count":0,"master_deck":["Strike_B","Strike_B","Strike_B","Defend_B","Defend_B","Defend_B","Defend_B","Zap+1","Dualcast","Biased Cognition","Fusion+1","Capacitor","Ball Lightning","Steam","Hologram","Rebound","Lockon+1","Leap","Auto Shields","Meteor Strike","Redo+1","Glacier+1","Aggregate+1","RitualDagger","FTL+1","Compile Driver+1","Streamline","Double Energy","Buffer+1"],"relics":["Cracked Core","infinitespire:Magic Flask","Toy Ornithopter","Art of War","Medical Kit","Nuclear Battery","Kunai","infinitespire:ShieldingShard","White Beast Statue"],"acts_visited":["Exordium","TheCity"],"potions_floor_usage":[8,18,18,23,27,33,33,33],"damage_taken":[{"damage":1.0,"enemies":"Cultist","floor":1.0,"turns":3.0},{"damage":4.0,"enemies":"Small Slimes","floor":3.0,"turns":3.0},{"damage":1.0,"enemies":"Jaw Worm","floor":5.0,"turns":3.0},{"damage":5,"enemies":"Blue Slaver","floor":6,"turns":4},{"damage":32,"enemies":"Gremlin Nob","floor":8,"turns":4},{"damage":1,"enemies":"Exordium Wildlife","floor":10,"turns":2},{"damage":10,"enemies":"Looter","floor":12,"turns":3},{"damage":50,"enemies":"Hexaghost","floor":16,"turns":11},{"damage":24,"enemies":"3 Byrds","floor":18,"turns":4},{"damage":15,"enemies":"Shell Parasite","floor":19,"turns":7},{"damage":4,"enemies":"3 Cultists","floor":20,"turns":7},{"damage":20,"enemies":"Cultist and Chosen","floor":23,"turns":7},{"damage":9,"enemies":"Snake Plant","floor":27,"turns":5},{"damage":1,"enemies":"Snecko","floor":30,"turns":4},{"damage":15,"enemies":"3 Cultists","floor":31,"turns":6},{"damage":51,"enemies":"Automaton","floor":33,"turns":6}],"seed_played":"-5204049305954417169","potions_obtained":[{"floor":1.0,"key":"FearPotion"},{"floor":10,"key":"Dexterity Potion"},{"floor":12,"key":"SteroidPotion"},{"floor":20,"key":"LiquidMemories"},{"floor":23,"key":"BlessingOfTheForge"},{"floor":27,"key":"FocusPotion"},{"floor":30,"key":"EssenceOfDarkness"},{"floor":31,"key":"SteroidPotion"}],"is_trial":false,"path_per_floor":["M","?","M","$","M","M","R","E","T","M","R","M","?","AVR","R","B",null,"M","M","M","?","AVR","M","R","?","T","M","$","?","M","M","R","B"],"character_chosen":"DEFECT","items_purchased":["infinitespire:Magic Flask","Ball Lightning","Streamline","White Beast Statue"],"campfire_rested":4,"item_purchase_floors":[4,4,28,28],"current_hp_per_floor":[74,74,70,70,69,64,64,32,32,31,53,43,43,43,65,15,75,51,36,32,26,26,11,33,33,33,29,29,29,28,13,35,0,0],"gold":70,"neow_bonus":"ONE_RANDOM_RARE_CARD","is_daily":false,"chose_seed":false,"campfire_upgraded":5,"win_rate":0.0,"timestamp":1613185251,"path_taken":["M","?","M","$","?","M","R","E","T","M","R","M","?","AVR","R","BOSS","M","M","M","?","AVR","M","R","?","T","M","$","?","?","M","R","BOSS"],"items_purchased_type":["Relic","Card","Card","Relic"],"build_version":"2020-12-22","purchased_purges":1,"victory":false,"max_hp_per_floor":[75,75,75,75,75,75,75,75,75,75,75,75,75,75,75,75,75,75,75,75,75,75,75,75,75,75,75,75,75,75,75,75,75,75],"card_choices":[{"not_picked":["Lockon","Cold Snap"],"picked":"Fusion","floor":1.0},{"not_picked":["Auto Shields","Skim"],"picked":"Capacitor","floor":3.0},{"not_picked":["Gash","Redo"],"picked":"Steam","floor":5.0},{"not_picked":["Compile Driver","Leap"],"picked":"Hologram","floor":6},{"not_picked":["Turbo","Compile Driver"],"picked":"Rebound","floor":8},{"not_picked":["Sweeping Beam","Hologram"],"picked":"Lockon","floor":10},{"not_picked":["Amplify","Cold Snap"],"picked":"Leap","floor":12},{"not_picked":["Reboot","Multi-Cast"],"picked":"Meteor Strike","floor":16},{"not_picked":["Static Discharge","Sweeping Beam"],"picked":"Redo+1","floor":18},{"not_picked":["Beam Cell","Capacitor"],"picked":"Glacier+1","floor":19},{"not_picked":["Beam Cell+1","Steam+1"],"picked":"Aggregate","floor":20},{"not_picked":["Turbo","Creative AI"],"picked":"FTL+1","floor":23},{"not_picked":["Redo","Leap"],"picked":"Compile Driver+1","floor":27},{"not_picked":["Steam Power","Go for the Eyes+1"],"picked":"Double Energy","floor":30},{"not_picked":["BootSequence","Barrage"],"picked":"Buffer","floor":31}],"player_experience":2476825,"relics_obtained":[{"floor":8,"key":"Toy Ornithopter"},{"floor":9,"key":"Art of War"},{"floor":26,"key":"infinitespire:ShieldingShard"}],"event_choices":[{"damage_healed":0.0,"max_hp_gain":0.0,"max_hp_loss":0.0,"gold_gain":275.0,"event_name":"Golden Shrine","player_choice":"Desecrate","floor":2.0,"gold_loss":0.0,"damage_taken":0.0,"cards_obtained":["Regret"]},{"damage_healed":0,"gold_gain":0,"cards_transformed":["Strike_B"],"player_choice":"Change","damage_taken":0,"max_hp_gain":0,"max_hp_loss":0,"event_name":"Living Wall","floor":13,"gold_loss":0,"cards_obtained":["Auto Shields"]},{"damage_healed":0,"gold_gain":0,"player_choice":"Joined the Cult","damage_taken":6,"max_hp_gain":0,"max_hp_loss":0,"event_name":"Nest","floor":21,"gold_loss":0,"cards_obtained":["RitualDagger"]},{"damage_healed":0,"gold_gain":0,"player_choice":"Ignored","damage_taken":0,"max_hp_gain":0,"max_hp_loss":0,"event_name":"Beggar","floor":25,"gold_loss":0},{"damage_healed":0,"gold_gain":0,"player_choice":"Ignored","damage_taken":0,"max_hp_gain":0,"max_hp_loss":0,"event_name":"Vampires","floor":29,"gold_loss":0}],"is_beta":false,"boss_relics":[{"not_picked":["Empty Cage","Black Star"],"picked":"Nuclear Battery"}],"items_purged_floors":[4],"is_endless":false,"potions_floor_spawned":[1,10,12,20,23,27,30,31],"killed_by":"Automaton","ascension_level":0}}