{"host":"bbmxo8e8cdq8htg1","time":1613210002,"event":{"mods":["AchievementEnabler","BaseMod","Better Match","Better Third Choice","BetterRewards","Colored Powertips","DeckTracker","Dota2Spire","Mimic Mod","Minty Spire (QoL Compilation)","Permanent Neow","Quick Restart","Rare Cards Sparkle","Relic Stats","Replay The Spire","Shop Mod","Spicy Shops","StSLib","SuperFastMode","The Blue Laboratory","The Forsaken","The Jungle"],"gold_per_floor":[366,379,454,75,75,75,127,167,167,261,261,327,338,60,60,206,206,242,292,207,207,217,217,237,237,237,11,11,11,21,49,49,147,147,186,186,200,240,14,14,49,49,126,170,212,212,223,17,17,17],"floor_reached":51,"language":"ENG","playtime":1406,"items_purged":["Defend_R"],"score":901,"play_id":"685c9ea3-3a7a-4e77-8d17-59597d787e7b","local_time":"20210213125322","is_ascension_mode":true,"campfire_choices":[{"floor":6,"key":"REST"},{"floor":11,"key":"REST"},{"floor":15,"key":"REST"},{"floor":23,"key":"REST"},{"floor":25,"key":"REST"},{"floor":28,"key":"REST"},{"floor":32,"key":"REST"},{"floor":40,"key":"REST"},{"data":"Bludgeon","floor":42,"key":"SMITH"},{"data":"Perfected Strike","floor":46,"key":"SMITH"},{"floor":49,"key":"REST"}],"circlet_count":0,"master_deck":["Strike_R+1","Strike_R+1","Strike_R+1","Strike_R+1","Strike_R+1","Defend_R+1","Defend_R+1","Bash","HandOfGreed+1","Perfected Strike","Flex","Thunderclap","Bludgeon+1","Perfected Strike+1","Perfected Strike+1"],"relics":["Burning Blood","theForsaken:Kindling","Pocketwatch","Blue Candle","Membership Card","Dota2Spire:Desolator","Dota2Spire:RefresherOrb","Red Mask","Dota2Spire:Butterfly","Champion Belt","Dota2Spire:EyeOfSkadi","Vajra","Toy Ornithopter","theForsaken:PaleLantern","Red Skull","PreservedInsect","theForsaken:Lifeblossom","Mummified Hand","Toxic Egg 2","Replay:Baseball","Dota2Spire:CrimsonGuard"],"acts_visited":["Exordium","TheCity","TheBeyond"],"potions_floor_usage":[19,19,31,50,50],"damage_taken":[{"damage":3,"enemies":"Jaw Worm","floor":1,"turns":5},{"damage":5,"enemies":"Small Slimes","floor":2,"turns":4},{"damage":50,"enemies":"Lagavulin","floor":7,"turns":6},{"damage":1,"enemies":"Cultist","floor":8,"turns":3},{"damage":5,"enemies":"Gremlin Gang","floor":10,"turns":4},{"damage":4,"enemies":"2 Fungi Beasts","floor":12,"turns":2},{"damage":11,"enemies":"Looter","floor":13,"turns":2},{"damage":12,"enemies":"Slime Boss","floor":16,"turns":6},{"damage":39,"enemies":"3 Byrds","floor":18,"turns":6},{"damage":10,"enemies":"Masked Bandits","floor":19,"turns":3},{"damage":0,"enemies":"Chosen","floor":22,"turns":3},{"damage":0,"enemies":"Snecko","floor":24,"turns":2},{"damage":0,"enemies":"Snake Plant","floor":30,"turns":2},{"damage":15,"enemies":"Book of Stabbing","floor":31,"turns":3},{"damage":68,"enemies":"Champ","floor":33,"turns":8},{"damage":10,"enemies":"3 Shapes","floor":35,"turns":4},{"damage":9,"enemies":"3 Darklings","floor":37,"turns":4},{"damage":15,"enemies":"Jaw Worm Horde","floor":38,"turns":3},{"damage":8,"enemies":"R_Hoarder","floor":41,"turns":4},{"damage":23,"enemies":"Sphere and 2 Shapes","floor":44,"turns":4},{"damage":22,"enemies":"Maw","floor":45,"turns":5},{"damage":18,"enemies":"4 Shapes","floor":47,"turns":3},{"damage":120,"enemies":"Time Eater","floor":50,"turns":10}],"seed_played":"-535127176326267566","potions_obtained":[{"floor":2,"key":"blueLaboratory:PhilterOfMotion"},{"floor":13,"key":"blueLaboratory:IronCompound"},{"floor":16,"key":"BloodPotion"},{"floor":18,"key":"Fire Potion"},{"floor":24,"key":"Dota2Spire:Clarity"},{"floor":31,"key":"blueLaboratory:BottleOfRum"},{"floor":35,"key":"FearPotion"},{"floor":44,"key":"blueLaboratory:LouseDecoction"}],"is_trial":false,"path_per_floor":["M","M","?","$","?","R","E","M","T","M","R","M","M","$","R","B",null,"M","?","?","?","M","R","M","R","T","$","R","?","M","E","R","B",null,"M","?","M","M","$","R","E","R","T","M","M","R","M","$","R","B",null],"character_chosen":"IRONCLAD","items_purchased":["HandOfGreed","theForsaken:Kindling","Perfected Strike","Membership Card","Dota2Spire:Desolator","Dota2Spire:EyeOfSkadi","Vajra","Red Skull","PreservedInsect","theForsaken:Lifeblossom","Replay:Baseball","Dota2Spire:CrimsonGuard"],"campfire_rested":9,"item_purchase_floors":[4,4,4,14,14,27,27,39,39,39,48,48],"current_hp_per_floor":[72,72,61,61,61,77,33,38,38,39,67,69,64,64,87,81,87,54,67,67,67,73,92,92,97,97,102,107,107,107,98,112,50,112,108,108,105,96,96,117,116,116,116,103,93,93,86,86,122,19],"gold":17,"neow_bonus":"TWO_FIFTY_GOLD","is_daily":false,"chose_seed":false,"campfire_upgraded":2,"win_rate":0.0,"timestamp":1613210002,"path_taken":["M","M","?","$","?","R","E","M","T","M","R","?","?","$","R","BOSS","M","?","?","?","M","R","M","R","T","$","R","?","M","E","R","BOSS","M","?","M","M","$","R","E","R","T","M","M","R","?","$","R","BOSS"],"items_purchased_type":["Card","Relic","Card","Relic","Relic","Relic","Relic","Relic","Relic","Relic","Relic","Relic"],"build_version":"2020-12-22","purchased_purges":1,"victory":true,"max_hp_per_floor":[72,72,72,72,72,77,77,77,77,77,82,82,82,82,87,87,87,87,87,87,87,87,92,92,97,97,102,107,107,107,107,112,112,112,112,112,112,112,112,117,117,117,117,117,117,117,117,117,122,122],"relic_stats":{"counters":[23,96],"Mummified Hand":[0],"Blue Candle":[0],"PreservedInsect":75,"Champion Belt":[51],"obtain_stats":[{"Blue Candle":9,"Vajra":27,"theForsaken:Lifeblossom":39,"Dota2Spire:RefresherOrb":17,"theForsaken:PaleLantern":34,"PreservedInsect":39,"Burning Blood":0,"Replay:Baseball":48,"Dota2Spire:Butterfly":20,"Dota2Spire:EyeOfSkadi":27,"Dota2Spire:CrimsonGuard":48,"theForsaken:Kindling":4,"Mummified Hand":41,"Red Mask":19,"Membership Card":14,"Champion Belt":26,"Toxic Egg 2":43,"Toy Ornithopter":31,"Red Skull":39,"Pocketwatch":7,"Dota2Spire:Desolator":14},{"Blue Candle":4,"Vajra":12,"theForsaken:Lifeblossom":18,"Dota2Spire:RefresherOrb":8,"theForsaken:PaleLantern":15,"PreservedInsect":18,"Burning Blood":0,"Replay:Baseball":22,"Dota2Spire:Butterfly":10,"Dota2Spire:EyeOfSkadi":12,"Dota2Spire:CrimsonGuard":22,"theForsaken:Kindling":2,"Mummified Hand":19,"Red Mask":10,"Membership Card":7,"Champion Belt":12,"Toxic Egg 2":19,"Toy Ornithopter":14,"Red Skull":18,"Pocketwatch":3,"Dota2Spire:Desolator":7},{"Blue Candle":18,"Vajra":46,"theForsaken:Lifeblossom":70,"Dota2Spire:RefresherOrb":32,"theForsaken:PaleLantern":59,"PreservedInsect":70,"Burning Blood":0,"Replay:Baseball":86,"Dota2Spire:Butterfly":41,"Dota2Spire:EyeOfSkadi":46,"Dota2Spire:CrimsonGuard":86,"theForsaken:Kindling":9,"Mummified Hand":74,"Red Mask":41,"Membership Card":26,"Champion Belt":46,"Toxic Egg 2":74,"Toy Ornithopter":51,"Red Skull":70,"Pocketwatch":15,"Dota2Spire:Desolator":26}],"Burning Blood":122,"Toy Ornithopter":10,"Pocketwatch":[123]},"card_choices":[{"not_picked":["True Grit","Wild Strike","Headbutt"],"picked":"SKIP","floor":1},{"not_picked":["Pummel","Sword Boomerang","Body Slam"],"picked":"SKIP","floor":2},{"not_picked":["Feel No Pain","ReplayReversal","ReplayTheSpireMod:Limb From Limb"],"picked":"SKIP","floor":7},{"not_picked":["Replay:Undeath\u0027s Touch","Life Link","Fire Breathing"],"picked":"SKIP","floor":8},{"not_picked":["Headbutt","Massacre","Flame Barrier"],"picked":"SKIP","floor":10},{"not_picked":["ReplayTheSpireMod:Corrosion Curse","Searing Blow","ReplayTheSpireMod:Strike From Hell"],"picked":"SKIP","floor":12},{"not_picked":["Anger","True Grit"],"picked":"Flex","floor":13},{"not_picked":["Iron Wave","ReplayTheSpireMod:LeadingStrike","Fire Breathing"],"picked":"SKIP","floor":18},{"not_picked":["Shrug It Off","Rage","Sword Boomerang+1"],"picked":"SKIP","floor":22},{"not_picked":["Wild Strike","ReplayTheSpireMod:Corrosion Curse"],"picked":"Thunderclap","floor":24},{"not_picked":["Reckless Charge","Body Slam+1","Cleave"],"picked":"SKIP","floor":30},{"not_picked":["Replay:Undeath\u0027s Touch","Body Slam","Dual Wield+1"],"picked":"SKIP","floor":31},{"not_picked":["Demonic Infusion","Fiend Fire"],"picked":"Bludgeon","floor":33},{"not_picked":["Bloodletting","Flame Barrier+1","Havoc"],"picked":"SKIP","floor":35},{"not_picked":["Headbutt","ReplayTheSpireMod:Strike From Hell"],"picked":"Perfected Strike","floor":37},{"not_picked":["Sentinel","Offering","Armaments"],"picked":"SKIP","floor":38},{"not_picked":["Blood for Blood","Replay:Undeath\u0027s Touch+1","Body Slam"],"picked":"SKIP","floor":41},{"not_picked":["Cleave","ReplayTheSpireMod:Strike From Hell+1","Shrug It Off+1"],"picked":"SKIP","floor":44},{"not_picked":["Clash","Cleave+1"],"picked":"Perfected Strike+1","floor":45},{"not_picked":["Rage+1","Defy Death+1","Sword Boomerang"],"picked":"SKIP","floor":47}],"player_experience":16628,"relics_obtained":[{"floor":7,"key":"Pocketwatch"},{"floor":9,"key":"Blue Candle"},{"floor":19,"key":"Red Mask"},{"floor":26,"key":"Champion Belt"},{"floor":31,"key":"Toy Ornithopter"},{"floor":41,"key":"Mummified Hand"},{"floor":43,"key":"Toxic Egg 2"}],"event_choices":[{"damage_healed":0,"gold_gain":75,"player_choice":"Gold","damage_taken":11,"max_hp_gain":0,"max_hp_loss":0,"event_name":"betterThird:BetterGoop","floor":3,"gold_loss":0},{"damage_healed":0,"gold_gain":0,"player_choice":"Forge","damage_taken":0,"max_hp_gain":0,"max_hp_loss":0,"event_name":"Accursed Blacksmith","floor":5,"gold_loss":0,"cards_upgraded":["HandOfGreed"]},{"damage_healed":0,"gold_gain":0,"player_choice":"Fought Bandits","damage_taken":0,"max_hp_gain":0,"max_hp_loss":0,"event_name":"Masked Bandits","floor":19,"gold_loss":0},{"damage_healed":0,"gold_gain":0,"player_choice":"Obtained Relic","damage_taken":0,"relics_obtained":["Dota2Spire:Butterfly"],"max_hp_gain":0,"max_hp_loss":0,"event_name":"Addict","floor":20,"gold_loss":85},{"damage_healed":0,"gold_gain":0,"player_choice":"Simplicity","damage_taken":0,"max_hp_gain":0,"max_hp_loss":8,"event_name":"betterThird:BetterWriting","floor":21,"gold_loss":0},{"damage_healed":0,"gold_gain":0,"player_choice":"Ignored","damage_taken":0,"max_hp_gain":0,"max_hp_loss":0,"event_name":"Vampires","floor":29,"gold_loss":0},{"cards_removed":["Defend_R"],"damage_healed":0,"gold_gain":0,"player_choice":"Card Removal","damage_taken":0,"max_hp_gain":0,"max_hp_loss":0,"event_name":"Wheel of Change","floor":36,"gold_loss":0}],"is_beta":false,"boss_relics":[{"not_picked":["Runic Dome","Replay:Grab Bag"],"picked":"Dota2Spire:RefresherOrb"},{"not_picked":["Velvet Choker","Electric Blood"],"picked":"theForsaken:PaleLantern"}],"items_purged_floors":[4],"is_endless":false,"potions_floor_spawned":[2,13,16,18,24,31,35,44,47],"ascension_level":4}}