{"host":"zxkjcgzis4pm3za5","time":1613224846,"event":{"mods":["AchievementEnabler","BaseMod","Colored Map","Colored Powertips","Minty Spire (QoL Compilation)","Quick Restart","Random Character Button","Relic Sorter","Relic Stats","StSLib"],"gold_per_floor":[109,109,125,136,32,62,62,62,62],"floor_reached":8,"language":"ENG","playtime":159,"items_purged":["Strike_G"],"score":112,"play_id":"c0668ded-11d4-4eb3-a041-c6344e3b5daa","local_time":"20210213193046","is_ascension_mode":true,"campfire_choices":[{"data":"Neutralize","floor":7,"key":"SMITH"}],"circlet_count":0,"master_deck":["AscendersBane","Strike_G","Strike_G","Strike_G","Strike_G","Defend_G","Defend_G","Defend_G","Defend_G","Survivor","Neutralize+1","Slice","Flying Knee","Quick Slash","Poisoned Stab","Dagger Spray"],"relics":["Ring of the Snake","NeowsBlessing","Pantograph"],"acts_visited":["Exordium"],"potions_floor_usage":[6],"damage_taken":[{"damage":0,"enemies":"Small Slimes","floor":1,"turns":1},{"damage":0,"enemies":"Cultist","floor":3,"turns":1},{"damage":0,"enemies":"2 Louse","floor":4,"turns":1},{"damage":36,"enemies":"Gremlin Nob","floor":6,"turns":5},{"damage":27,"enemies":"3 Sentries","floor":8,"turns":4}],"seed_played":"4827604040425603181","potions_obtained":[{"floor":3,"key":"Block Potion"}],"is_trial":false,"path_per_floor":["M","?","M","M","$","E","R","E"],"character_chosen":"THE_SILENT","items_purchased":["Poisoned Stab"],"campfire_rested":0,"item_purchase_floors":[5],"current_hp_per_floor":[59,59,59,59,59,23,23,0,0],"gold":62,"neow_bonus":"THREE_ENEMY_KILL","is_daily":false,"chose_seed":false,"campfire_upgraded":1,"win_rate":0.0,"timestamp":1613224846,"path_taken":["M","?","?","M","$","E","R","E"],"items_purchased_type":["Card"],"build_version":"2020-12-22","purchased_purges":1,"victory":false,"max_hp_per_floor":[66,66,66,66,66,66,66,66,66],"relic_stats":{"counters":[5,12],"Pantograph":0,"obtain_stats":[{"NeowsBlessing":0,"Pantograph":6,"Ring of the Snake":0},{"NeowsBlessing":0,"Pantograph":4,"Ring of the Snake":0},{"NeowsBlessing":0,"Pantograph":8,"Ring of the Snake":0}],"Ring of the Snake":[10]},"card_choices":[{"not_picked":["Backflip","Acrobatics"],"picked":"Slice","floor":1},{"not_picked":["Setup","Grand Finale"],"picked":"Flying Knee","floor":3},{"not_picked":["Slice","Prepared"],"picked":"Quick Slash","floor":4},{"not_picked":["A Thousand Cuts","Masterful Stab"],"picked":"Dagger Spray","floor":6}],"player_experience":362589,"relics_obtained":[{"floor":6,"key":"Pantograph"}],"event_choices":[{"cards_removed":["Defend_G"],"damage_healed":0,"gold_gain":0,"player_choice":"Offered Basic","damage_taken":0,"max_hp_gain":0,"max_hp_loss":0,"event_name":"Bonfire Elementals","floor":2,"gold_loss":0}],"is_beta":false,"boss_relics":[],"items_purged_floors":[5],"is_endless":false,"potions_floor_spawned":[3],"killed_by":"3 Sentries","ascension_level":20}}