{"host":"k7udt7atmcuzf6l0","time":1613220765,"event":{"mods":["AchievementEnabler","BaseMod","BetterRewards","Colored Map","Colored Powertips","Highlight Path","Minty Spire (QoL Compilation)","Quick Restart","Rare Cards Sparkle","StSLib","UnlockEverythingMod"],"gold_per_floor":[218,293,306,306,370,370,387,417,417,417,428,488,505,515,515,614,614,627,702,716,337,337,337,21,54,54,68,83,96,96,109,109,212,212,223,234,79,79,92,92,92,92,92,109,128,153,165,19,19,19],"floor_reached":51,"language":"ZHS","playtime":1291,"items_purged":["Strike_R"],"score":726,"play_id":"020571fb-1c79-4d02-b120-345c306002e0","local_time":"20210213205245","is_ascension_mode":false,"campfire_choices":[{"data":"Flex","floor":6.0,"key":"SMITH"},{"data":"Uppercut","floor":10.0,"key":"SMITH"},{"data":"Second Wind","floor":15.0,"key":"SMITH"},{"data":"Shockwave","floor":23,"key":"SMITH"},{"data":"Whirlwind","floor":30,"key":"SMITH"},{"data":"Offering","floor":32,"key":"SMITH"},{"data":"Feed","floor":40,"key":"SMITH"},{"data":"Sword Boomerang","floor":42,"key":"SMITH"},{"data":"Body Slam","floor":49,"key":"SMITH"}],"circlet_count":0,"master_deck":["Strike_R","Strike_R","Strike_R","Defend_R","Defend_R","Defend_R+1","Defend_R","Bash","Uppercut+1","Flex+1","Sword Boomerang+1","Seeing Red+1","Combust","Bloodletting","Second Wind+1","Clash","Offering+1","Clothesline+1","Shockwave+1","Whirlwind+1","Reaper","Rage+1","Hemokinesis+1","Thunderclap+1","Feed+1","Armaments+1","Spot Weakness+1","True Grit+1","Madness","Madness","Body Slam+1","Seeing Red+1","Anger+1"],"relics":["Burning Blood","Kunai","Omamori","Happy Flower","War Paint","SlaversCollar","Orichalcum","MealTicket","Blood Vial","Shuriken","HornCleat","Nunchaku","Philosopher\u0027s Stone","Chemical X","Paper Frog","Lantern","Lee\u0027s Waffle"],"acts_visited":["Exordium","TheCity","TheBeyond"],"potions_floor_usage":[29,33,44,46,50,50],"damage_taken":[{"damage":7.0,"enemies":"Small Slimes","floor":1.0,"turns":4.0},{"damage":8.0,"enemies":"2 Louse","floor":3.0,"turns":3.0},{"damage":1.0,"enemies":"Jaw Worm","floor":7.0,"turns":3.0},{"damage":12.0,"enemies":"Gremlin Nob","floor":8.0,"turns":4.0},{"damage":0.0,"enemies":"Looter","floor":11.0,"turns":1.0},{"damage":26.0,"enemies":"Lagavulin Event","floor":12.0,"turns":4.0},{"damage":5.0,"enemies":"Exordium Thugs","floor":13.0,"turns":3.0},{"damage":0.0,"enemies":"Large Slime","floor":14.0,"turns":4.0},{"damage":26.0,"enemies":"Slime Boss","floor":16.0,"turns":8.0},{"damage":6.0,"enemies":"Chosen","floor":18.0,"turns":4.0},{"damage":33,"enemies":"2 Thieves","floor":20,"turns":5},{"damage":26,"enemies":"Gremlin Leader","floor":25,"turns":4},{"damage":16,"enemies":"Snake Plant","floor":27,"turns":3},{"damage":8,"enemies":"Cultist and Chosen","floor":28,"turns":3},{"damage":10,"enemies":"Chosen and Byrds","floor":29,"turns":6},{"damage":6,"enemies":"Snake Plant","floor":31,"turns":4},{"damage":30,"enemies":"Collector","floor":33,"turns":5},{"damage":2,"enemies":"3 Shapes","floor":35,"turns":3},{"damage":6,"enemies":"3 Darklings","floor":36,"turns":1},{"damage":35,"enemies":"4 Shapes","floor":39,"turns":4},{"damage":17,"enemies":"Maw","floor":44,"turns":5},{"damage":29,"enemies":"Writhing Mass","floor":45,"turns":4},{"damage":36,"enemies":"Nemesis","floor":46,"turns":5},{"damage":13,"enemies":"Spire Growth","floor":47,"turns":4},{"damage":114,"enemies":"Time Eater","floor":50,"turns":10}],"seed_played":"-2686561388510582798","potions_obtained":[{"floor":1.0,"key":"Fire Potion"},{"floor":7.0,"key":"Regen Potion"},{"floor":11.0,"key":"ElixirPotion"},{"floor":12.0,"key":"FairyPotion"},{"floor":20,"key":"CultistPotion"},{"floor":27,"key":"LiquidMemories"},{"floor":31,"key":"Weak Potion"},{"floor":33,"key":"LiquidMemories"},{"floor":44,"key":"Strength Potion"},{"floor":45,"key":"BloodPotion"},{"floor":47,"key":"Swift Potion"}],"is_trial":false,"path_per_floor":["M","?","M","?","?","R","M","E","T","R","M","?","M","M","R","B",null,"M","?","M","$","?","R","$","E","T","M","M","M","R","M","R","B",null,"M","M","$","?","M","R","?","R","T","M","M","E","M","$","R","B",null],"character_chosen":"IRONCLAD","items_purchased":["Orichalcum","MealTicket","Whirlwind","Shuriken","Chemical X","Lee\u0027s Waffle"],"campfire_rested":0,"item_purchase_floors":[21,21,21,24,37,48],"current_hp_per_floor":[79,68,66,54,54,54,59,65,65,65,71,51,52,58,58,38,80,80,72,45,45,45,45,60,42,42,34,46,58,58,60,60,71,80,80,80,80,80,54,54,44,44,44,39,22,12,25,102,102,26],"gold":19,"neow_bonus":"HUNDRED_GOLD","is_daily":false,"chose_seed":false,"campfire_upgraded":9,"win_rate":0.0,"timestamp":1613220765,"path_taken":["M","?","M","?","?","R","M","E","T","R","M","?","?","M","R","BOSS","M","?","M","?","?","R","$","E","T","?","M","M","R","M","R","BOSS","M","M","$","?","?","R","?","R","T","M","M","E","M","$","R","BOSS"],"items_purchased_type":["Relic","Relic","Card","Relic","Relic","Relic"],"build_version":"2020-12-22","purchased_purges":1,"victory":true,"max_hp_per_floor":[80,80,80,80,80,80,80,80,80,80,80,80,80,80,80,80,80,80,80,80,80,80,80,80,80,80,80,80,80,80,80,80,80,80,80,80,80,80,83,83,83,83,83,87,91,91,95,102,102,102],"card_choices":[{"not_picked":["Rupture","Power Through"],"picked":"Uppercut","floor":1.0},{"not_picked":["Clothesline","Thunderclap"],"picked":"Flex","floor":3.0},{"not_picked":["Warcry","Havoc"],"picked":"Sword Boomerang","floor":7.0},{"not_picked":["Flame Barrier","Iron Wave"],"picked":"Seeing Red","floor":8.0},{"not_picked":["Shrug It Off","Clothesline"],"picked":"Combust","floor":11.0},{"not_picked":["Seeing Red","Clash"],"picked":"Bloodletting","floor":12.0},{"not_picked":["True Grit","Headbutt"],"picked":"Second Wind","floor":13.0},{"not_picked":["Iron Wave","Havoc"],"picked":"Clash","floor":14.0},{"not_picked":["Feed","Bludgeon"],"picked":"Offering","floor":16.0},{"not_picked":["Sentinel","Headbutt"],"picked":"Clothesline+1","floor":18.0},{"not_picked":["Armaments","Whirlwind"],"picked":"Shockwave","floor":20},{"not_picked":["True Grit+1","Entrench"],"picked":"Reaper","floor":25},{"not_picked":["Warcry","Perfected Strike","Pommel Strike"],"picked":"SKIP","floor":27},{"not_picked":["Armaments","Iron Wave"],"picked":"Rage+1","floor":28},{"not_picked":["Anger","Heavy Blade+1"],"picked":"Hemokinesis+1","floor":29},{"not_picked":["Headbutt+1","Shrug It Off+1"],"picked":"Thunderclap+1","floor":31},{"not_picked":["Juggernaut","Barricade"],"picked":"Feed","floor":33},{"not_picked":["Perfected Strike","Sever Soul"],"picked":"Armaments+1","floor":35},{"not_picked":["Reckless Charge","Warcry"],"picked":"Spot Weakness+1","floor":36},{"not_picked":["Armaments+1","Reckless Charge"],"picked":"True Grit+1","floor":39},{"not_picked":["Metallicize+1","Evolve+1"],"picked":"Body Slam","floor":44},{"not_picked":["Heavy Blade","Thunderclap+1","Pummel"],"picked":"SKIP","floor":45},{"not_picked":["Thunderclap","Headbutt"],"picked":"Seeing Red+1","floor":46},{"not_picked":["Cleave+1","Reckless Charge"],"picked":"Anger+1","floor":47}],"player_experience":118065,"relics_obtained":[{"floor":8.0,"key":"Omamori"},{"floor":9.0,"key":"Happy Flower"},{"floor":12.0,"key":"War Paint"},{"floor":25,"key":"HornCleat"},{"floor":26,"key":"Nunchaku"},{"floor":43,"key":"Paper Frog"},{"floor":46,"key":"Lantern"}],"event_choices":[{"damage_healed":0.0,"max_hp_gain":0.0,"max_hp_loss":0.0,"gold_gain":75.0,"event_name":"World of Goop","player_choice":"Gather Gold","floor":2.0,"gold_loss":0.0,"damage_taken":11.0},{"damage_healed":0.0,"max_hp_gain":0.0,"max_hp_loss":0.0,"gold_gain":0.0,"event_name":"Scrap Ooze","player_choice":"Success","floor":4.0,"gold_loss":0.0,"damage_taken":12.0,"relics_obtained":["Kunai"]},{"damage_healed":0.0,"max_hp_gain":0.0,"max_hp_loss":0.0,"gold_gain":64.0,"event_name":"Golden Wing","player_choice":"Gained Gold","floor":5.0,"gold_loss":0.0,"damage_taken":0.0},{"damage_healed":0.0,"max_hp_gain":0.0,"max_hp_loss":0.0,"gold_gain":30.0,"event_name":"Dead Adventurer","player_choice":"Searched \u00272\u0027 times","floor":12.0,"gold_loss":0.0,"damage_taken":0.0},{"damage_healed":0,"gold_gain":75,"player_choice":"Touch","damage_taken":8,"max_hp_gain":0,"max_hp_loss":0,"event_name":"FaceTrader","floor":19,"gold_loss":0},{"damage_healed":0,"gold_gain":0,"player_choice":"Gave Potion","damage_taken":0,"relics_obtained":["Blood Vial"],"max_hp_gain":0,"max_hp_loss":0,"event_name":"WeMeetAgain","floor":22,"gold_loss":0},{"cards_removed":["Strike_R"],"damage_healed":0,"gold_gain":0,"player_choice":"Offered Basic","damage_taken":0,"max_hp_gain":0,"max_hp_loss":0,"event_name":"Bonfire Elementals","floor":38,"gold_loss":0},{"damage_healed":0,"gold_gain":0,"player_choice":"Embrace Madness","damage_taken":10,"max_hp_gain":0,"max_hp_loss":0,"event_name":"Winding Halls","floor":41,"gold_loss":0,"cards_obtained":["Madness","Madness"]}],"is_beta":false,"boss_relics":[{"not_picked":["Black Blood","Mark of Pain"],"picked":"SlaversCollar"},{"not_picked":["Velvet Choker","Busted Crown"],"picked":"Philosopher\u0027s Stone"}],"items_purged_floors":[24],"is_endless":false,"potions_floor_spawned":[1,7,11,12,20,27,31,33,44,45,47],"ascension_level":0}}