{"host":"b1k9tvirjqaexfiq","time":1613186240,"event":{"mods":["AchievementEnabler","BaseMod","Bestiary","Better Third Choice","Colored Powertips","Conspire","Curses Come First","Energized Spire","Filter the Spire","Hubris","Infinite Spire","Marisa????????","Minty Spire (QoL Compilation)","Permanent Neow","Quick Restart","Rare Cards Sparkle","Reliquary","Replay The Spire","Shop Mod","StSLib","The Animator","The Bug Knight","The Marked","The Servant 0.9.4","The Wild Card","Waifu the Spire","??????REMEMod"],"gold_per_floor":[114,114,114,38,239,239,254,254,332,348,358,183,183,196,196,298,298,317,337,337,352,377,377,391,391,391,402,420,439,449,449,449,449,449],"floor_reached":33,"language":"ENG","playtime":1370,"items_purged":[],"score":241,"play_id":"1879b29b-deef-4315-a80a-b49d559f7c28","local_time":"20210212211720","is_ascension_mode":false,"campfire_choices":[{"data":"theMarked:Defy","floor":6.0,"key":"SMITH"},{"floor":8.0,"key":"REST"},{"floor":15,"key":"REST"},{"data":"theMarked:Electrocute","floor":23,"key":"SMITH"},{"floor":32,"key":"REST"}],"circlet_count":0,"master_deck":["theMarked:Strike+1","theMarked:Strike+1","theMarked:Strike+1","theMarked:Strike+1","theMarked:Defend+1","theMarked:Defend+1","theMarked:Defend+1","theMarked:Defend+1","animator:Shizu","theMarked:Determination","theMarked:Defy+1","theMarked:Aftermath","theMarked:Static","theMarked:Aftermath","theMarked:SwordAndMagic","theMarked:Electrocute+1","ReplayTheSpireMod:Private Reserves","theMarked:ContemptForTheProud","theMarked:ChainLightning","theMarked:WardOff","theMarked:TakeOffHeels","theMarked:Memento+1","theMarked:EmpowerWeapon","theMarked:ContemptForTheProud+1","theMarked:Pokerface+1","theMarked:MagusForm+1","theMarked:Memento+1","theMarked:ElectricStrings","theMarked:Overcharge"],"relics":["theMarked:ArtifactOfAir","REME_ComplimentaryCards","hubris:SphereOfDissonance","Bottled Tornado","hubris:RunicObelisk","Red Mask","Frozen Egg 2","Replay:Blank Codex"],"acts_visited":["Exordium","TheCity"],"potions_floor_usage":[21,28,30,33,33],"damage_taken":[{"damage":6.0,"enemies":"Jaw Worm","floor":1.0,"turns":4.0},{"damage":0.0,"enemies":"2 Louse","floor":7.0,"turns":1.0},{"damage":0.0,"enemies":"Cultist","floor":10.0,"turns":3.0},{"damage":0.0,"enemies":"Large Slime","floor":11.0,"turns":3.0},{"damage":12,"enemies":"Blue Slaver","floor":14,"turns":2},{"damage":56,"enemies":"The Guardian","floor":16,"turns":10},{"damage":17,"enemies":"2 Thieves","floor":18,"turns":2},{"damage":0,"enemies":"3 Byrds","floor":19,"turns":3},{"damage":0,"enemies":"Centurion and Healer","floor":21,"turns":4},{"damage":0,"enemies":"Masked Bandits","floor":22,"turns":1},{"damage":2,"enemies":"Snecko","floor":24,"turns":3},{"damage":0,"enemies":"Cultist and Chosen","floor":27,"turns":4},{"damage":0,"enemies":"3 Cultists","floor":28,"turns":3},{"damage":0,"enemies":"Snecko","floor":29,"turns":3},{"damage":17,"enemies":"Shelled Parasite and Fungi","floor":30,"turns":5},{"damage":31,"enemies":"conspire:MysteriousRune","floor":33,"turns":6}],"seed_played":"-605858187826570630","potions_obtained":[{"floor":1.0,"key":"Block Potion"},{"floor":16,"key":"Fire Potion"},{"floor":19,"key":"Milkshake"},{"floor":24,"key":"Swift Potion"},{"floor":29,"key":"Block Potion"},{"floor":30,"key":"ColorlessPotion"}],"is_trial":false,"path_per_floor":["M","?","?","$","?","R","M","R","T","M","M","$","?","M","R","B",null,"M","M","?","M","?","R","M","?","T","M","M","M","M","?","R","B"],"character_chosen":"THE_DEFAULT","items_purchased":["theMarked:Static","ReplayTheSpireMod:Private Reserves","theMarked:ContemptForTheProud","theMarked:ChainLightning"],"campfire_rested":3,"item_purchase_floors":[4,12,12,12],"current_hp_per_floor":[57,57,54,54,39,39,39,57,57,57,57,57,57,45,63,7,63,46,46,46,46,46,46,44,44,44,44,44,44,27,11,29,0,0],"gold":449,"neow_bonus":"TRANSFORM_TWO_CARDS","is_daily":false,"chose_seed":false,"campfire_upgraded":2,"win_rate":0.0,"timestamp":1613186240,"path_taken":["M","?","?","$","?","R","M","R","T","M","M","$","?","M","R","BOSS","M","?","?","M","?","R","M","?","T","M","M","M","M","?","R","BOSS"],"items_purchased_type":["Card","Card","Card","Card"],"build_version":"2020-12-22","purchased_purges":0,"victory":false,"max_hp_per_floor":[63,63,63,63,63,63,63,63,63,63,63,63,63,63,63,63,63,63,63,63,63,63,63,63,63,63,63,63,63,63,63,63,63,63],"card_choices":[{"not_picked":["theMarked:AttractMetal","theMarked:BanishingWave"],"picked":"theMarked:Aftermath","floor":1.0},{"not_picked":["theMarked:RepellingDischarge","theMarked:AttractMetal"],"picked":"theMarked:Aftermath","floor":5.0},{"not_picked":["theMarked:Defy","theMarked:RogueSparks","theMarked:HeightenedSenses"],"picked":"SKIP","floor":7.0},{"not_picked":["theMarked:RogueSparks","theMarked:TwofoldDefense"],"picked":"theMarked:SwordAndMagic","floor":10.0},{"not_picked":["theMarked:ChainLightning","theMarked:Standoff"],"picked":"theMarked:Electrocute","floor":11.0},{"not_picked":["theMarked:PowerFlow","theMarked:RogueSparks"],"picked":"theMarked:WardOff","floor":14},{"not_picked":["theMarked:FavorableWinds","theMarked:TurnInvisible"],"picked":"theMarked:TakeOffHeels","floor":16},{"not_picked":["theMarked:ChainLightning","theMarked:SwordAndMagic","theMarked:RepellingDischarge+1"],"picked":"SKIP","floor":18},{"not_picked":["theMarked:ChainLightning","theMarked:Parry+1"],"picked":"theMarked:Memento+1","floor":19},{"not_picked":["theMarked:Frustration","theMarked:HeightenedSenses+1"],"picked":"theMarked:EmpowerWeapon","floor":21},{"not_picked":["theMarked:Aftermath+1","theMarked:CreepingChasm"],"picked":"theMarked:ContemptForTheProud+1","floor":22},{"not_picked":["theMarked:Static","theMarked:Frustration"],"picked":"theMarked:Pokerface+1","floor":24},{"not_picked":["theMarked:ResourceFulStrike","theMarked:Electrocute"],"picked":"theMarked:MagusForm+1","floor":27},{"not_picked":["theMarked:Parkour","theMarked:Improvise"],"picked":"theMarked:Memento+1","floor":28},{"not_picked":["theMarked:Generate","theMarked:RepellingDischarge"],"picked":"theMarked:ElectricStrings","floor":29},{"not_picked":["theMarked:ContemptForTheProud+1","theMarked:ShockingTouch+1"],"picked":"theMarked:Overcharge","floor":30}],"player_experience":64419,"relics_obtained":[{"floor":9.0,"key":"Bottled Tornado"},{"floor":22,"key":"Red Mask"},{"floor":26,"key":"Frozen Egg 2"},{"floor":31,"key":"Replay:Blank Codex"}],"event_choices":[{"damage_healed":0.0,"max_hp_gain":0.0,"max_hp_loss":0.0,"gold_gain":0.0,"event_name":"betterThird:BetterScrap","player_choice":"Relic ","floor":3.0,"gold_loss":0.0,"damage_taken":3.0,"cards_obtained":["Rupture"]},{"damage_healed":0,"gold_gain":0,"player_choice":"Ignored","damage_taken":0,"max_hp_gain":0,"max_hp_loss":0,"event_name":"WeMeetAgain","floor":13,"gold_loss":0},{"damage_healed":0,"gold_gain":0,"player_choice":"Simplicity","damage_taken":0,"max_hp_gain":0,"max_hp_loss":8,"event_name":"betterThird:BetterWriting","floor":20,"gold_loss":0},{"damage_healed":0,"gold_gain":0,"player_choice":"Fought Bandits","damage_taken":0,"max_hp_gain":0,"max_hp_loss":0,"event_name":"Masked Bandits","floor":22,"gold_loss":0},{"damage_healed":0,"gold_gain":0,"player_choice":"Obtained Book","damage_taken":16,"max_hp_gain":0,"max_hp_loss":0,"event_name":"Cursed Tome","floor":31,"gold_loss":0}],"is_beta":false,"boss_relics":[{"not_picked":["Replay:Wanted Poster","Empty Cage"],"picked":"hubris:RunicObelisk"}],"items_purged_floors":[],"is_endless":false,"potions_floor_spawned":[1,16,19,24,29,30],"killed_by":"conspire:MysteriousRune","ascension_level":0}}