{"host":"8is2j71l4wmybkoi","time":1613227312,"event":{"mods":["AchievementEnabler","BaseMod","Colored Map","DeckTracker","Minty Spire (QoL Compilation)","Rare Cards Sparkle","Relic Stats","StSLib","SuperFastMode"],"gold_per_floor":[112,130,142,156,169,203,215,257,322,366,378,410,422,454,466,478,478],"floor_reached":16,"language":"KOR","playtime":530,"items_purged":[],"score":200,"play_id":"e13d1421-69c2-4201-956e-b0ceb8c822cc","local_time":"20210213234152","is_ascension_mode":true,"campfire_choices":[{"data":"Wraith Form v2","floor":7,"key":"SMITH"},{"floor":11,"key":"REST"},{"data":"Noxious Fumes","floor":13,"key":"SMITH"},{"floor":15,"key":"REST"}],"circlet_count":0,"master_deck":["AscendersBane","Strike_G","Strike_G","Strike_G","Strike_G","Strike_G","Defend_G","Defend_G","Defend_G","Defend_G","Defend_G","Survivor","Neutralize","Poisoned Stab","Blade Dance","Heel Hook","Noxious Fumes+1","Terror","Wraith Form v2+1","Accuracy","Well Laid Plans","Tactician"],"relics":["Ring of the Snake","NeowsBlessing","MawBank","Omamori","Ninja Scroll"],"acts_visited":["Exordium"],"potions_floor_usage":[5,6,12,16],"damage_taken":[{"damage":0,"enemies":"2 Louse","floor":1,"turns":1},{"damage":0,"enemies":"Cultist","floor":2,"turns":1},{"damage":0,"enemies":"Small Slimes","floor":3,"turns":1},{"damage":8,"enemies":"Blue Slaver","floor":4,"turns":4},{"damage":0,"enemies":"Large Slime","floor":5,"turns":5},{"damage":25,"enemies":"Gremlin Nob","floor":6,"turns":4},{"damage":24,"enemies":"3 Sentries","floor":10,"turns":9},{"damage":4,"enemies":"3 Louse","floor":12,"turns":5},{"damage":10,"enemies":"Exordium Thugs","floor":14,"turns":5},{"damage":28,"enemies":"The Guardian","floor":16,"turns":9}],"seed_played":"-5442788776411560118","potions_obtained":[{"floor":4,"key":"Swift Potion"},{"floor":5,"key":"Swift Potion"},{"floor":10,"key":"Block Potion"},{"floor":14,"key":"EssenceOfSteel"}],"is_trial":false,"path_per_floor":["M","M","M","M","M","E","R","?","T","E","R","M","R","M","R","B"],"character_chosen":"THE_SILENT","items_purchased":[],"campfire_rested":2,"item_purchase_floors":[],"current_hp_per_floor":[59,59,59,51,51,26,26,26,26,2,21,17,17,7,26,0,0],"gold":478,"neow_bonus":"THREE_ENEMY_KILL","is_daily":false,"chose_seed":false,"campfire_upgraded":2,"win_rate":0.0,"timestamp":1613227312,"path_taken":["M","M","M","M","M","E","R","?","T","E","R","M","R","M","R","BOSS"],"items_purchased_type":[],"build_version":"2020-12-22","purchased_purges":0,"victory":false,"max_hp_per_floor":[66,66,66,66,66,66,66,66,66,66,66,66,66,66,66,66,66],"relic_stats":{"counters":[10,44],"MawBank":120,"obtain_stats":[{"NeowsBlessing":0,"Ninja Scroll":10,"Omamori":9,"MawBank":6,"Ring of the Snake":0},{"NeowsBlessing":0,"Ninja Scroll":7,"Omamori":6,"MawBank":6,"Ring of the Snake":0},{"NeowsBlessing":0,"Ninja Scroll":25,"Omamori":16,"MawBank":16,"Ring of the Snake":0}],"Ring of the Snake":[20]},"card_choices":[{"not_picked":["Outmaneuver","Deflect"],"picked":"Poisoned Stab","floor":1},{"not_picked":["Quick Slash","Acrobatics"],"picked":"Blade Dance","floor":2},{"not_picked":["Sucker Punch","Prepared"],"picked":"Heel Hook","floor":3},{"not_picked":["Bane","Slice"],"picked":"Noxious Fumes","floor":4},{"not_picked":["Deadly Poison","Caltrops"],"picked":"Terror","floor":5},{"not_picked":["Underhanded Strike","Flechettes"],"picked":"Wraith Form v2","floor":6},{"not_picked":["Underhanded Strike","Riddle With Holes"],"picked":"Accuracy","floor":10},{"not_picked":["All Out Attack","Backflip"],"picked":"Well Laid Plans","floor":12},{"not_picked":["Calculated Gamble","Quick Slash"],"picked":"Tactician","floor":14}],"player_experience":1179802,"relics_obtained":[{"floor":6,"key":"MawBank"},{"floor":9,"key":"Omamori"},{"floor":10,"key":"Ninja Scroll"}],"event_choices":[{"damage_healed":0,"gold_gain":30,"player_choice":"Searched \u00271\u0027 times","damage_taken":0,"max_hp_gain":0,"max_hp_loss":0,"event_name":"Dead Adventurer","floor":8,"gold_loss":0}],"is_beta":false,"boss_relics":[],"items_purged_floors":[],"is_endless":false,"potions_floor_spawned":[4,5,10,14],"killed_by":"The Guardian","ascension_level":15}}