{"host":"9z6a73ubmgnn64m2","time":1613183650,"event":{"mods":["BaseMod","Bestiary","Colored Map","Highlight Path","Minty Spire (QoL Compilation)"],"gold_per_floor":[215,215,235,246,261,261,271,290,290,320,60,70,70,100,100,205,205,217,229,243,18,18,18,48,48,48,48,48,48,80,40,40,142,142,157,168,187,204,204,237,237,43,43,43,54,54,54,67,67,67],"floor_reached":51,"language":"ENG","playtime":12371,"items_purged":[],"score":727,"play_id":"63c56469-c2a5-41fd-b231-7a0a7d03e088","local_time":"20210212223410","is_ascension_mode":false,"campfire_choices":[{"data":"Armaments","floor":6.0,"key":"SMITH"},{"data":"Berserk","floor":15.0,"key":"SMITH"},{"data":"Demon Form","floor":23.0,"key":"SMITH"},{"floor":25.0,"key":"REST"},{"floor":28.0,"key":"REST"},{"floor":32.0,"key":"REST"},{"data":"Purity","floor":44,"key":"SMITH"},{"floor":46,"key":"REST"},{"data":"Heavy Blade","floor":49,"key":"SMITH"}],"circlet_count":0,"master_deck":["Strike_R","Strike_R","Strike_R","Strike_R","Defend_R","Defend_R","Defend_R","Defend_R","Bash","Seeing Red+1","Armaments+1","Shrug It Off","Flex","Reaper","Headbutt","Clothesline","Berserk+1","Demon Form+1","Thunderclap+1","Cleave","Heavy Blade+1","Metallicize","Impervious+1","Inflame+1","Barricade+1","Combust+1","Demon Form+1","Ghostly Armor+1","Body Slam+1","Rupture+1","Bloodletting","Purity+1","Fire Breathing+1","Pommel Strike+1","Clothesline"],"relics":["Burning Blood","Bag of Marbles","HornCleat","Darkstone Periapt","Shuriken","Ornamental Fan","Omamori","Mark of Pain","Nunchaku","Frozen Egg 2","Ancient Tea Set","Letter Opener","Bottled Lightning","Runic Pyramid","War Paint","Bronze Scales","Eternal Feather"],"acts_visited":["Exordium","TheCity","TheBeyond"],"potions_floor_usage":[45,45,50],"damage_taken":[{"damage":5.0,"enemies":"Cultist","floor":1.0,"turns":4.0},{"damage":11.0,"enemies":"Jaw Worm","floor":3.0,"turns":2.0},{"damage":2.0,"enemies":"Small Slimes","floor":4.0,"turns":4.0},{"damage":9.0,"enemies":"Blue Slaver","floor":5.0,"turns":4.0},{"damage":8.0,"enemies":"Lots of Slimes","floor":7.0,"turns":5.0},{"damage":0.0,"enemies":"Looter","floor":8.0,"turns":3.0},{"damage":2.0,"enemies":"Gremlin Nob","floor":10.0,"turns":4.0},{"damage":0.0,"enemies":"2 Fungi Beasts","floor":12.0,"turns":3.0},{"damage":15.0,"enemies":"3 Sentries","floor":14.0,"turns":9.0},{"damage":37.0,"enemies":"The Guardian","floor":16.0,"turns":11.0},{"damage":31.0,"enemies":"2 Thieves","floor":18.0,"turns":4.0},{"damage":7.0,"enemies":"Shell Parasite","floor":19.0,"turns":4.0},{"damage":18.0,"enemies":"Centurion and Healer","floor":20.0,"turns":4.0},{"damage":50.0,"enemies":"Book of Stabbing","floor":24.0,"turns":5.0},{"damage":52.0,"enemies":"Gremlin Leader","floor":30.0,"turns":8.0},{"damage":47.0,"enemies":"Automaton","floor":33.0,"turns":8.0},{"damage":6,"enemies":"Orb Walker","floor":35,"turns":3},{"damage":31,"enemies":"3 Shapes","floor":36,"turns":7},{"damage":17,"enemies":"Sphere and 2 Shapes","floor":37,"turns":5},{"damage":58,"enemies":"Jaw Worm Horde","floor":38,"turns":5},{"damage":16,"enemies":"Giant Head","floor":40,"turns":7},{"damage":55,"enemies":"Transient","floor":45,"turns":5},{"damage":13,"enemies":"Spire Growth","floor":48,"turns":4},{"damage":74,"enemies":"Time Eater","floor":50,"turns":10}],"seed_played":"-6362091489551384083","potions_obtained":[{"floor":1.0,"key":"BloodPotion"},{"floor":3.0,"key":"FearPotion"},{"floor":8.0,"key":"SkillPotion"},{"floor":10.0,"key":"LiquidBronze"},{"floor":30.0,"key":"BloodPotion"},{"floor":35,"key":"BlessingOfTheForge"},{"floor":38,"key":"Ancient Potion"},{"floor":45,"key":"Energy Potion"},{"floor":48,"key":"PowerPotion"}],"is_trial":false,"path_per_floor":["M","?","M","M","M","R","M","M","T","E","$","M","T","E","R","B",null,"M","M","M","$","?","R","E","R","T","?","R","?","E","$","R","B",null,"M","M","M","M","?","E","?","$","T","R","M","R","?","M","R","B",null],"character_chosen":"IRONCLAD","items_purchased":["Shuriken","Nunchaku","Metallicize","Combust+1","Bronze Scales","Fire Breathing+1"],"campfire_rested":4,"item_purchase_floors":[11,21,21,31,42,42],"current_hp_per_floor":[80,80,75,79,76,76,74,80,80,80,80,80,80,78,78,63,80,69,71,65,65,65,65,42,66,66,51,76,76,37,37,62,38,85,85,85,74,37,37,42,42,42,42,60,28,74,74,67,85,36],"gold":67,"neow_bonus":"HUNDRED_GOLD","is_daily":false,"chose_seed":false,"campfire_upgraded":5,"win_rate":0.0,"timestamp":1613183650,"path_taken":["M","?","M","?","M","R","M","M","T","E","$","M","?","E","R","BOSS","M","M","M","$","?","R","E","R","T","?","R","?","E","?","R","BOSS","M","M","?","M","?","E","?","$","T","R","M","R","?","M","R","BOSS"],"items_purchased_type":["Relic","Relic","Card","Card","Relic","Card"],"build_version":"2020-12-22","purchased_purges":0,"victory":true,"max_hp_per_floor":[80,80,80,80,80,80,80,80,80,80,80,80,80,80,80,80,80,80,80,80,80,80,80,80,80,80,85,85,85,85,85,85,85,85,85,85,85,85,85,85,85,85,85,85,85,85,85,85,85,85],"card_choices":[{"not_picked":["Rage","Flex"],"picked":"Seeing Red","floor":1.0},{"not_picked":["Perfected Strike","Iron Wave"],"picked":"Armaments","floor":3.0},{"not_picked":["Anger","Hemokinesis"],"picked":"Shrug It Off","floor":4.0},{"not_picked":["Rupture","Entrench"],"picked":"Pommel Strike","floor":5.0},{"not_picked":["Combust","Warcry"],"picked":"Flex","floor":7.0},{"not_picked":["Disarm","Armaments"],"picked":"Reaper","floor":8.0},{"not_picked":["Power Through","Shockwave"],"picked":"Headbutt","floor":10.0},{"not_picked":["Perfected Strike","Power Through"],"picked":"Clothesline","floor":12.0},{"not_picked":["Pommel Strike","Sever Soul"],"picked":"Berserk","floor":14.0},{"not_picked":["Juggernaut","Double Tap"],"picked":"Demon Form","floor":16.0},{"not_picked":["Anger","Body Slam"],"picked":"Thunderclap+1","floor":18.0},{"not_picked":["Pommel Strike+1","Sword Boomerang+1"],"picked":"Cleave","floor":19.0},{"not_picked":["Headbutt","Second Wind"],"picked":"Heavy Blade","floor":20.0},{"not_picked":["Pommel Strike","Headbutt"],"picked":"Impervious","floor":24.0},{"not_picked":["Battle Trance","Dropkick+1"],"picked":"Barricade+1","floor":30.0},{"not_picked":["Brutality+1","Berserk+1"],"picked":"Demon Form+1","floor":33.0},{"not_picked":["Hemokinesis","Perfected Strike"],"picked":"Ghostly Armor+1","floor":35},{"not_picked":["Spot Weakness+1","True Grit"],"picked":"Body Slam+1","floor":36},{"not_picked":["Sword Boomerang+1","Flex+1"],"picked":"Rupture+1","floor":37},{"not_picked":["Second Wind","Inflame+1"],"picked":"Bloodletting","floor":38},{"not_picked":["Brutality+1","Whirlwind+1","Offering"],"picked":"SKIP","floor":40},{"not_picked":["Enlightenment","Impatience"],"picked":"Purity","floor":41},{"not_picked":["Flex+1","Perfected Strike"],"picked":"Pommel Strike+1","floor":45},{"not_picked":["Iron Wave","Twin Strike"],"picked":"Clothesline","floor":48}],"player_experience":78589,"relics_obtained":[{"floor":2.0,"key":"Bag of Marbles"},{"floor":9.0,"key":"HornCleat"},{"floor":10.0,"key":"Darkstone Periapt"},{"floor":13.0,"key":"Ornamental Fan"},{"floor":14.0,"key":"Omamori"},{"floor":24.0,"key":"Ancient Tea Set"},{"floor":26.0,"key":"Letter Opener"},{"floor":30.0,"key":"Bottled Lightning"},{"floor":40,"key":"War Paint"},{"floor":43,"key":"Eternal Feather"}],"event_choices":[{"damage_healed":0.0,"max_hp_gain":0.0,"max_hp_loss":0.0,"gold_gain":0.0,"event_name":"Wheel of Change","player_choice":"Relic","floor":2.0,"gold_loss":0.0,"damage_taken":0.0},{"damage_healed":0.0,"max_hp_gain":0.0,"max_hp_loss":0.0,"gold_gain":0.0,"event_name":"The Mausoleum","player_choice":"Opened","floor":22.0,"gold_loss":0.0,"damage_taken":0.0,"relics_obtained":["Frozen Egg 2"]},{"damage_healed":0.0,"max_hp_gain":5.0,"max_hp_loss":0.0,"gold_gain":0.0,"event_name":"Forgotten Altar","player_choice":"Shed Blood","floor":27.0,"gold_loss":0.0,"damage_taken":20.0},{"damage_healed":0.0,"max_hp_gain":0.0,"max_hp_loss":0.0,"gold_gain":0.0,"event_name":"The Library","player_choice":"Read","floor":29.0,"gold_loss":0.0,"damage_taken":0.0,"cards_obtained":["Inflame"]},{"cards_removed":["Pommel Strike"],"damage_healed":0,"gold_gain":0,"player_choice":"Removed Attack","damage_taken":0,"max_hp_gain":0,"max_hp_loss":0,"event_name":"Falling","floor":39,"gold_loss":0},{"damage_healed":0,"gold_gain":0,"player_choice":"Memory 1","damage_taken":0,"max_hp_gain":0,"max_hp_loss":0,"event_name":"SensoryStone","floor":41,"gold_loss":0},{"cards_removed":["Strike_R"],"damage_healed":0,"gold_gain":0,"player_choice":"Purged","damage_taken":0,"max_hp_gain":0,"max_hp_loss":0,"event_name":"Purifier","floor":47,"gold_loss":0}],"is_beta":false,"boss_relics":[{"not_picked":["Snecko Eye","Black Blood"],"picked":"Mark of Pain"},{"not_picked":["Black Star","Runic Dome"],"picked":"Runic Pyramid"}],"items_purged_floors":[],"is_endless":false,"potions_floor_spawned":[1,3,8,10,14,16,19,30,35,38,45,48],"ascension_level":0}}