{"host":"8iprjuzow65cevwy","time":1613212618,"event":{"mods":["BaseMod","Colored Map","Highlight Path","Minty Spire (QoL Compilation)"],"gold_per_floor":[110,285,304,304,207,240,260,260,284,284,303,334,334,361,361,461,461,401,401,401],"floor_reached":19,"language":"ENG","playtime":997,"items_purged":["Decay"],"score":253,"play_id":"3a9ca8c5-f6f8-40ca-bcf1-1087778c9633","local_time":"20210213113658","is_ascension_mode":true,"campfire_choices":[{"data":"Genetic Algorithm","floor":8,"key":"SMITH"},{"floor":10,"key":"REST"},{"floor":15,"key":"REST"}],"circlet_count":0,"master_deck":["Strike_B","Strike_B","Strike_B","Strike_B","Defend_B","Defend_B","Defend_B","Defend_B","Zap","Dualcast","Glacier","Redo+1","Hologram","Defragment","Genetic Algorithm+1","Doom and Gloom","Biased Cognition","Beam Cell","Creative AI","Darkness"],"relics":["Cracked Core","Mango","Spirit Poop","Blood Vial","Pear","Omamori","Inserter"],"acts_visited":["Exordium","TheCity"],"potions_floor_usage":[11,12,14,14],"damage_taken":[{"damage":4,"enemies":"2 Louse","floor":1,"turns":4},{"damage":3,"enemies":"Cultist","floor":3,"turns":4},{"damage":31,"enemies":"Gremlin Nob","floor":6,"turns":5},{"damage":1,"enemies":"Small Slimes","floor":7,"turns":5},{"damage":17,"enemies":"Exordium Thugs","floor":11,"turns":6},{"damage":16,"enemies":"3 Sentries","floor":12,"turns":5},{"damage":30,"enemies":"Gremlin Nob","floor":14,"turns":4},{"damage":60,"enemies":"Hexaghost","floor":16,"turns":13},{"damage":18,"enemies":"2 Thieves","floor":18,"turns":4},{"damage":61,"enemies":"3 Byrds","floor":19,"turns":5}],"seed_played":"2681050596252958026","potions_obtained":[{"floor":3,"key":"Ancient Potion"},{"floor":6,"key":"LiquidBronze"},{"floor":7,"key":"LiquidBronze"},{"floor":12,"key":"ColorlessPotion"}],"is_trial":false,"path_per_floor":["M","?","M","?","$","E","M","R","T","R","M","E","?","E","R","B",null,"M","M"],"character_chosen":"DEFECT","items_purchased":["Hologram"],"campfire_rested":2,"item_purchase_floors":[5],"current_hp_per_floor":[85,85,82,82,82,51,52,52,52,78,63,59,59,31,60,2,75,59,0,0],"gold":401,"neow_bonus":"ONE_RARE_RELIC","is_daily":false,"chose_seed":false,"campfire_upgraded":1,"win_rate":0.0,"timestamp":1613212618,"path_taken":["M","?","M","?","$","E","?","R","T","R","M","E","?","E","R","BOSS","M","M"],"items_purchased_type":["Card"],"build_version":"2020-12-22","purchased_purges":1,"victory":false,"max_hp_per_floor":[89,89,89,89,89,89,89,89,89,89,89,99,99,99,99,99,99,99,99,99],"card_choices":[{"not_picked":["Beam Cell","Streamline"],"picked":"Glacier","floor":1},{"not_picked":["Lockon","Chaos"],"picked":"Redo","floor":3},{"not_picked":["Redo","Barrage"],"picked":"Defragment","floor":6},{"not_picked":["Stack","Recycle"],"picked":"Genetic Algorithm","floor":7},{"not_picked":["Double Energy","Hologram"],"picked":"Doom and Gloom","floor":11},{"not_picked":["BootSequence","Beam Cell"],"picked":"Biased Cognition","floor":12},{"not_picked":["Stack","Ball Lightning"],"picked":"Beam Cell","floor":14},{"not_picked":["Amplify","Echo Form"],"picked":"Creative AI","floor":16},{"not_picked":["Steam+1","Reprogram"],"picked":"Darkness","floor":18}],"player_experience":299775,"relics_obtained":[{"floor":6,"key":"Blood Vial"},{"floor":12,"key":"Pear"},{"floor":14,"key":"Omamori"}],"event_choices":[{"damage_healed":0,"gold_gain":175,"player_choice":"AGREE","damage_taken":0,"max_hp_gain":0,"max_hp_loss":0,"event_name":"Liars Game","floor":2,"gold_loss":0,"cards_obtained":["Doubt"]},{"cards_removed":["Doubt"],"damage_healed":0,"gold_gain":0,"player_choice":"Offered Curse","damage_taken":0,"relics_obtained":["Spirit Poop"],"max_hp_gain":0,"max_hp_loss":0,"event_name":"Bonfire Elementals","floor":4,"gold_loss":0},{"damage_healed":0,"gold_gain":0,"player_choice":"Forge","damage_taken":0,"max_hp_gain":0,"max_hp_loss":0,"event_name":"Accursed Blacksmith","floor":13,"gold_loss":0,"cards_upgraded":["Redo"]}],"is_beta":false,"boss_relics":[{"not_picked":["Empty Cage","Runic Pyramid"],"picked":"Inserter"}],"items_purged_floors":[5],"is_endless":false,"potions_floor_spawned":[3,6,7,12],"killed_by":"3 Byrds","ascension_level":5}}