{"host":"bg0cyinkrjnqf173","time":1613195318,"event":{"mods":["BaseMod","Colored Map","Minty Spire (QoL Compilation)","StSLib","Together in Spire"],"gold_per_floor":[112,63,77,77,7,35,49,81,81,101,101,120,45,62,62,167,217,230,87,87,87,87,122,22,22,22,22,40,40,40,68,68,163,163,181,192,192,207,225,225,225,225,249,249,265,276,290,318,318,318,318,318,64,92,92],"floor_reached":56,"language":"ENG","playtime":1863,"items_purged":["Strike_P","Strike_P"],"score":825,"play_id":"09b0f1eb-5117-40c2-bd2b-614884e8e82d","local_time":"20210213004838","is_ascension_mode":false,"campfire_choices":[{"floor":11.0,"key":"REST"},{"data":"Eruption","floor":15.0,"key":"SMITH"},{"data":"Omniscience","floor":25.0,"key":"SMITH"},{"floor":27.0,"key":"DIG"},{"floor":32.0,"key":"REST"},{"data":"Ragnarok","floor":40.0,"key":"SMITH"},{"floor":42.0,"key":"DIG"},{"floor":44.0,"key":"DIG"},{"floor":49.0,"key":"REST"},{"data":"Ragnarok","floor":52.0,"key":"SMITH"}],"circlet_count":0,"master_deck":["Strike_P+1","Strike_P","Defend_P","Defend_P","Defend_P","Defend_P","Eruption+1","Vigilance","Ragnarok+1","Crescendo","CutThroughFate","Sanctity","Evaluate","Conclude","Crescendo","CutThroughFate","Omniscience+1","CutThroughFate","Worship+1","Devotion+1","Necronomicurse","FollowUp+1","EmptyFist","Vault+1","Wish","Ragnarok+1"],"relics":["PureWater","Sundial","Mercury Hourglass","Tiny House","MutagenicStrength","Necronomicon","Ancient Tea Set","Shovel","Omamori","Bottled Lightning","Sozu","Pocketwatch","Darkstone Periapt","Oddly Smooth Stone","Shuriken","Yang","HornCleat","Gremlin Horn"],"acts_visited":[],"potions_floor_usage":[55],"damage_taken":[{"damage":0.0,"enemies":"Jaw Worm","floor":1.0,"turns":2.0},{"damage":0.0,"enemies":"Cultist","floor":3.0,"turns":1.0},{"damage":0.0,"enemies":"Lagavulin","floor":6.0,"turns":3.0},{"damage":0.0,"enemies":"Small Slimes","floor":7.0,"turns":1.0},{"damage":30.0,"enemies":"3 Sentries","floor":8.0,"turns":4.0},{"damage":0.0,"enemies":"3 Louse","floor":10.0,"turns":1.0},{"damage":0.0,"enemies":"Red Slaver","floor":12.0,"turns":1.0},{"damage":5.0,"enemies":"Exordium Thugs","floor":14.0,"turns":3.0},{"damage":23.0,"enemies":"The Guardian","floor":16.0,"turns":5.0},{"damage":30.0,"enemies":"3 Byrds","floor":18.0,"turns":4.0},{"damage":38.0,"enemies":"Slavers","floor":23.0,"turns":3.0},{"damage":0.0,"enemies":"Spheric Guardian","floor":28.0,"turns":1.0},{"damage":12.0,"enemies":"Gremlin Leader","floor":31.0,"turns":3.0},{"damage":0.0,"enemies":"Collector","floor":33.0,"turns":3.0},{"damage":0.0,"enemies":"3 Darklings","floor":35.0,"turns":1.0},{"damage":0.0,"enemies":"Orb Walker","floor":36.0,"turns":1.0},{"damage":0.0,"enemies":"Transient","floor":38.0,"turns":1.0},{"damage":0.0,"enemies":"Spire Growth","floor":39.0,"turns":1.0},{"damage":0.0,"enemies":"Jaw Worm Horde","floor":45.0,"turns":1.0},{"damage":60.0,"enemies":"Sphere and 2 Shapes","floor":46.0,"turns":1.0},{"damage":0.0,"enemies":"Transient","floor":47.0,"turns":1.0},{"damage":7.0,"enemies":"Giant Head","floor":48.0,"turns":2.0},{"damage":31.0,"enemies":"Donu and Deca","floor":50.0,"turns":3.0},{"damage":0.0,"enemies":"Shield and Spear","floor":54.0,"turns":1.0},{"damage":49,"enemies":"The Heart","floor":55,"turns":3}],"seed_played":"2193991103753419803","potions_obtained":[{"floor":4.0,"key":"Weak Potion"},{"floor":4.0,"key":"Ambrosia"},{"floor":4.0,"key":"LiquidMemories"},{"floor":8.0,"key":"Ancient Potion"},{"floor":12.0,"key":"AttackPotion"}],"is_trial":false,"path_per_floor":["M","$","M","?","$","E","M","E","T","M","R","M","$","M","R","B",null,"M","$","?","?","?","E","$","R","T","R","M","$","?","E","R","B",null,"M","M","?","M","M","R","?","R","T","R","M","M","M","E","R","B",null,"R","$","E","B",null],"character_chosen":"WATCHER","items_purchased":["Crescendo","Sanctity","Devotion","HornCleat"],"campfire_rested":3,"item_purchase_floors":[2,5,19,53],"current_hp_per_floor":[51,51,51,51,51,51,51,21,21,21,42,42,42,37,37,14,77,47,47,72,72,56,48,48,48,48,48,48,48,48,36,59,59,77,77,77,77,77,77,77,77,77,77,77,77,17,17,10,33,2,77,77,77,77,28],"gold":92,"neow_bonus":"THREE_RARE_CARDS","is_daily":false,"chose_seed":false,"campfire_upgraded":4,"win_rate":0.0,"timestamp":1613195318,"path_taken":["M","$","M","?","$","E","M","E","T","M","R","M","$","M","R","BOSS","M","$","?","?","?","E","$","R","T","R","M","$","?","E","R","BOSS","M","M","?","?","M","R","?","R","T","R","M","M","M","E","R","BOSS","R","$","E","BOSS"],"items_purchased_type":["Card","Card","Card","Relic"],"build_version":"2020-12-22","purchased_purges":2,"victory":true,"max_hp_per_floor":[72,72,72,72,72,72,72,72,72,72,72,72,72,72,72,72,77,77,77,77,77,77,77,77,77,77,77,77,77,77,77,77,77,77,77,77,77,77,77,77,77,77,77,77,77,77,77,77,77,77,77,77,77,77,77],"card_choices":[{"not_picked":["MasterReality","DeusExMachina"],"picked":"Ragnarok","floor":0.0},{"not_picked":["JustLucky","DeceiveReality","CrushJoints"],"picked":"SKIP","floor":1.0},{"not_picked":["Consecrate","Halt"],"picked":"CutThroughFate","floor":3.0},{"not_picked":["JustLucky","DeceiveReality","CrushJoints"],"picked":"SKIP","floor":6.0},{"not_picked":["Perseverance","BowlingBash"],"picked":"Evaluate","floor":7.0},{"not_picked":["Vengeance","WheelKick"],"picked":"Conclude","floor":8.0},{"not_picked":["FlyingSleeves","ConjureBlade","FearNoEvil"],"picked":"SKIP","floor":10.0},{"not_picked":["Evaluate","Consecrate"],"picked":"Crescendo","floor":12.0},{"not_picked":["Adaptation","CutThroughFate","Crescendo"],"picked":"SKIP","floor":14.0},{"not_picked":["Adaptation","Crescendo"],"picked":"CutThroughFate","floor":14.0},{"not_picked":["DevaForm","Ragnarok"],"picked":"Omniscience","floor":16.0},{"not_picked":["SignatureMove","ForeignInfluence"],"picked":"CutThroughFate","floor":17.0},{"not_picked":["ThirdEye","EmptyBody+1"],"picked":"Worship+1","floor":18.0},{"not_picked":["CrushJoints","DeceiveReality"],"picked":"FollowUp+1","floor":23.0},{"not_picked":["Crescendo","Wallop"],"picked":"EmptyFist","floor":28.0},{"not_picked":["ClearTheMind","JustLucky"],"picked":"Vault","floor":31.0},{"not_picked":["ConjureBlade","DevaForm"],"picked":"Wish","floor":33.0},{"not_picked":["Conclude+1","ReachHeaven+1","PathToVictory+1"],"picked":"SKIP","floor":35.0},{"not_picked":["ReachHeaven+1","InnerPeace","JustLucky"],"picked":"SKIP","floor":36.0},{"not_picked":["WaveOfTheHand+1","PathToVictory+1","Halt+1"],"picked":"SKIP","floor":38.0},{"not_picked":["SignatureMove","SandsOfTime+1","CutThroughFate+1"],"picked":"SKIP","floor":39.0},{"not_picked":["Conclude","EmptyFist"],"picked":"Ragnarok","floor":45.0},{"not_picked":["Consecrate","MentalFortress+1","Pray"],"picked":"SKIP","floor":46.0},{"not_picked":["JustLucky+1","Vengeance+1","WindmillStrike+1"],"picked":"SKIP","floor":47.0},{"not_picked":["JustLucky+1","DeceiveReality+1","CrushJoints+1"],"picked":"SKIP","floor":48.0},{"not_picked":["ClearTheMind+1","CutThroughFate+1","BowlingBash+1"],"picked":"SKIP","floor":54.0}],"player_experience":579605,"relics_obtained":[{"floor":6.0,"key":"Sundial"},{"floor":8.0,"key":"Mercury Hourglass"},{"floor":22.0,"key":"Necronomicon"},{"floor":23.0,"key":"Ancient Tea Set"},{"floor":26.0,"key":"Shovel"},{"floor":27.0,"key":"Omamori"},{"floor":31.0,"key":"Bottled Lightning"},{"floor":42.0,"key":"Darkstone Periapt"},{"floor":43.0,"key":"Oddly Smooth Stone"},{"floor":44.0,"key":"Shuriken"},{"floor":48.0,"key":"Yang"},{"floor":54.0,"key":"Gremlin Horn"}],"event_choices":[{"damage_healed":0.0,"max_hp_gain":0.0,"max_hp_loss":0.0,"gold_gain":0.0,"event_name":"Lab","player_choice":"Got Potions","floor":4.0,"gold_loss":0.0,"damage_taken":0.0},{"damage_healed":25.0,"max_hp_gain":0.0,"max_hp_loss":0.0,"gold_gain":0.0,"event_name":"The Library","player_choice":"Heal","floor":20.0,"gold_loss":0.0,"damage_taken":0.0},{"damage_healed":0.0,"max_hp_gain":0.0,"max_hp_loss":0.0,"gold_gain":0.0,"event_name":"Drug Dealer","player_choice":"Inject Mutagens","floor":21.0,"gold_loss":0.0,"damage_taken":0.0,"relics_obtained":["MutagenicStrength"]},{"damage_healed":0.0,"max_hp_gain":0.0,"max_hp_loss":0.0,"gold_gain":0.0,"event_name":"Cursed Tome","player_choice":"Obtained Book","floor":22.0,"gold_loss":0.0,"damage_taken":16.0},{"damage_healed":0.0,"max_hp_gain":0.0,"max_hp_loss":0.0,"gold_gain":0.0,"event_name":"Upgrade Shrine","player_choice":"Upgraded","floor":30.0,"gold_loss":0.0,"damage_taken":0.0,"cards_upgraded":["Devotion"]},{"damage_healed":0.0,"max_hp_gain":0.0,"max_hp_loss":0.0,"gold_gain":0.0,"event_name":"WeMeetAgain","player_choice":"Gave Potion","floor":37.0,"gold_loss":0.0,"damage_taken":0.0,"relics_obtained":["Pocketwatch"]},{"damage_healed":0.0,"max_hp_gain":0.0,"max_hp_loss":0.0,"gold_gain":0.0,"event_name":"Upgrade Shrine","player_choice":"Upgraded","floor":41.0,"gold_loss":0.0,"damage_taken":0.0,"cards_upgraded":["Vault"]}],"is_beta":false,"boss_relics":[{"not_picked":["SacredBark","SlaversCollar"],"picked":"Tiny House"},{"not_picked":["Empty Cage","Astrolabe"],"picked":"Sozu"}],"items_purged_floors":[13,24],"is_endless":false,"potions_floor_spawned":[7,8,12,16,18,36,45,46,47],"ascension_level":0}}