{"host":"am0cr9xwekqmrere","time":1613195422,"event":{"mods":["AchievementEnabler","Act Like it!","BaseMod","Better Altar","Better Match","Better Note","Better Sensory Stone","Better Skull","Better Third Choice","BetterRewards","Conspire","Downfall","Hubris","Infinite Spire","Minty Spire (QoL Compilation)","Rare Cards Sparkle","Spicy Shops","StSLib","Unceasing Turn Reminder"],"gold_per_floor":[99,99,99,99,0,22,22,48,89,89,89,113,13,188,213,318,318,318,337,363,363,390,390,459,559,559,559],"floor_reached":25,"language":"ENG","playtime":1089,"items_purged":[],"score":224,"play_id":"921525c9-88be-4a09-99a5-7637076a48fe","local_time":"20210212235022","is_ascension_mode":false,"campfire_choices":[{"data":"hexamod:Float","floor":1.0,"key":"SMITH"},{"floor":13.0,"key":"REST"},{"data":"hexamod:Sear","floor":18.0,"key":"SMITH"}],"circlet_count":0,"master_deck":["hexamod:Strike","hexamod:Strike","hexamod:Strike","hexamod:Strike","hexamod:Defend","hexamod:Defend","hexamod:Defend","hexamod:Defend","hexamod:Sear+1","hexamod:Float+1","hexamod:SecondSeal","hexamod:SuperheatedStrike","hexamod:FlamesFromBeyond","hexamod:EmpoweredFlame","conspire:Banana","hexamod:NecessarySacrifice+1","hexamod:AdvancingGuard","hexamod:TimeWarp","conspire:Banana","Doubt","hexamod:NecessarySacrifice","hexamod:SixthSeal","hexamod:Hexaguard+1","hexamod:Firestarter+1","CurseOfTheBell","hexamod:GhostOfSpireFuture"],"relics":["hexamod:SpiritBrand","downfall:HeartsMalice","Matryoshka","conspire:GlowingRock","hubris:Icosahedron","downfall:HeartBlessingGreen","hexamod:IceCube","Calling Bell","hubris:TenFootPole","The Courier","hubris:BundleOfHerbs","Vajra","Kunai"],"acts_visited":["Exordium","TheCity"],"potions_floor_usage":[],"damage_taken":[{"damage":0.0,"enemies":"2 Louse","floor":2.0,"turns":1.0},{"damage":0.0,"enemies":"Small Slimes","floor":3.0,"turns":1.0},{"damage":0.0,"enemies":"Cultist","floor":4.0,"turns":1.0},{"damage":0.0,"enemies":"downfall:FleeingMerchant","floor":5.0,"turns":4.0},{"damage":15.0,"enemies":"Exordium Wildlife","floor":6.0,"turns":3.0},{"damage":14.0,"enemies":"Blue Slaver","floor":8.0,"turns":3.0},{"damage":23.0,"enemies":"3 Sentries","floor":9.0,"turns":11.0},{"damage":7.0,"enemies":"2 Fungi Beasts","floor":12.0,"turns":4.0},{"damage":12.0,"enemies":"Exordium Wildlife","floor":15.0,"turns":6.0},{"damage":72.0,"enemies":"DF_ARCHETYPE_STREAMLINE","floor":16.0,"turns":11.0},{"damage":26.0,"enemies":"Spheric Guardian","floor":19.0,"turns":6.0},{"damage":31.0,"enemies":"Snake Plant","floor":20.0,"turns":4.0},{"damage":52.0,"enemies":"Snecko","floor":22.0,"turns":8.0},{"damage":35,"enemies":"Slavers","floor":25,"turns":3}],"seed_played":"317650885357215192","potions_obtained":[{"floor":6.0,"key":"hexamod:InfernoChargePotion"},{"floor":8.0,"key":"FearPotion"},{"floor":15.0,"key":"Explosive Potion"},{"floor":19.0,"key":"Strength Potion"}],"is_trial":false,"path_per_floor":["R","M","M","M","$","M","T","M","E","?","?","M","R","?","M","B",null,"R","M","M","AVR","M","?","T","E"],"character_chosen":"THE_SPIRIT","items_purchased":["conspire:Banana"],"campfire_rested":1,"item_purchase_floors":[5],"current_hp_per_floor":[70,70,70,70,70,56,56,43,21,21,21,16,38,38,28,7,79,79,55,73,73,29,29,29,0,0,0],"gold":559,"neow_bonus":"THREE_ENEMY_KILL","is_daily":false,"chose_seed":false,"campfire_upgraded":2,"win_rate":0.0,"timestamp":1613195422,"path_taken":["R","M","M","M","$","M","T","M","E","?","?","?","R","?","M","BOSS","R","M","M","AVR","M","?","T","E"],"items_purchased_type":["Card"],"build_version":"2020-12-22","purchased_purges":0,"victory":false,"max_hp_per_floor":[70,70,70,70,70,71,71,72,73,73,73,75,75,75,77,79,79,79,81,83,83,85,85,85,87,87,87],"card_choices":[{"not_picked":["hexamod:HauntingEcho","hexamod:SpectralAdrenaline"],"picked":"hexamod:SecondSeal","floor":2.0},{"not_picked":["hexamod:GhostShield","hexamod:NightmareStrike"],"picked":"hexamod:SuperheatedStrike","floor":3.0},{"not_picked":["hexamod:GhostShield","hexamod:NightmareGuise"],"picked":"hexamod:FlamesFromBeyond","floor":4.0},{"not_picked":["hexamod:GhostflameBarrier","hexamod:FlamesFromBeyond"],"picked":"hexamod:EmpoweredFlame","floor":5.0},{"not_picked":["hexamod:ShieldOfDarkness","hexamod:InspiringFlames"],"picked":"hexamod:NecessarySacrifice","floor":6.0},{"not_picked":["hexamod:NightmareGuise","hexamod:SpectralAdrenaline"],"picked":"hexamod:AdvancingGuard","floor":8.0},{"not_picked":["hexamod:SuperheatedStrike","hexamod:FlamesFromBeyond"],"picked":"hexamod:TimeWarp","floor":9.0},{"not_picked":["hexamod:InspiringFlames","hexamod:SuperheatedStrike","hexamod:GhostLash"],"picked":"SKIP","floor":12.0},{"not_picked":["hexamod:InspiringFlames","hexamod:SuperheatedStrike","hexamod:GhostLash"],"picked":"SKIP","floor":12.0},{"not_picked":["hexamod:SpectersWail","hexamod:FastForward"],"picked":"hexamod:NecessarySacrifice","floor":15.0},{"not_picked":["hexamod:TimeOfNeed","hexamod:FlameSwitch"],"picked":"hexamod:SixthSeal","floor":16.0},{"not_picked":["hexamod:EtherealExpedition","hexamod:ThermalTransfer"],"picked":"hexamod:Hexaguard+1","floor":19.0},{"not_picked":["hexamod:AdvancingGuard","hexamod:InspiringFlames"],"picked":"hexamod:Firestarter","floor":20.0},{"not_picked":["hexamod:HeatShield","hexamod:BurningTouch+1"],"picked":"hexamod:GhostOfSpireFuture","floor":22.0}],"player_experience":2782509,"relics_obtained":[{"floor":7.0,"key":"Matryoshka"},{"floor":9.0,"key":"conspire:GlowingRock"},{"floor":21.0,"key":"hubris:TenFootPole"},{"floor":21.0,"key":"The Courier"},{"floor":21.0,"key":"hubris:BundleOfHerbs"},{"floor":24.0,"key":"Vajra"},{"floor":24.0,"key":"Kunai"}],"event_choices":[],"is_beta":false,"boss_relics":[{"not_picked":["hubris:CrackedHourglass","hexamod:UnbrokenSoul"],"picked":"hexamod:IceCube"}],"items_purged_floors":[],"is_endless":false,"potions_floor_spawned":[6,8,15,19],"killed_by":"Slavers","ascension_level":0}}