{"host":"z8k0b1oqxoiri7b9","time":1613190341,"event":{"mods":["AchievementEnabler","BaseMod","Downfall","Minty Spire (QoL Compilation)","StSLib"],"gold_per_floor":[99,118,133,133,143,162,162,162,187,105,128,88,88,114,134,134,134,134],"floor_reached":16,"language":"ENG","playtime":1241,"items_purged":["hexamod:Strike"],"score":96,"play_id":"9883efde-db08-407e-8983-ac80ebe93eac","local_time":"20210213122541","is_ascension_mode":false,"campfire_choices":[{"data":"hexamod:Float","floor":1,"key":"SMITH"},{"data":"hexamod:RetreatToShadows","floor":8,"key":"SMITH"},{"data":"hexamod:EmpoweredFlame","floor":13,"key":"SMITH"}],"circlet_count":0,"master_deck":["hexamod:Strike","hexamod:Strike","hexamod:Defend","hexamod:Defend","hexamod:Defend","hexamod:Defend","hexamod:Sear","hexamod:Float+1","hexamod:RetreatToShadows+1","hexamod:SecondSeal","hexamod:FirstSeal","hexamod:EmpoweredFlame+1","hexamod:ThirdSeal"],"relics":["Runic Pyramid","Oddly Smooth Stone"],"acts_visited":["Exordium"],"potions_floor_usage":[6,6,11,12],"damage_taken":[{"damage":3,"enemies":"Jaw Worm","floor":2,"turns":4},{"damage":4,"enemies":"Cultist","floor":3,"turns":4},{"damage":0,"enemies":"2 Louse","floor":5,"turns":3},{"damage":9,"enemies":"Large Slime","floor":6,"turns":6},{"damage":12,"enemies":"3 Louse","floor":9,"turns":4},{"damage":0,"enemies":"downfall:FleeingMerchant","floor":10,"turns":4},{"damage":11,"enemies":"Exordium Thugs","floor":11,"turns":6},{"damage":3,"enemies":"downfall:FleeingMerchant","floor":12,"turns":4},{"damage":15,"enemies":"Large Slime","floor":14,"turns":9},{"damage":9,"enemies":"3 Louse","floor":15,"turns":4},{"damage":33,"enemies":"DF_ARCHETYPE_STREAMLINE","floor":16,"turns":9}],"seed_played":"-2320060072536866354","potions_obtained":[{"floor":3,"key":"hexamod:SoulburnPotion"},{"floor":5,"key":"PowerPotion"},{"floor":6,"key":"Fruit Juice"},{"floor":11,"key":"Fruit Juice"}],"is_trial":false,"path_per_floor":["R","M","M","?","M","M","T","R","M","$","M","$","R","M","M","B"],"character_chosen":"THE_SPIRIT","items_purchased":["hexamod:EmpoweredFlame"],"campfire_rested":0,"item_purchase_floors":[12],"current_hp_per_floor":[70,67,63,63,63,59,59,59,47,47,41,38,38,30,28,0,0,0],"gold":134,"neow_bonus":"BOSS_RELIC","is_daily":false,"chose_seed":false,"campfire_upgraded":3,"win_rate":0.0,"timestamp":1613190341,"path_taken":["R","M","M","?","M","?","T","R","M","$","M","$","R","M","M","BOSS"],"items_purchased_type":["Card"],"build_version":"2020-12-22","purchased_purges":1,"victory":false,"max_hp_per_floor":[70,70,70,70,70,75,75,75,75,75,80,80,80,80,80,80,80,80],"card_choices":[{"not_picked":["hexamod:NightmareGuise","hexamod:PhantomFireball","hexamod:Again"],"picked":"SKIP","floor":2},{"not_picked":["hexamod:StepThrough","hexamod:HauntingEcho"],"picked":"hexamod:RetreatToShadows","floor":3},{"not_picked":["hexamod:GhostLash","hexamod:SwordOfDarkness"],"picked":"hexamod:SecondSeal","floor":5},{"not_picked":["hexamod:HeatShield","hexamod:HauntingEcho","hexamod:GhostShield"],"picked":"SKIP","floor":6},{"not_picked":["hexamod:GhostflameBarrier","hexamod:SpectersWail","hexamod:NightmareStrike"],"picked":"SKIP","floor":9},{"not_picked":["hexamod:SecondSeal","hexamod:EtherealExpedition","hexamod:PhantomFireball"],"picked":"SKIP","floor":10},{"not_picked":["hexamod:InspiringFlames","hexamod:HeatMetal"],"picked":"hexamod:FirstSeal","floor":11},{"not_picked":["hexamod:SecondSeal","hexamod:HauntingEcho","hexamod:ParanormalForm"],"picked":"SKIP","floor":12},{"not_picked":["hexamod:BacktrackSmack","hexamod:NightmareGuise","hexamod:FastForward"],"picked":"SKIP","floor":14},{"not_picked":["hexamod:HauntingEcho","hexamod:EmpoweredFlame"],"picked":"hexamod:ThirdSeal","floor":15}],"player_experience":200131,"relics_obtained":[{"floor":7,"key":"Oddly Smooth Stone"}],"event_choices":[{"cards_removed":["hexamod:Strike"],"damage_healed":0,"gold_gain":0,"player_choice":"Offered Basic","damage_taken":0,"max_hp_gain":0,"max_hp_loss":0,"event_name":"Bonfire Elementals","floor":4,"gold_loss":0}],"is_beta":false,"boss_relics":[],"items_purged_floors":[10],"is_endless":false,"potions_floor_spawned":[3,5,6,11],"killed_by":"DF_ARCHETYPE_STREAMLINE","ascension_level":0}}