{"host":"5cyixbtuml7aoyg5","time":1613205202,"event":{"mods":["Act Like it!","BaseMod","Gensokyo","GifTheSpireLib","Hallownest","Infinite Spire","KomeijiMod","Marisa£®ÏF”Í°°ƒß¿Ì…≥£©","Minty Spire (QoL Compilation)","Pale of the Ancients","Quick Restart","Reimu£®≤©¿ˆ¡È√Œ£©","StSLib","The Administrix","The Bug Knight","Yuyuko"],"gold_per_floor":[117,117,133,147,163,163,182,159,229,229,229,229,243,0,0,96,96,108,108,108],"floor_reached":19,"language":"ZHS","playtime":1226,"items_purged":[],"score":159,"play_id":"cb42e14b-2055-4cf5-bdea-134d5b29fae3","local_time":"20210213163322","is_ascension_mode":false,"campfire_choices":[{"floor":6.0,"key":"RECALL"},{"data":"HollowMod:InfectedCysts","floor":15.0,"key":"SMITH"}],"circlet_count":0,"master_deck":["HollowMod:NailStrikeStart","HollowMod:NailStrikeStart","HollowMod:NailStrikeStart","HollowMod:NailStrikeStart","HollowMod:QuickDashStart","HollowMod:QuickDashStart","HollowMod:QuickDashStart","HollowMod:FocusHealStart","HollowMod:PogoStrike","HollowMod:GreatSlash","HollowMod:FastStrike","HollowMod:InfectedCysts+1","HollowMod:TaintedHusks","HollowMod:MothsMistake","HollowMod:DoubleDash","HollowMod:DashSlash","Gensokyo:Shovel","Gensokyo:LockedMedkit","Gensokyo:ReactiveArmor","Gensokyo:RustyChest","HollowMod:LifebloodCore","HollowMod:CycloneSlash"],"relics":["HollowMod:VesselMask","NeowsBlessing","HollowMod:MantisClawRelic","Unceasing Top","Philosopher\u0027s Stone"],"acts_visited":["Gensokyo:Gensokyo","Gensokyo:Gensokyoer"],"potions_floor_usage":[],"damage_taken":[{"damage":0.0,"enemies":"Gensokyo:3_Fairies","floor":1.0,"turns":2.0},{"damage":0.0,"enemies":"Gensokyo:2_Kodama","floor":3.0,"turns":1.0},{"damage":0.0,"enemies":"Gensokyo:Python","floor":4.0,"turns":1.0},{"damage":17.0,"enemies":"Gensokyo:CorruptedTreant","floor":5.0,"turns":3.0},{"damage":14.0,"enemies":"Gensokyo:VengefulSpirit","floor":7.0,"turns":5.0},{"damage":7.0,"enemies":"Gensokyo:LivingMonolith","floor":13.0,"turns":3.0},{"damage":48.0,"enemies":"Gensokyo:Reimu","floor":16.0,"turns":10.0},{"damage":21,"enemies":"Gensokyo:AngelMirror","floor":18,"turns":5},{"damage":8,"enemies":"Gensokyo:AngelMirror","floor":19,"turns":5}],"seed_played":"2194887715116073116","potions_obtained":[{"floor":1.0,"key":"Ancient Potion"},{"floor":7.0,"key":"GrandPatriotsElixir:ReiMu"},{"floor":13.0,"key":"ColorlessPotion"}],"is_trial":false,"path_per_floor":["M","?","M","M","M","R","M","$","T","?","?","?","M","COS","R","B",null,"M","?"],"character_chosen":"THE_BUGKNIGHT","items_purchased":["HollowMod:DoubleDash"],"campfire_rested":0,"item_purchase_floors":[8],"current_hp_per_floor":[75,68,68,68,57,57,53,53,53,38,61,61,60,60,60,22,75,60,58,58],"gold":108,"neow_bonus":"THREE_ENEMY_KILL","is_daily":false,"chose_seed":false,"campfire_upgraded":1,"win_rate":0.0,"timestamp":1613205202,"path_taken":["M","?","M","?","M","R","M","$","T","?","?","?","?","COS","R","BOSS","M","?"],"items_purchased_type":["Card"],"build_version":"2020-12-22","purchased_purges":0,"victory":false,"max_hp_per_floor":[75,75,75,75,75,75,75,75,75,75,75,75,75,75,75,75,75,75,75,75],"card_choices":[{"not_picked":["HollowMod:MantisMark","HollowMod:DashSlash"],"picked":"HollowMod:GreatSlash","floor":1.0},{"not_picked":["HollowMod:ShadowDash","HollowMod:SoulShaman"],"picked":"HollowMod:FastStrike","floor":3.0},{"not_picked":["HollowMod:LifebloodCocoon","HollowMod:InfectedAttack"],"picked":"HollowMod:InfectedCysts","floor":4.0},{"not_picked":["HollowMod:GreatSlash","HollowMod:NewJinnsSoul"],"picked":"HollowMod:TaintedHusks","floor":5.0},{"not_picked":["HollowMod:SoulSplash","HollowMod:TaintedHusks"],"picked":"HollowMod:MothsMistake","floor":7.0},{"not_picked":["HollowMod:SoulSplash","HollowMod:HowlingWraiths"],"picked":"HollowMod:DashSlash","floor":13.0},{"not_picked":["HollowMod:SoulMaster","HollowMod:MidwifesHunger"],"picked":"HollowMod:LifebloodCore","floor":16.0},{"not_picked":["HollowMod:FallenFury","HollowMod:SoulVessel"],"picked":"HollowMod:CycloneSlash","floor":18}],"player_experience":167330,"relics_obtained":[{"floor":9.0,"key":"HollowMod:MantisClawRelic"}],"event_choices":[],"is_beta":false,"boss_relics":[{"not_picked":["SacredBark","Busted Crown"],"picked":"Philosopher\u0027s Stone"}],"items_purged_floors":[],"is_endless":false,"potions_floor_spawned":[1,7,13],"killed_by":"Gensokyo:AngelMirror","ascension_level":0}}