{"host":"3hzk4hwwdropes3d","time":1613250851,"event":{"mods":["BaseMod","Downfall","Hermit","Minty Spire (QoL Compilation)","StSLib"],"gold_per_floor":[115,65,84,98,117,117,117],"floor_reached":6,"language":"ENG","playtime":305,"items_purged":[],"score":44,"play_id":"05b1cecb-b308-4f60-9099-ccb463b816a1","local_time":"20210213131411","is_ascension_mode":true,"campfire_choices":[],"circlet_count":0,"master_deck":["hermit:Strike_Hermit","hermit:Strike_Hermit","hermit:Strike_Hermit","hermit:Defend_Hermit","hermit:Defend_Hermit","hermit:Defend_Hermit","hermit:Defend_Hermit","hermit:Snapshot","hermit:Covet","hermit:Quickdraw","hermit:Quickdraw","hermit:Quickdraw","hermit:CursedWeapon"],"relics":["hermit:Momento","Orichalcum"],"acts_visited":["Exordium"],"potions_floor_usage":[],"damage_taken":[{"damage":0,"enemies":"Small Slimes","floor":1,"turns":3},{"damage":9,"enemies":"Jaw Worm","floor":3,"turns":4},{"damage":0,"enemies":"Cultist","floor":4,"turns":3},{"damage":0,"enemies":"2 Fungi Beasts","floor":5,"turns":3},{"damage":2,"enemies":"3 Sentries","floor":6,"turns":1}],"seed_played":"5177768682165418151","potions_obtained":[{"floor":4,"key":"hexamod:SoulburnPotion"}],"is_trial":false,"path_per_floor":["M","?","M","M","M","E"],"character_chosen":"HERMIT","items_purchased":[],"campfire_rested":0,"item_purchase_floors":[],"current_hp_per_floor":[75,75,66,66,66,64,64],"gold":117,"neow_bonus":"RANDOM_COMMON_RELIC","is_daily":false,"chose_seed":false,"campfire_upgraded":0,"win_rate":0.0,"timestamp":1613250851,"path_taken":["M","?","M","M","M","E"],"items_purchased_type":[],"build_version":"2020-12-22","purchased_purges":0,"victory":false,"max_hp_per_floor":[75,75,75,75,75,75,75],"card_choices":[{"not_picked":["hermit:TakeAim","hermit:Shortfuse"],"picked":"hermit:Quickdraw","floor":1},{"not_picked":["hermit:Snipe","hermit:Misfire"],"picked":"hermit:Quickdraw","floor":3},{"not_picked":["hermit:ItchyTrigger","hermit:HoleUp"],"picked":"hermit:Quickdraw","floor":4},{"not_picked":["hermit:Maintenance","hermit:SprayPray"],"picked":"hermit:CursedWeapon","floor":5}],"player_experience":391898,"relics_obtained":[],"event_choices":[{"cards_removed":["hermit:Strike_Hermit"],"damage_healed":0,"gold_gain":0,"player_choice":"Card Removal","damage_taken":0,"max_hp_gain":0,"max_hp_loss":0,"event_name":"The Cleric","floor":2,"gold_loss":50}],"is_beta":false,"boss_relics":[],"items_purged_floors":[],"is_endless":false,"potions_floor_spawned":[4],"killed_by":"3 Sentries","ascension_level":3}}