{"host":"a5lz0e76zb3fcwkm","time":1613198248,"event":{"mods":["AchievementEnabler","BaseMod","Colored Map","Colored Powertips","Minty Spire (QoL Compilation)","StSLib","SuperFastMode"],"gold_per_floor":[119,194,61,61,78,78,113,113,113,129,149,175,175,185,185,185,185],"floor_reached":16,"language":"KOR","playtime":210,"items_purged":["Strike_B"],"score":270,"play_id":"6de03b54-f8d8-4300-9be8-7b510ee93c38","local_time":"20210213153728","is_ascension_mode":true,"campfire_choices":[{"data":"Beam Cell","floor":6,"key":"SMITH"},{"data":"Gash","floor":8,"key":"SMITH"},{"data":"Gash","floor":15,"key":"SMITH"}],"circlet_count":0,"master_deck":["AscendersBane","Strike_B","Strike_B","Defend_B","Defend_B","Defend_B","Defend_B","Zap","Dualcast","Gash+1","Gash+1","Beam Cell+1","Gash","Reinforced Body","Pain","Go for the Eyes"],"relics":["Cracked Core","NeowsBlessing","Sundial","Ornamental Fan","Calipers","WarpedTongs"],"acts_visited":["Exordium"],"potions_floor_usage":[12,12,16,16],"damage_taken":[{"damage":0,"enemies":"Small Slimes","floor":1,"turns":1},{"damage":0,"enemies":"2 Louse","floor":5,"turns":1},{"damage":0,"enemies":"Lagavulin","floor":7,"turns":1},{"damage":0,"enemies":"Cultist","floor":10,"turns":3},{"damage":12,"enemies":"2 Fungi Beasts","floor":11,"turns":3},{"damage":16,"enemies":"3 Sentries","floor":12,"turns":7},{"damage":13,"enemies":"Red Slaver","floor":14,"turns":3},{"damage":23,"enemies":"Slime Boss","floor":16,"turns":5}],"seed_played":"-403737668210861784","potions_obtained":[{"floor":5,"key":"PowerPotion"},{"floor":7,"key":"Swift Potion"},{"floor":12,"key":"LiquidMemories"},{"floor":14,"key":"AttackPotion"}],"is_trial":false,"path_per_floor":["M","?","$","?","M","R","E","R","T","M","M","E","?","M","R","B"],"character_chosen":"DEFECT","items_purchased":["Gash"],"campfire_rested":0,"item_purchase_floors":[3],"current_hp_per_floor":[64,53,53,53,53,53,53,53,53,53,41,25,25,12,12,0,0],"gold":185,"neow_bonus":"THREE_ENEMY_KILL","is_daily":false,"chose_seed":false,"campfire_upgraded":3,"win_rate":0.0,"timestamp":1613198248,"path_taken":["M","?","$","?","M","R","E","R","T","?","M","E","?","M","R","BOSS"],"items_purchased_type":["Card"],"build_version":"2020-12-22","purchased_purges":1,"victory":false,"max_hp_per_floor":[71,71,71,71,71,71,71,71,71,71,71,71,71,71,71,71,71],"card_choices":[{"not_picked":["Hologram","Steam"],"picked":"Gash","floor":1},{"not_picked":["Loop","Recycle"],"picked":"Beam Cell","floor":5},{"not_picked":["Static Discharge","Leap","Cold Snap"],"picked":"SKIP","floor":7},{"not_picked":["Cold Snap","Stack","Chill"],"picked":"SKIP","floor":10},{"not_picked":["Leap","Chaos"],"picked":"Gash","floor":11},{"not_picked":["Conserve Battery","Blizzard"],"picked":"Reinforced Body","floor":12},{"not_picked":["Streamline","Steam"],"picked":"Go for the Eyes","floor":14}],"player_experience":1877391,"relics_obtained":[{"floor":7,"key":"Sundial"},{"floor":9,"key":"Ornamental Fan"},{"floor":12,"key":"Calipers"}],"event_choices":[{"damage_healed":0,"gold_gain":75,"player_choice":"Gather Gold","damage_taken":11,"max_hp_gain":0,"max_hp_loss":0,"event_name":"World of Goop","floor":2,"gold_loss":0},{"cards_removed":["Strike_B"],"damage_healed":0,"gold_gain":0,"player_choice":"Offered Basic","damage_taken":0,"max_hp_gain":0,"max_hp_loss":0,"event_name":"Bonfire Elementals","floor":4,"gold_loss":0},{"damage_healed":0,"gold_gain":0,"player_choice":"Rummage","damage_taken":0,"relics_obtained":["WarpedTongs"],"max_hp_gain":0,"max_hp_loss":0,"event_name":"Accursed Blacksmith","floor":13,"gold_loss":0,"cards_obtained":["Pain"]}],"is_beta":false,"boss_relics":[],"items_purged_floors":[3],"is_endless":false,"potions_floor_spawned":[5,7,12,14],"killed_by":"Slime Boss","ascension_level":20}}