{"host":"soyfmymeou4emntr","time":1613236769,"event":{"mods":["BaseMod","Minty Spire (QoL Compilation)","Permanent Neow","Relic Sorter","Relic Stats","StSLib"],"gold_per_floor":[117,134,134,48,63,63,98,110,147,192,259,271,283,283],"floor_reached":13,"language":"ENG","playtime":501,"items_purged":[],"score":182,"play_id":"8a5bbe30-4d6d-48d2-a0e1-6feab6b0e9a5","local_time":"20210213101929","is_ascension_mode":true,"campfire_choices":[{"floor":6,"key":"REST"},{"floor":12,"key":"REST"}],"circlet_count":0,"master_deck":["AscendersBane","Strike_B","Strike_B","Strike_B","Strike_B","Defend_B","Defend_B","Defend_B","Defend_B","Zap","Dualcast","Consume+1","Doom and Gloom","Loop","Loop","Steam"],"relics":["Philosopher\u0027s Stone","MawBank","Matryoshka","Bag of Marbles","Sundial","Ancient Tea Set","Vajra"],"acts_visited":["Exordium"],"potions_floor_usage":[7,13,13],"damage_taken":[{"damage":3.0,"enemies":"Small Slimes","floor":1.0,"turns":4.0},{"damage":7.0,"enemies":"2 Louse","floor":2.0,"turns":2.0},{"damage":8,"enemies":"Jaw Worm","floor":5,"turns":3},{"damage":34,"enemies":"Gremlin Nob","floor":7,"turns":4},{"damage":13,"enemies":"3 Sentries","floor":10,"turns":5},{"damage":39,"enemies":"Gremlin Nob","floor":13,"turns":3}],"seed_played":"6236274967453162237","potions_obtained":[{"floor":2.0,"key":"Weak Potion"},{"floor":5,"key":"SteroidPotion"},{"floor":7,"key":"Fire Potion"}],"is_trial":false,"path_per_floor":["M","M","?","$","M","R","E","?","T","E","T","R","E"],"character_chosen":"DEFECT","items_purchased":["Doom and Gloom"],"campfire_rested":2,"item_purchase_floors":[4],"current_hp_per_floor":[61,54,54,54,46,67,33,15,15,2,2,23,0,0],"gold":283,"neow_bonus":"BOSS_RELIC","is_daily":false,"chose_seed":false,"campfire_upgraded":0,"win_rate":0.0,"timestamp":1613236769,"path_taken":["M","M","?","$","M","R","E","?","T","E","?","R","E"],"items_purchased_type":["Card"],"build_version":"2020-12-22","purchased_purges":0,"victory":false,"max_hp_per_floor":[71,71,71,71,71,71,71,71,71,71,71,71,71,71],"relic_stats":{"counters":[6,20],"Sundial":[0],"MawBank":72,"obtain_stats":[{"Matryoshka":8,"Sundial":10,"Vajra":11,"Philosopher\u0027s Stone":0,"Bag of Marbles":9,"Cracked Core":0,"MawBank":7,"Ancient Tea Set":11},{"Matryoshka":4,"Sundial":5,"Vajra":5,"Philosopher\u0027s Stone":0,"Bag of Marbles":4,"Cracked Core":0,"MawBank":4,"Ancient Tea Set":5},{"Matryoshka":13,"Sundial":17,"Vajra":17,"Philosopher\u0027s Stone":0,"Bag of Marbles":13,"Cracked Core":0,"MawBank":13,"Ancient Tea Set":17}]},"card_choices":[{"not_picked":["Double Energy","Loop"],"picked":"Consume","floor":2.0},{"not_picked":["Steam","Compile Driver"],"picked":"Loop","floor":5},{"not_picked":["Go for the Eyes","Conserve Battery"],"picked":"Loop","floor":7},{"not_picked":["Rebound","Consume"],"picked":"Steam","floor":10}],"player_experience":3280285,"relics_obtained":[{"floor":7,"key":"MawBank"},{"floor":9,"key":"Bag of Marbles"},{"floor":10,"key":"Sundial"},{"floor":11,"key":"Ancient Tea Set"},{"floor":11,"key":"Vajra"}],"event_choices":[{"damage_healed":0.0,"max_hp_gain":0.0,"max_hp_loss":0.0,"gold_gain":0.0,"event_name":"Living Wall","player_choice":"Grow","floor":3.0,"gold_loss":0.0,"damage_taken":0.0,"cards_upgraded":["Consume"]},{"damage_healed":0,"gold_gain":0,"player_choice":"Success","damage_taken":18,"relics_obtained":["Matryoshka"],"max_hp_gain":0,"max_hp_loss":0,"event_name":"Scrap Ooze","floor":8,"gold_loss":0}],"is_beta":false,"boss_relics":[],"items_purged_floors":[],"is_endless":false,"potions_floor_spawned":[2,5,7],"killed_by":"Gremlin Nob","ascension_level":20}}