{"host":"362zhnvmfmhc3u7b","time":1613191302,"event":{"mods":["BaseMod","Colored Powertips","Minty Spire (QoL Compilation)","Quick Restart","Rare Cards Sparkle","StSLib"],"gold_per_floor":[112,131,150,3,19,50,50,77,77,77,111,35,35,55,55,131,131,142,142,14,96,115,115,115],"floor_reached":23,"language":"ENG","playtime":1167,"items_purged":["Strike_P"],"score":355,"play_id":"7c47e459-d82b-48c2-8013-ab47d22561ae","local_time":"20210212234142","is_ascension_mode":true,"campfire_choices":[{"floor":7,"key":"REST"},{"data":"Judgement","floor":10,"key":"SMITH"},{"floor":15,"key":"REST"}],"circlet_count":0,"master_deck":["AscendersBane","Strike_P","Strike_P","Strike_P","Defend_P","Defend_P","Defend_P","Defend_P","Eruption","Vigilance","Protect","EmptyFist","CutThroughFate","MentalFortress","CrushJoints","EmptyFist","CarveReality","Judgement+1","EmptyMind","Adaptation+1","FollowUp","CutThroughFate","Devotion","LessonLearned","SandsOfTime","EmptyBody"],"relics":["PureWater","Torii","Regal Pillow","Thread and Needle","Gambling Chip","Dead Branch","Runic Pyramid","Matryoshka"],"acts_visited":["Exordium","TheCity"],"potions_floor_usage":[6,8],"damage_taken":[{"damage":0,"enemies":"Cultist","floor":1,"turns":3},{"damage":9,"enemies":"Small Slimes","floor":2,"turns":4},{"damage":0,"enemies":"2 Louse","floor":3,"turns":2},{"damage":0,"enemies":"Large Slime","floor":5,"turns":4},{"damage":11,"enemies":"3 Sentries","floor":6,"turns":10},{"damage":16,"enemies":"Gremlin Nob","floor":8,"turns":3},{"damage":15,"enemies":"3 Sentries","floor":11,"turns":7},{"damage":0,"enemies":"Looter","floor":14,"turns":1},{"damage":14,"enemies":"Hexaghost","floor":16,"turns":8},{"damage":17,"enemies":"Shell Parasite","floor":18,"turns":5},{"damage":18,"enemies":"2 Thieves","floor":22,"turns":4},{"damage":50,"enemies":"Book of Stabbing","floor":23,"turns":6}],"seed_played":"-2522475692425759798","potions_obtained":[{"floor":3,"key":"AttackPotion"},{"floor":6,"key":"BlessingOfTheForge"},{"floor":11,"key":"Explosive Potion"}],"is_trial":false,"path_per_floor":["M","M","M","$","M","E","R","E","T","R","E","$","?","M","R","B",null,"M","?","$","T","M","E"],"character_chosen":"WATCHER","items_purchased":["MentalFortress","CrushJoints","EmptyFist","FollowUp","CutThroughFate","EmptyBody"],"campfire_rested":2,"item_purchase_floors":[4,4,4,12,12,20],"current_hp_per_floor":[43,34,34,34,34,23,58,42,42,42,27,27,27,27,62,48,63,46,68,68,68,50,0,0],"gold":115,"neow_bonus":"ONE_RARE_RELIC","is_daily":false,"chose_seed":false,"campfire_upgraded":1,"win_rate":0.0,"timestamp":1613191302,"path_taken":["M","?","M","$","M","E","R","E","T","R","E","?","?","?","R","BOSS","M","?","$","?","M","E"],"items_purchased_type":["Card","Card","Card","Card","Card","Card"],"build_version":"2020-12-22","purchased_purges":1,"victory":false,"max_hp_per_floor":[68,68,68,68,68,68,68,68,68,68,68,68,68,68,68,68,68,68,68,68,68,68,68,68],"card_choices":[{"not_picked":["Adaptation","DeceiveReality"],"picked":"Protect","floor":1},{"not_picked":["PathToVictory","Fasting2"],"picked":"EmptyFist","floor":2},{"not_picked":["Crescendo","BowlingBash"],"picked":"CutThroughFate","floor":3},{"not_picked":["ClearTheMind","Halt"],"picked":"CarveReality","floor":5},{"not_picked":["FollowUp","Study"],"picked":"Judgement","floor":6},{"not_picked":["ClearTheMind","Vengeance"],"picked":"EmptyMind","floor":8},{"not_picked":["CutThroughFate","Swivel"],"picked":"Adaptation","floor":11},{"not_picked":["ThirdEye","LikeWater"],"picked":"Devotion","floor":14},{"not_picked":["Wish","DeusExMachina"],"picked":"LessonLearned","floor":16},{"not_picked":["BowlingBash","Swivel"],"picked":"SandsOfTime","floor":18},{"not_picked":["PathToVictory","SashWhip","SandsOfTime"],"picked":"SKIP","floor":22}],"player_experience":1605418,"relics_obtained":[{"floor":6,"key":"Regal Pillow"},{"floor":8,"key":"Thread and Needle"},{"floor":9,"key":"Gambling Chip"},{"floor":11,"key":"Dead Branch"},{"floor":21,"key":"Matryoshka"}],"event_choices":[{"damage_healed":0,"gold_gain":0,"player_choice":"Forge","damage_taken":0,"max_hp_gain":0,"max_hp_loss":0,"event_name":"Accursed Blacksmith","floor":13,"gold_loss":0,"cards_upgraded":["Adaptation"]},{"damage_healed":22,"gold_gain":0,"player_choice":"Full Heal","damage_taken":0,"max_hp_gain":0,"max_hp_loss":0,"event_name":"Wheel of Change","floor":19,"gold_loss":0}],"is_beta":false,"boss_relics":[{"not_picked":["Sozu","SlaversCollar"],"picked":"Runic Pyramid"}],"items_purged_floors":[20],"is_endless":false,"potions_floor_spawned":[3,6,11],"killed_by":"Book of Stabbing","ascension_level":14}}