{"host":"7l2t4psy44vpcd9q","time":1613218729,"event":{"mods":["AchievementEnabler","BaseMod","DeckTracker","Minty Spire (QoL Compilation)","SuperFastMode"],"gold_per_floor":[118,118,136,146,162,162,221,221,300,332,332,332,3,35,35,106,106,117,117,117,129,54,83,83,83,83,112,112,132,166,184,184,256,256,270,270,270,283,297,330,330,330,330,346,376,387,387,412,412,412,412],"floor_reached":50,"language":"KOR","playtime":2090,"items_purged":["Decay"],"score":1157,"play_id":"1b826ee8-4237-4188-9f9e-2c3b0f3b820f","local_time":"20210213211849","is_ascension_mode":true,"campfire_choices":[{"data":"Uppercut","floor":6.0,"key":"SMITH"},{"data":"Flame Barrier","floor":8.0,"key":"SMITH"},{"data":"Shockwave","floor":15.0,"key":"SMITH"},{"data":"Double Tap","floor":24.0,"key":"SMITH"},{"floor":28.0,"key":"REST"},{"data":"Body Slam","floor":32.0,"key":"SMITH"},{"floor":41.0,"key":"REST"},{"data":"Sword Boomerang","floor":47,"key":"SMITH"},{"data":"Heavy Blade","floor":49,"key":"SMITH"}],"circlet_count":0,"master_deck":["AscendersBane","Strike_R+1","Strike_R+1","Defend_R+1","Defend_R+1","Defend_R+1","Bash+1","Pommel Strike","Uppercut+1","Spot Weakness","Shrug It Off+1","Sword Boomerang+1","Flame Barrier+1","Headbutt","Battle Trance","Shockwave+1","Double Tap+1","Disarm","Flame Barrier+1","Intimidate","Body Slam+1","Reaper","Anger+1","Iron Wave+1","Double Tap+1","Heavy Blade+1","Madness","Madness","Feel No Pain","Inflame+1"],"relics":["Burning Blood","War Paint","Self Forming Clay","Bag of Preparation","Vajra","Oddly Smooth Stone","Cursed Key","Torii","Enchiridion","Mango","Strawberry","Astrolabe","Anchor","Frozen Egg 2","StoneCalendar"],"acts_visited":["Exordium","TheCity","TheBeyond"],"potions_floor_usage":[],"damage_taken":[{"damage":14.0,"enemies":"Jaw Worm","floor":1.0,"turns":3.0},{"damage":1.0,"enemies":"Cultist","floor":3.0,"turns":3.0},{"damage":7.0,"enemies":"2 Louse","floor":4.0,"turns":3.0},{"damage":9.0,"enemies":"Blue Slaver","floor":5.0,"turns":3.0},{"damage":26.0,"enemies":"Gremlin Nob","floor":7.0,"turns":4.0},{"damage":23.0,"enemies":"Gremlin Nob","floor":10.0,"turns":5.0},{"damage":10.0,"enemies":"Lagavulin","floor":14.0,"turns":5.0},{"damage":21.0,"enemies":"Hexaghost","floor":16.0,"turns":6.0},{"damage":19.0,"enemies":"2 Thieves","floor":18.0,"turns":2.0},{"damage":0.0,"enemies":"3 Byrds","floor":21.0,"turns":3.0},{"damage":18.0,"enemies":"Slavers","floor":23.0,"turns":5.0},{"damage":7.0,"enemies":"Book of Stabbing","floor":27.0,"turns":3.0},{"damage":0.0,"enemies":"Centurion and Healer","floor":29.0,"turns":5.0},{"damage":25.0,"enemies":"Gremlin Leader","floor":30.0,"turns":6.0},{"damage":1.0,"enemies":"Snecko","floor":31.0,"turns":5.0},{"damage":24.0,"enemies":"Champ","floor":33.0,"turns":13.0},{"damage":36.0,"enemies":"3 Shapes","floor":35.0,"turns":2.0},{"damage":51.0,"enemies":"3 Darklings","floor":38.0,"turns":7.0},{"damage":7.0,"enemies":"Writhing Mass","floor":39.0,"turns":9.0},{"damage":38.0,"enemies":"Reptomancer","floor":40.0,"turns":6.0},{"damage":21.0,"enemies":"Transient","floor":44.0,"turns":6.0},{"damage":24,"enemies":"Giant Head","floor":45,"turns":6},{"damage":50,"enemies":"Sphere and 2 Shapes","floor":46,"turns":8},{"damage":0,"enemies":"Mind Bloom Boss Battle","floor":48,"turns":3},{"damage":77,"enemies":"Donu and Deca","floor":50,"turns":7}],"seed_played":"-7211719398209889953","potions_obtained":[{"floor":1.0,"key":"FearPotion"},{"floor":5.0,"key":"ColorlessPotion"},{"floor":10.0,"key":"LiquidBronze"},{"floor":16.0,"key":"EntropicBrew"},{"floor":21.0,"key":"LiquidMemories"},{"floor":30.0,"key":"Dexterity Potion"},{"floor":31.0,"key":"BlessingOfTheForge"},{"floor":38.0,"key":"AttackPotion"},{"floor":39.0,"key":"Regen Potion"}],"is_trial":false,"path_per_floor":["M","?","M","M","M","R","?","R","T","E","?","?","$","E","R","B",null,"M","?","?","M","$","E","R","?","T","E","R","M","E","M","R","B",null,"M","?","?","M","M","E","R","T","T","M","E","M","R","?","R","B"],"character_chosen":"IRONCLAD","items_purchased":["Vajra","Battle Trance","Inflame"],"campfire_rested":2,"item_purchase_floors":[13,13,13],"current_hp_per_floor":[60,60,65,64,61,61,41,41,41,24,49,49,49,45,45,30,64,51,51,51,57,57,45,45,24,24,37,63,69,57,62,62,44,83,96,96,79,34,33,34,62,62,62,71,80,62,62,68,68,0,0],"gold":412,"neow_bonus":"UPGRADE_CARD","is_daily":false,"chose_seed":false,"campfire_upgraded":7,"win_rate":0.0,"timestamp":1613218729,"path_taken":["M","?","M","M","?","R","?","R","T","E","?","?","?","E","R","BOSS","M","?","?","M","$","E","R","?","T","E","R","M","E","M","R","BOSS","M","?","?","M","M","E","R","?","T","M","E","M","R","?","R","BOSS"],"items_purchased_type":["Relic","Card","Card"],"build_version":"2020-12-22","purchased_purges":1,"victory":false,"max_hp_per_floor":[75,75,75,75,75,75,75,75,75,75,75,75,75,75,75,75,75,75,75,75,75,75,75,75,75,75,89,89,89,96,96,96,96,96,96,96,96,96,96,96,96,96,96,96,96,96,96,96,96,96,96],"card_choices":[{"not_picked":["Seeing Red","Power Through"],"picked":"Pommel Strike","floor":1.0},{"not_picked":["Warcry","Rupture"],"picked":"Spot Weakness","floor":3.0},{"not_picked":["Sentinel","Ghostly Armor"],"picked":"Shrug It Off","floor":4.0},{"not_picked":["Clash","Anger"],"picked":"Sword Boomerang","floor":5.0},{"not_picked":["Carnage","Combust"],"picked":"Flame Barrier","floor":7.0},{"not_picked":["Infernal Blade","Burning Pact"],"picked":"Headbutt","floor":10.0},{"not_picked":["Pommel Strike","Armaments"],"picked":"Shockwave","floor":14.0},{"not_picked":["Bludgeon","Feed"],"picked":"Double Tap","floor":16.0},{"not_picked":["Clothesline","True Grit"],"picked":"Disarm","floor":18.0},{"not_picked":["Blood for Blood","Shockwave","Power Through"],"picked":"SKIP","floor":21.0},{"not_picked":["Clash","Cleave","Body Slam"],"picked":"SKIP","floor":23.0},{"not_picked":["Havoc","Rage"],"picked":"Flame Barrier+1","floor":27.0},{"not_picked":["Blood for Blood","Clothesline","Ghostly Armor+1"],"picked":"SKIP","floor":29.0},{"not_picked":["Clothesline","Headbutt"],"picked":"Intimidate","floor":30.0},{"not_picked":["Twin Strike","Armaments"],"picked":"Body Slam","floor":31.0},{"not_picked":["Limit Break","Double Tap"],"picked":"Reaper","floor":33.0},{"not_picked":["Blood for Blood","Armaments"],"picked":"Heavy Blade","floor":35.0},{"not_picked":["Body Slam","Disarm","Carnage"],"picked":"SKIP","floor":38.0},{"not_picked":["Headbutt","Clash","Carnage+1"],"picked":"SKIP","floor":39.0},{"not_picked":["Havoc","Rupture","Twin Strike"],"picked":"SKIP","floor":40.0},{"not_picked":["Iron Wave+1","Shockwave+1"],"picked":"Feel No Pain","floor":44.0},{"not_picked":["Burning Pact","Twin Strike+1"],"picked":"Inflame+1","floor":45},{"not_picked":["Reckless Charge+1","Headbutt","Twin Strike"],"picked":"SKIP","floor":46}],"player_experience":1293425,"relics_obtained":[{"floor":7.0,"key":"War Paint"},{"floor":9.0,"key":"Self Forming Clay"},{"floor":10.0,"key":"Bag of Preparation"},{"floor":14.0,"key":"Oddly Smooth Stone"},{"floor":23.0,"key":"Torii"},{"floor":25.0,"key":"Enchiridion"},{"floor":27.0,"key":"Mango"},{"floor":30.0,"key":"Strawberry"},{"floor":40.0,"key":"Anchor"},{"floor":45,"key":"Frozen Egg 2"},{"floor":48,"key":"StoneCalendar"}],"event_choices":[{"damage_healed":0.0,"max_hp_gain":0.0,"max_hp_loss":0.0,"gold_gain":0.0,"cards_transformed":["Strike_R"],"event_name":"Transmorgrifier","player_choice":"Transformed","floor":2.0,"gold_loss":0.0,"damage_taken":0.0,"cards_obtained":["Uppercut"]},{"damage_healed":0.0,"max_hp_gain":0.0,"max_hp_loss":0.0,"gold_gain":0.0,"event_name":"Dead Adventurer","player_choice":"Searched \u00271\u0027 times","floor":7.0,"gold_loss":0.0,"damage_taken":0.0},{"damage_healed":25.0,"max_hp_gain":0.0,"max_hp_loss":0.0,"gold_gain":0.0,"event_name":"Big Fish","player_choice":"Banana","floor":11.0,"gold_loss":0.0,"damage_taken":0.0},{"damage_healed":0.0,"max_hp_gain":0.0,"max_hp_loss":0.0,"gold_gain":0.0,"event_name":"Shining Light","player_choice":"Ignored","floor":12.0,"gold_loss":0.0,"damage_taken":0.0},{"damage_healed":0.0,"max_hp_gain":0.0,"max_hp_loss":0.0,"gold_gain":0.0,"event_name":"Forgotten Altar","player_choice":"Smashed Altar","floor":19.0,"gold_loss":0.0,"damage_taken":0.0,"cards_obtained":["Decay"]},{"damage_healed":0.0,"max_hp_gain":0.0,"max_hp_loss":0.0,"gold_gain":0.0,"event_name":"Back to Basics","player_choice":"Simplicity","floor":20.0,"gold_loss":0.0,"damage_taken":0.0,"cards_upgraded":["Strike_R","Strike_R","Strike_R","Strike_R","Defend_R","Defend_R","Defend_R"]},{"damage_healed":0.0,"max_hp_gain":0.0,"max_hp_loss":0.0,"gold_gain":0.0,"event_name":"Cursed Tome","player_choice":"Obtained Book","floor":25.0,"gold_loss":0.0,"damage_taken":21.0},{"cards_removed":["Inflame"],"damage_healed":0.0,"max_hp_gain":0.0,"max_hp_loss":0.0,"gold_gain":0.0,"event_name":"Falling","player_choice":"Removed Power","floor":36.0,"gold_loss":0.0,"damage_taken":0.0},{"damage_healed":0.0,"max_hp_gain":0.0,"max_hp_loss":0.0,"gold_gain":0.0,"event_name":"Winding Halls","player_choice":"Embrace Madness","floor":37.0,"gold_loss":0.0,"damage_taken":17.0,"cards_obtained":["Madness","Madness"]},{"damage_healed":0,"gold_gain":0,"player_choice":"Fight","damage_taken":0,"max_hp_gain":0,"max_hp_loss":0,"event_name":"MindBloom","floor":48,"gold_loss":0}],"is_beta":false,"boss_relics":[{"not_picked":["Pandora\u0027s Box","Sozu"],"picked":"Cursed Key"},{"not_picked":["Runic Dome","SlaversCollar"],"picked":"Astrolabe"}],"items_purged_floors":[22],"is_endless":false,"potions_floor_spawned":[1,5,10,16,21,30,31,38,39],"killed_by":"Donu and Deca","ascension_level":20}}