{"host":"8is2j71l4wmybkoi","time":1613226432,"event":{"mods":["AchievementEnabler","BaseMod","Colored Map","DeckTracker","Minty Spire (QoL Compilation)","Rare Cards Sparkle","Relic Stats","StSLib","SuperFastMode"],"gold_per_floor":[112,112,144,172,184,231,243,270,309,321,345,392,414,55,55,132,132,145,70,70,88,88,88,99,119,119,119,119],"floor_reached":27,"language":"KOR","playtime":1160,"items_purged":["Strike_G"],"score":394,"play_id":"0f77c5e3-3308-4153-8fd7-a54480d95e34","local_time":"20210213232712","is_ascension_mode":true,"campfire_choices":[{"data":"Skewer","floor":7,"key":"SMITH"},{"floor":10,"key":"REST"},{"data":"Well Laid Plans","floor":15,"key":"SMITH"},{"floor":23,"key":"DIG"}],"circlet_count":0,"master_deck":["AscendersBane","Survivor","Neutralize","Skewer+1","Blade Dance","Backflip","Tactician","Backflip","Acrobatics","Well Laid Plans+1","Glass Knife","Footwork","Bane","Footwork","Doppelganger","Poisoned Stab","Unload","Terror","Concentrate","Blur+1","Dagger Throw","Deadly Poison"],"relics":["Ring of the Snake","NeowsBlessing","MawBank","Strawberry","War Paint","Regal Pillow","Membership Card","Shovel","Pandora\u0027s Box","Akabeko","Meat on the Bone"],"acts_visited":["Exordium","TheCity"],"potions_floor_usage":[11,12,16,16],"damage_taken":[{"damage":0,"enemies":"Small Slimes","floor":1,"turns":1},{"damage":0,"enemies":"Cultist","floor":3,"turns":1},{"damage":0,"enemies":"2 Louse","floor":4,"turns":1},{"damage":49,"enemies":"3 Sentries","floor":6,"turns":9},{"damage":1,"enemies":"Looter","floor":8,"turns":4},{"damage":0,"enemies":"Blue Slaver","floor":11,"turns":4},{"damage":12,"enemies":"Lagavulin","floor":12,"turns":6},{"damage":3,"enemies":"3 Louse","floor":13,"turns":5},{"damage":20,"enemies":"The Guardian","floor":16,"turns":15},{"damage":15,"enemies":"Shell Parasite","floor":18,"turns":5},{"damage":0,"enemies":"Chosen","floor":21,"turns":5},{"damage":19,"enemies":"3 Cultists","floor":24,"turns":6},{"damage":4,"enemies":"Chosen and Byrds","floor":25,"turns":6},{"damage":35,"enemies":"Shelled Parasite and Fungi","floor":27,"turns":4}],"seed_played":"7280617258313512965","potions_obtained":[{"floor":4,"key":"Swift Potion"},{"floor":6,"key":"FearPotion"},{"floor":11,"key":"Weak Potion"},{"floor":12,"key":"DuplicationPotion"}],"is_trial":false,"path_per_floor":["M","?","M","M","?","E","R","M","T","R","M","E","M","$","R","B",null,"M","?","?","M","?","R","M","M","T","M"],"character_chosen":"THE_SILENT","items_purchased":["Membership Card","Shovel","Well Laid Plans"],"campfire_rested":1,"item_purchase_floors":[14,14,14],"current_hp_per_floor":[59,59,59,59,64,22,22,21,21,44,44,32,29,29,29,9,61,46,46,62,62,62,62,43,39,39,4,4],"gold":119,"neow_bonus":"THREE_ENEMY_KILL","is_daily":false,"chose_seed":false,"campfire_upgraded":2,"win_rate":0.0,"timestamp":1613226432,"path_taken":["M","?","?","M","?","E","R","M","T","R","M","E","M","$","R","BOSS","M","?","?","M","?","R","M","M","T","M"],"items_purchased_type":["Relic","Relic","Card"],"build_version":"2020-12-22","purchased_purges":1,"victory":false,"max_hp_per_floor":[66,66,66,66,71,78,78,78,78,78,78,78,78,78,78,78,78,78,78,78,78,78,78,78,78,78,78,78],"relic_stats":{"Regal Pillow":0,"Shovel":1,"counters":[14,72],"Pandora\u0027s Box":["Footwork","Bane","Footwork","Doppelganger","Skewer","Poisoned Stab","Unload","Terror","Concentrate"],"War Paint":["Defend_G","Defend_G"],"MawBank":144,"obtain_stats":[{"Regal Pillow":12,"Shovel":14,"NeowsBlessing":0,"Strawberry":6,"Pandora\u0027s Box":17,"Membership Card":14,"War Paint":9,"MawBank":2,"Akabeko":23,"Ring of the Snake":0,"Meat on the Bone":26},{"Regal Pillow":7,"Shovel":8,"NeowsBlessing":0,"Strawberry":4,"Pandora\u0027s Box":9,"Membership Card":8,"War Paint":5,"MawBank":1,"Akabeko":11,"Ring of the Snake":0,"Meat on the Bone":13},{"Regal Pillow":26,"Shovel":31,"NeowsBlessing":0,"Strawberry":12,"Pandora\u0027s Box":46,"Membership Card":31,"War Paint":16,"MawBank":1,"Akabeko":56,"Ring of the Snake":0,"Meat on the Bone":68}],"Ring of the Snake":[28],"Meat on the Bone":0},"card_choices":[{"not_picked":["Quick Slash","Flechettes"],"picked":"Flying Knee","floor":1},{"not_picked":["Dagger Throw","Cloak And Dagger"],"picked":"Skewer","floor":3},{"not_picked":["Predator","Quick Slash"],"picked":"Blade Dance","floor":4},{"not_picked":["Blade Dance","Dagger Throw"],"picked":"Backflip","floor":6},{"not_picked":["Sucker Punch","Masterful Stab"],"picked":"Tactician","floor":8},{"not_picked":["Dodge and Roll","Quick Slash"],"picked":"Backflip","floor":11},{"not_picked":["Infinite Blades","Backflip"],"picked":"Acrobatics","floor":12},{"not_picked":["Dodge and Roll","Heel Hook","Masterful Stab"],"picked":"SKIP","floor":13},{"not_picked":["Doppelganger","Storm of Steel"],"picked":"Glass Knife","floor":16},{"not_picked":["Sucker Punch","Underhanded Strike","Quick Slash"],"picked":"SKIP","floor":18},{"not_picked":["Skewer","Underhanded Strike"],"picked":"Blur+1","floor":21},{"not_picked":["Blade Dance","Backflip"],"picked":"Dagger Throw","floor":24},{"not_picked":["Blade Dance","Quick Slash"],"picked":"Deadly Poison","floor":25}],"player_experience":1178314,"relics_obtained":[{"floor":6,"key":"Strawberry"},{"floor":9,"key":"War Paint"},{"floor":12,"key":"Regal Pillow"},{"floor":23,"key":"Akabeko"},{"floor":26,"key":"Meat on the Bone"}],"event_choices":[{"cards_removed":["Flying Knee"],"damage_healed":0,"gold_gain":0,"player_choice":"Gave Card","damage_taken":0,"relics_obtained":["MawBank"],"max_hp_gain":0,"max_hp_loss":0,"event_name":"WeMeetAgain","floor":2,"gold_loss":0},{"damage_healed":0,"gold_gain":0,"player_choice":"Donut","damage_taken":0,"max_hp_gain":5,"max_hp_loss":0,"event_name":"Big Fish","floor":5,"gold_loss":0},{"cards_removed":["Skewer"],"damage_healed":0,"gold_gain":0,"player_choice":"Gave Gold","damage_taken":0,"max_hp_gain":0,"max_hp_loss":0,"event_name":"Beggar","floor":19,"gold_loss":75},{"damage_healed":16,"gold_gain":0,"player_choice":"Heal","damage_taken":0,"max_hp_gain":0,"max_hp_loss":0,"event_name":"The Library","floor":20,"gold_loss":0},{"damage_healed":0,"gold_gain":0,"player_choice":"Ignored","damage_taken":0,"max_hp_gain":0,"max_hp_loss":0,"event_name":"Ghosts","floor":22,"gold_loss":0}],"is_beta":false,"boss_relics":[{"not_picked":["Busted Crown","HoveringKite"],"picked":"Pandora\u0027s Box"}],"items_purged_floors":[14],"is_endless":false,"potions_floor_spawned":[4,6,11,12,13],"killed_by":"Shelled Parasite and Fungi","ascension_level":15}}