{"host":"hpn0uxah5qjr7pa6","time":1613190597,"event":{"mods":["2.2 Compatiblity","Act Like it!","Aspiration","BaseMod","Better Third Choice","BetterRewards","Challenge The Spire","Colored Powertips","Conspire","DeckTracker","Downfall","Energized Spire","Hallownest","Hermit","Highlight Path","Hubris","Infinite Spire","Minty Spire (QoL Compilation)","Permanent Neow","Quick Restart","Rare Cards Sparkle","Replay The Spire","Spicy Shops","StSLib","The Bug Knight","The Jungle"],"gold_per_floor":[115,133,147,147,158,21,21,21,21,21],"floor_reached":8,"language":"ENG","playtime":323,"items_purged":[],"score":67,"play_id":"68f71183-28b4-428f-8c35-5c3cd6995f1d","local_time":"20210212202957","is_ascension_mode":true,"campfire_choices":[],"circlet_count":0,"master_deck":["bronze:Strike","bronze:Strike","bronze:Strike","bronze:Strike","bronze:Defend","bronze:Defend","bronze:Defend","bronze:Defend","bronze:Replicate","bronze:Goto","bronze:Replicate","Injury"],"relics":["bronze:BronzeCore","ReplayTheSpireMod:TigerMarble","Ginger","Dream Catcher"],"acts_visited":["Exordium"],"potions_floor_usage":[3],"damage_taken":[{"damage":13,"enemies":"Small Slimes","floor":1,"turns":5},{"damage":0,"enemies":"Cultist","floor":2,"turns":1},{"damage":3,"enemies":"Jaw Worm","floor":3,"turns":5},{"damage":6,"enemies":"2 Fungi Beasts","floor":5,"turns":3},{"damage":5,"enemies":"downfall:FleeingMerchant","floor":6,"turns":4},{"damage":15,"enemies":"3 Sentries","floor":8,"turns":3}],"seed_played":"4248877598754348189","potions_obtained":[{"floor":1,"key":"LiquidMemories"},{"floor":2,"key":"sneckomod:MuddlingPotion"}],"is_trial":false,"path_per_floor":["M","M","M","?","M","$","T","E"],"character_chosen":"THE_AUTOMATON","items_purchased":["Ginger"],"campfire_rested":0,"item_purchase_floors":[6],"current_hp_per_floor":[50,50,47,47,41,36,36,21,21,21],"gold":21,"neow_bonus":"RANDOM_COMMON_RELIC","is_daily":false,"chose_seed":false,"campfire_upgraded":0,"win_rate":0.0,"timestamp":1613190597,"path_taken":["M","M","M","?","?","?","T","E"],"items_purchased_type":["Relic"],"build_version":"2020-12-22","purchased_purges":0,"victory":false,"max_hp_per_floor":[70,70,70,70,70,70,70,70,70,70],"card_choices":[{"not_picked":["bronze:Shield","bronze:GetLatest","bronze:Invalidate"],"picked":"SKIP","floor":1},{"not_picked":["bronze:DarkDash","bronze:Constructor","bronze:ForLoop"],"picked":"SKIP","floor":2},{"not_picked":["bronze:Constructor","bronze:CutThrough","bronze:Overheat"],"picked":"SKIP","floor":3},{"not_picked":["bronze:Safeguard","bronze:WhirlingStrike","bronze:Terminator"],"picked":"SKIP","floor":5},{"not_picked":["bronze:Shield","bronze:Turbo","bronze:Fortify"],"picked":"SKIP","floor":6}],"player_experience":227551,"relics_obtained":[{"floor":7,"key":"Dream Catcher"}],"event_choices":[],"is_beta":false,"boss_relics":[],"items_purged_floors":[],"is_endless":false,"potions_floor_spawned":[1,2],"killed_by":"3 Sentries","ascension_level":8}}