{"host":"nuu0xlk1bpqu5s2n","time":1613232929,"event":{"mods":["AchievementEnabler","BaseMod","Minty Spire (QoL Compilation)","StSLib"],"gold_per_floor":[119,119,44,59,59,59,88,88,138,138,138,179,179,194,194,287,287,311,311,336,13,13,13,53,85,121,148,160,216,241,292,304,412,424,457,489,501,260,1259,1259,1282,1282,1306,1331,1392,1427,1440,994,994,994,994,994],"floor_reached":51,"language":"ENG","playtime":2817,"items_purged":["Strike_B","Strike_B","Normality"],"score":1528,"play_id":"8530b7ac-b8fd-4207-8dab-fb4279839b93","local_time":"20210213181529","is_ascension_mode":true,"campfire_choices":[{"data":"Glacier","floor":6.0,"key":"SMITH"},{"data":"Doom and Gloom","floor":8.0,"key":"SMITH"},{"data":"Sunder","floor":13.0,"key":"SMITH"},{"data":"Aggregate","floor":15.0,"key":"SMITH"},{"data":"Reinforced Body","floor":23.0,"key":"SMITH"},{"data":"Lockon","floor":28.0,"key":"SMITH"},{"floor":32.0,"key":"REST"},{"data":"Buffer","floor":40.0,"key":"SMITH"},{"data":"Defragment","floor":42.0,"key":"SMITH"},{"floor":49.0,"key":"RECALL"}],"circlet_count":0,"master_deck":["AscendersBane","Strike_B","Defend_B","Defend_B","Defend_B","Defend_B","Zap","Dualcast","Coolheaded+1","Glacier+1","Doom and Gloom+1","Sunder+1","Aggregate+1","Echo Form","Reinforced Body+1","Capacitor","Leap+1","Undo","Lockon+1","Sunder+1","Electrodynamics","Defragment+1","Buffer+1","Machine Learning","Capacitor"],"relics":["Cracked Core","NeowsBlessing","Omamori","Strawberry","Golden Idol","Smiling Mask","Velvet Choker","PreservedInsect","Lee\u0027s Waffle","MawBank","Pen Nib","Bottled Flame","Mango","Calling Bell","Anchor","Eternal Feather","Bird Faced Urn","Orrery","Orichalcum","Unceasing Top","Blood Vial","OrangePellets","Ancient Tea Set"],"acts_visited":["Exordium","TheCity","TheBeyond"],"potions_floor_usage":[],"damage_taken":[{"damage":0.0,"enemies":"2 Louse","floor":1.0,"turns":1.0},{"damage":0.0,"enemies":"Cultist","floor":4.0,"turns":1.0},{"damage":0.0,"enemies":"Gremlin Nob","floor":7.0,"turns":1.0},{"damage":10.0,"enemies":"3 Sentries","floor":12.0,"turns":6.0},{"damage":0.0,"enemies":"Jaw Worm","floor":14.0,"turns":3.0},{"damage":41.0,"enemies":"The Guardian","floor":16.0,"turns":10.0},{"damage":21.0,"enemies":"Spheric Guardian","floor":18.0,"turns":4.0},{"damage":7.0,"enemies":"Chosen","floor":20.0,"turns":5.0},{"damage":11.0,"enemies":"Slavers","floor":24.0,"turns":4.0},{"damage":12.0,"enemies":"Shelled Parasite and Fungi","floor":25.0,"turns":11.0},{"damage":4.0,"enemies":"Centurion and Healer","floor":27.0,"turns":4.0},{"damage":8.0,"enemies":"Book of Stabbing","floor":29.0,"turns":4.0},{"damage":6.0,"enemies":"3 Cultists","floor":30.0,"turns":4.0},{"damage":21.0,"enemies":"Slavers","floor":31.0,"turns":2.0},{"damage":45.0,"enemies":"Automaton","floor":33.0,"turns":11.0},{"damage":4.0,"enemies":"3 Shapes","floor":35.0,"turns":7.0},{"damage":8.0,"enemies":"Orb Walker","floor":36.0,"turns":6.0},{"damage":46.0,"enemies":"Jaw Worm Horde","floor":41.0,"turns":3.0},{"damage":34.0,"enemies":"2 Orb Walkers","floor":45.0,"turns":5.0},{"damage":0.0,"enemies":"Reptomancer","floor":46.0,"turns":6.0},{"damage":12.0,"enemies":"Sphere and 2 Shapes","floor":47.0,"turns":4.0},{"damage":59.0,"enemies":"Donu and Deca","floor":50.0,"turns":14.0},{"damage":54,"enemies":"Awakened One","floor":51,"turns":3}],"seed_played":"1660256771831724342","potions_obtained":[{"floor":1.0,"key":"PotionOfCapacity"},{"floor":7.0,"key":"FocusPotion"},{"floor":12.0,"key":"PowerPotion"},{"floor":16.0,"key":"FairyPotion"},{"floor":29.0,"key":"Block Potion"},{"floor":30.0,"key":"LiquidMemories"},{"floor":33.0,"key":"Fire Potion"}],"is_trial":false,"path_per_floor":["M","?","$","M","$","R","E","R","T","?","?","E","R","M","R","B",null,"M","?","M","$","?","R","E","M","T","M","R","E","M","E","R","B",null,"M","M","?","$","?","R","M","R","T","T","?","E","M","$","R","B","B"],"character_chosen":"DEFECT","items_purchased":["PreservedInsect","Lee\u0027s Waffle","Defragment","Orrery","OrangePellets","Ancient Tea Set","Capacitor"],"campfire_rested":1,"item_purchase_floors":[21,21,38,38,48,48,48],"current_hp_per_floor":[64,64,64,64,64,64,64,64,71,71,71,61,61,61,61,20,58,37,37,30,78,78,78,67,55,55,51,51,43,37,30,57,12,72,74,74,64,64,64,76,40,52,52,52,30,38,38,38,53,12,0,0],"gold":994,"neow_bonus":"THREE_ENEMY_KILL","is_daily":false,"chose_seed":false,"campfire_upgraded":8,"win_rate":0.0,"timestamp":1613232929,"path_taken":["M","?","$","?","$","R","E","R","T","?","?","E","R","M","R","BOSS","M","?","M","$","?","R","E","?","T","M","R","E","M","E","R","BOSS","M","M","?","$","?","R","?","R","T","?","?","E","?","$","R","BOSS","BOSS"],"items_purchased_type":["Relic","Relic","Card","Relic","Relic","Relic","Card"],"build_version":"2020-12-22","purchased_purges":3,"victory":false,"max_hp_per_floor":[71,71,71,71,71,71,71,71,78,71,71,71,71,71,71,71,71,71,71,71,78,78,78,78,78,78,78,78,78,78,92,92,92,92,92,92,92,92,92,92,92,92,92,92,92,92,92,92,92,92,92,92],"card_choices":[{"not_picked":["Blizzard","Chaos"],"picked":"Coolheaded","floor":1.0},{"not_picked":["Sweeping Beam","Blizzard"],"picked":"Glacier","floor":4.0},{"not_picked":["Cold Snap","Hologram"],"picked":"Doom and Gloom","floor":7.0},{"not_picked":["Storm","All For One"],"picked":"Sunder","floor":12.0},{"not_picked":["Sweeping Beam","Stack"],"picked":"Aggregate","floor":14.0},{"not_picked":["Rainbow","Thunder Strike"],"picked":"Echo Form","floor":16.0},{"not_picked":["Compile Driver","Streamline"],"picked":"Reinforced Body","floor":18.0},{"not_picked":["Barrage","Coolheaded"],"picked":"Capacitor","floor":20.0},{"not_picked":["Hologram","Gash"],"picked":"Leap+1","floor":24.0},{"not_picked":["Compile Driver","Barrage"],"picked":"Undo","floor":25.0},{"not_picked":["Blizzard","Steam Power"],"picked":"Lockon","floor":27.0},{"not_picked":["Chaos","Static Discharge","Tempest"],"picked":"SKIP","floor":29.0},{"not_picked":["Streamline","Gash"],"picked":"Sunder+1","floor":30.0},{"not_picked":["Barrage","Sweeping Beam","Compile Driver"],"picked":"SKIP","floor":31.0},{"not_picked":["Seek","Hyperbeam"],"picked":"Electrodynamics","floor":33.0},{"not_picked":["Streamline","Redo","Genetic Algorithm"],"picked":"SKIP","floor":35.0},{"not_picked":["Blizzard","Fusion","Compile Driver"],"picked":"SKIP","floor":36.0},{"not_picked":["Rebound","Hologram"],"picked":"Buffer","floor":38.0},{"not_picked":["Storm","Genetic Algorithm","Barrage"],"picked":"SKIP","floor":41.0},{"not_picked":["Ball Lightning+1","Tempest+1"],"picked":"Machine Learning","floor":46.0},{"not_picked":["Sweeping Beam+1","Ball Lightning+1","Turbo"],"picked":"SKIP","floor":47.0}],"player_experience":551136,"relics_obtained":[{"floor":7.0,"key":"Omamori"},{"floor":9.0,"key":"Strawberry"},{"floor":12.0,"key":"Smiling Mask"},{"floor":24.0,"key":"MawBank"},{"floor":26.0,"key":"Pen Nib"},{"floor":29.0,"key":"Bottled Flame"},{"floor":31.0,"key":"Mango"},{"floor":34.0,"key":"Anchor"},{"floor":34.0,"key":"Eternal Feather"},{"floor":34.0,"key":"Bird Faced Urn"},{"floor":44.0,"key":"Orichalcum"},{"floor":45.0,"key":"Unceasing Top"},{"floor":46.0,"key":"Blood Vial"}],"event_choices":[{"damage_healed":0.0,"max_hp_gain":0.0,"max_hp_loss":0.0,"gold_gain":0.0,"event_name":"Upgrade Shrine","player_choice":"Upgraded","floor":2.0,"gold_loss":0.0,"damage_taken":0.0,"cards_upgraded":["Coolheaded"]},{"damage_healed":0.0,"max_hp_gain":0.0,"max_hp_loss":7.0,"gold_gain":0.0,"event_name":"Golden Idol","player_choice":"Lose Max HP","floor":10.0,"gold_loss":0.0,"damage_taken":0.0,"relics_obtained":["Golden Idol"]},{"cards_removed":["Strike_B"],"damage_healed":0.0,"max_hp_gain":0.0,"max_hp_loss":0.0,"gold_gain":0.0,"event_name":"Bonfire Elementals","player_choice":"Offered Basic","floor":11.0,"gold_loss":0.0,"damage_taken":0.0},{"damage_healed":0.0,"max_hp_gain":0.0,"max_hp_loss":0.0,"gold_gain":0.0,"event_name":"Beggar","player_choice":"Ignored","floor":19.0,"gold_loss":0.0,"damage_taken":0.0},{"damage_healed":0.0,"max_hp_gain":0.0,"max_hp_loss":0.0,"gold_gain":0.0,"event_name":"FaceTrader","player_choice":"Leave","floor":22.0,"gold_loss":0.0,"damage_taken":0.0},{"damage_healed":0.0,"max_hp_gain":0.0,"max_hp_loss":0.0,"gold_gain":0.0,"event_name":"SensoryStone","player_choice":"Memory 3","floor":37.0,"gold_loss":0.0,"damage_taken":10.0},{"damage_healed":0.0,"max_hp_gain":0.0,"max_hp_loss":0.0,"gold_gain":999.0,"event_name":"MindBloom","player_choice":"Gold","floor":39.0,"gold_loss":0.0,"damage_taken":0.0,"cards_obtained":["Normality","Normality"]},{"damage_healed":0.0,"max_hp_gain":0.0,"max_hp_loss":0.0,"gold_gain":0.0,"event_name":"Mysterious Sphere","player_choice":"Fight","floor":45.0,"gold_loss":0.0,"damage_taken":0.0}],"is_beta":false,"boss_relics":[{"not_picked":["Ectoplasm","Runic Dome"],"picked":"Velvet Choker"},{"not_picked":["Pandora\u0027s Box","Astrolabe"],"picked":"Calling Bell"}],"items_purged_floors":[3,38,48],"is_endless":false,"potions_floor_spawned":[1,7,12,16,20,29,30,33,45,47],"killed_by":"Awakened One","ascension_level":20}}