{"host":"e4wnmsyty9uvvtwf","time":1613186893,"event":{"mods":["Act Like it!","BaseMod","Colored Map","Colored Powertips","Gensokyo","Koishi","Minty Spire (QoL Compilation)","StSLib"],"gold_per_floor":[114,39,56,71,6,31,111,111,111,148,373,385,497,543,555,644,656,679,703,735,153,153,153,153],"floor_reached":23,"language":"ZHS","playtime":746,"items_purged":["Regret"],"score":334,"play_id":"9bfbb436-c81f-4e61-93e8-61e80fe21518","local_time":"20210213112813","is_ascension_mode":true,"campfire_choices":[{"data":"Sadistic Nature","floor":8,"key":"SMITH"},{"data":"Koishi:StingingMind","floor":12,"key":"SMITH"},{"data":"Koishi:UnconsciousUrges","floor":15,"key":"SMITH"}],"circlet_count":0,"master_deck":["AscendersBane","Koishi:BasicStrike","Koishi:BasicStrike","Koishi:BasicStrike","Koishi:BasicStrike","Koishi:BasicDefend","Koishi:BasicDefend","Koishi:BasicDefend","Koishi:BasicDefend","Koishi:Provoke","Koishi:HauntingSlash","Sadistic Nature+1","Koishi:BloodcurdlingScream","Koishi:StingingMind+1","Koishi:DNAsFlaw","Koishi:RuptureMind","Koishi:UnconsciousUrges+1","Koishi:Vanish","Koishi:TerrifyingSpectre","Koishi:UnseenTerror","Koishi:TremblingHands"],"relics":["Koishi:ImaginaryFriend","HornCleat","MawBank","Happy Flower","Girya","Lantern","Black Star","PreservedInsect","CaptainsWheel","Toolbox","White Beast Statue"],"acts_visited":["Exordium","Gensokyo:Gensokyo"],"potions_floor_usage":[19],"damage_taken":[{"damage":6,"enemies":"Gensokyo:3_Fairies","floor":1,"turns":5},{"damage":9,"enemies":"Gensokyo:Gryphon","floor":3,"turns":4},{"damage":0,"enemies":"Gensokyo:Python","floor":4,"turns":4},{"damage":30,"enemies":"Gensokyo:Aya","floor":6,"turns":6},{"damage":31,"enemies":"Gensokyo:Cirno","floor":10,"turns":6},{"damage":3,"enemies":"Gensokyo:2_Rabbits","floor":11,"turns":5},{"damage":2,"enemies":"Gensokyo:Aya","floor":14,"turns":3},{"damage":18,"enemies":"Gensokyo:Yukari","floor":16,"turns":8},{"damage":5,"enemies":"Gensokyo:Chomper","floor":18,"turns":5},{"damage":9,"enemies":"Gensokyo:AngelMirror","floor":19,"turns":4},{"damage":37,"enemies":"Gensokyo:Slime_Group","floor":20,"turns":5},{"damage":6,"enemies":"Gensokyo:Tenshi","floor":23,"turns":1}],"seed_played":"-9097348203240121303","potions_obtained":[{"floor":4,"key":"FairyPotion"},{"floor":10,"key":"Fire Potion"},{"floor":14,"key":"EssenceOfSteel"}],"is_trial":false,"path_per_floor":["M","$","M","M","COS","E","?","R","T","E","M","R","?","E","R","B",null,"M","M","M","$","T","E"],"character_chosen":"KOISHI","items_purchased":["PreservedInsect","CaptainsWheel","Toolbox"],"campfire_rested":0,"item_purchase_floors":[21,21,21],"current_hp_per_floor":[47,47,39,40,40,20,20,20,20,17,23,23,23,26,26,20,48,48,39,2,2,2,0,0],"gold":153,"neow_bonus":"RANDOM_COLORLESS_2","is_daily":false,"chose_seed":false,"campfire_upgraded":3,"win_rate":0.0,"timestamp":1613186893,"path_taken":["M","$","M","M","COS","E","?","R","T","E","M","R","?","E","R","BOSS","M","M","M","$","?","E"],"items_purchased_type":["Relic","Relic","Relic"],"build_version":"2020-12-22","purchased_purges":1,"victory":false,"max_hp_per_floor":[57,57,57,57,57,57,57,57,57,57,57,57,57,57,57,57,57,57,57,57,57,57,57,57],"card_choices":[{"not_picked":["Secret Weapon","The Bomb"],"picked":"Sadistic Nature","floor":0},{"not_picked":["Koishi:SubterraneanRose","Koishi:UnansweredLove"],"picked":"Koishi:BloodcurdlingScream","floor":1},{"not_picked":["Koishi:UnansweredLove","Koishi:SpiritedAway"],"picked":"Koishi:StingingMind","floor":3},{"not_picked":["Koishi:UnansweredLove","Koishi:BloodcurdlingScream"],"picked":"Koishi:DNAsFlaw","floor":4},{"not_picked":["Koishi:SubterraneanRose","Koishi:LastRemote"],"picked":"Koishi:RuptureMind","floor":6},{"not_picked":["Koishi:SpiritedAway","Koishi:ReflexRadar","Koishi:FidgetySnatcher"],"picked":"SKIP","floor":10},{"not_picked":["Koishi:ApparitionsStalkTheNight","Koishi:CatchAndRose"],"picked":"Koishi:UnconsciousUrges","floor":11},{"not_picked":["Koishi:JumpScare","Koishi:StingingMind"],"picked":"Koishi:Vanish","floor":14},{"not_picked":["Koishi:SuperEgo","Koishi:Heartbroken"],"picked":"Koishi:TerrifyingSpectre","floor":16},{"not_picked":["Koishi:StrangeCloudFist","Koishi:CatchAndRose"],"picked":"Koishi:UnseenTerror","floor":18},{"not_picked":["Koishi:EmbryosDream","Koishi:RacingHeart+1"],"picked":"Koishi:TremblingHands","floor":19},{"not_picked":["Koishi:StingingMind","Koishi:Jaunt","Koishi:Prune"],"picked":"SKIP","floor":20}],"player_experience":562690,"relics_obtained":[{"floor":6,"key":"HornCleat"},{"floor":9,"key":"MawBank"},{"floor":10,"key":"Girya"},{"floor":14,"key":"Lantern"},{"floor":22,"key":"White Beast Statue"}],"event_choices":[],"is_beta":false,"boss_relics":[{"not_picked":["Runic Dome","Snecko Eye"],"picked":"Black Star"}],"items_purged_floors":[2],"is_endless":false,"potions_floor_spawned":[4,10,14],"killed_by":"Gensokyo:Tenshi","ascension_level":14}}