{"host":"lsq35p0sdkx2xifo","time":1613226387,"event":{"mods":["AchievementEnabler","BaseMod","Highlight Path","Minty Spire (QoL Compilation)","StSLib"],"gold_per_floor":[119,5,5,5,16,41,41,41,41,41,61,92,92,104,104,179,179,119,119,119,119,119,119],"floor_reached":22,"language":"ENG","playtime":903,"items_purged":[],"score":413,"play_id":"d4324cce-0964-4563-a78d-8c6b840b6572","local_time":"20210213062627","is_ascension_mode":true,"campfire_choices":[{"floor":8,"key":"REST"},{"floor":13,"key":"REST"},{"floor":15,"key":"REST"}],"circlet_count":0,"master_deck":["AscendersBane","Strike_R","Strike_R","Strike_R","Defend_R","Defend_R","Defend_R","Defend_R","Bash","Headbutt","Spot Weakness+1","Cleave","Flame Barrier","Feed","Metallicize","Heavy Blade","Carnage","Feed","Armaments","Headbutt+1","Double Tap"],"relics":["Burning Blood","Vajra","Matryoshka","Boot","Ectoplasm"],"acts_visited":["Exordium","TheCity"],"potions_floor_usage":[5,14,16],"damage_taken":[{"damage":6,"enemies":"Jaw Worm","floor":1,"turns":5},{"damage":19,"enemies":"Small Slimes","floor":5,"turns":4},{"damage":30,"enemies":"3 Sentries","floor":6,"turns":8},{"damage":7,"enemies":"Cultist","floor":11,"turns":4},{"damage":50,"enemies":"Gremlin Nob","floor":12,"turns":5},{"damage":0,"enemies":"Red Slaver","floor":14,"turns":2},{"damage":47,"enemies":"Hexaghost","floor":16,"turns":9},{"damage":20,"enemies":"2 Thieves","floor":18,"turns":3},{"damage":16,"enemies":"Spheric Guardian","floor":19,"turns":4},{"damage":51,"enemies":"Shelled Parasite and Fungi","floor":21,"turns":6},{"damage":27,"enemies":"Snecko","floor":22,"turns":3}],"seed_played":"-4291589695506002140","potions_obtained":[{"floor":5,"key":"Fruit Juice"},{"floor":6,"key":"Dexterity Potion"},{"floor":12,"key":"DistilledChaos"}],"is_trial":false,"path_per_floor":["M","$","?","?","M","E","?","R","T","$","M","E","R","M","R","B",null,"M","M","?","M","M"],"character_chosen":"IRONCLAD","items_purchased":["Spot Weakness","Cleave"],"campfire_rested":3,"item_purchase_floors":[2,2],"current_hp_per_floor":[75,75,75,68,60,36,36,62,62,62,64,20,47,53,80,39,77,63,56,56,14,0,0],"gold":119,"neow_bonus":"TEN_PERCENT_HP_BONUS","is_daily":false,"chose_seed":false,"campfire_upgraded":0,"win_rate":0.0,"timestamp":1613226387,"path_taken":["M","$","?","?","M","E","?","R","T","?","M","E","R","?","R","BOSS","M","M","?","M","M"],"items_purchased_type":["Card","Card"],"build_version":"2020-12-22","purchased_purges":0,"victory":false,"max_hp_per_floor":[82,82,82,82,87,87,87,87,87,87,90,90,90,90,90,90,90,90,93,93,96,96,96],"card_choices":[{"not_picked":["Seeing Red","Thunderclap"],"picked":"Headbutt","floor":1},{"not_picked":["Wild Strike","Blood for Blood"],"picked":"Flame Barrier","floor":5},{"not_picked":["Wild Strike","Flex"],"picked":"Feed","floor":6},{"not_picked":["Pommel Strike","Headbutt"],"picked":"Metallicize","floor":11},{"not_picked":["True Grit","Perfected Strike"],"picked":"Heavy Blade","floor":12},{"not_picked":["Impervious","Clothesline"],"picked":"Carnage","floor":14},{"not_picked":["Juggernaut","Brutality"],"picked":"Feed","floor":16},{"not_picked":["Wild Strike","Headbutt"],"picked":"Armaments","floor":18},{"not_picked":["Havoc","Anger"],"picked":"Headbutt+1","floor":19},{"not_picked":["Cleave","Pummel"],"picked":"Double Tap","floor":21}],"player_experience":1280293,"relics_obtained":[{"floor":6,"key":"Vajra"},{"floor":9,"key":"Matryoshka"},{"floor":12,"key":"Boot"}],"event_choices":[{"damage_healed":0,"gold_gain":0,"player_choice":"Grow","damage_taken":0,"max_hp_gain":0,"max_hp_loss":0,"event_name":"Living Wall","floor":3,"gold_loss":0,"cards_upgraded":["Spot Weakness"]},{"cards_removed":["Strike_R"],"damage_healed":0,"gold_gain":0,"player_choice":"Card Removal","damage_taken":7,"max_hp_gain":0,"max_hp_loss":0,"event_name":"Golden Wing","floor":4,"gold_loss":0},{"damage_healed":0,"gold_gain":0,"player_choice":"Fled","damage_taken":0,"max_hp_gain":0,"max_hp_loss":0,"event_name":"Scrap Ooze","floor":7,"gold_loss":0},{"cards_removed":["Strike_R"],"damage_healed":0,"gold_gain":0,"player_choice":"Offered Basic","damage_taken":0,"max_hp_gain":0,"max_hp_loss":0,"event_name":"Bonfire Elementals","floor":20,"gold_loss":0}],"is_beta":false,"boss_relics":[{"not_picked":["Coffee Dripper","Runic Dome"],"picked":"Ectoplasm"}],"items_purged_floors":[],"is_endless":false,"potions_floor_spawned":[5,6,12],"killed_by":"Snecko","ascension_level":20}}