{"host":"yfdtuf6ojcxn06xg","time":1613185794,"event":{"mods":["2.2 Compatiblity","AchievementEnabler","BaseMod","Colored Map","Colored Powertips","Curses Come First","Hermit","JesterMod","Jorbs\u0027s Wanderer Trilogy","Minty Spire (QoL Compilation)","Quick Restart","Rare Cards Sparkle","Relic Stats","Replay The Spire","StSLib","The Cursed","The Disciple","The Hierophant","The Jungle","The Marked","The Necromancer","The Servant 0.9.4"],"gold_per_floor":[116,116,48,66,79,79,79],"floor_reached":6,"language":"ENG","playtime":242,"items_purged":[],"score":36,"play_id":"54ce3e57-c7a4-4e2d-9693-d9e4075a7a73","local_time":"20210212220954","is_ascension_mode":false,"campfire_choices":[],"circlet_count":0,"master_deck":["Strike_P","Strike_P","Strike_P","Strike_P","Defend_P","Defend_P","Defend_P","Defend_P","Eruption","Vigilance","Replay:AtTheReady","Replay:DivineShield","Halt","Indignation"],"relics":["PureWater","NeowsBlessing"],"acts_visited":["Exordium"],"potions_floor_usage":[],"damage_taken":[{"damage":0,"enemies":"Cultist","floor":1,"turns":1},{"damage":0,"enemies":"Small Slimes","floor":4,"turns":1},{"damage":0,"enemies":"Jaw Worm","floor":5,"turns":1},{"damage":1,"enemies":"Lagavulin","floor":6,"turns":5}],"seed_played":"-5684134304530750873","potions_obtained":[{"floor":4,"key":"Dexterity Potion"}],"is_trial":false,"path_per_floor":["M","?","$","M","M","E"],"character_chosen":"WATCHER","items_purchased":["Replay:DivineShield"],"campfire_rested":0,"item_purchase_floors":[3],"current_hp_per_floor":[72,72,72,72,72,71,71],"gold":79,"neow_bonus":"THREE_ENEMY_KILL","is_daily":false,"chose_seed":false,"campfire_upgraded":0,"win_rate":0.0,"timestamp":1613185794,"path_taken":["M","?","$","?","M","E"],"items_purchased_type":["Card"],"build_version":"2020-12-22","purchased_purges":0,"victory":false,"max_hp_per_floor":[72,72,72,72,72,72,72],"relic_stats":{"counters":[4,8],"obtain_stats":[{"NeowsBlessing":0,"PureWater":0},{"NeowsBlessing":0,"PureWater":0},{"NeowsBlessing":0,"PureWater":0}]},"card_choices":[{"not_picked":["Replay:BluntJabs","SashWhip"],"picked":"Replay:AtTheReady","floor":1},{"not_picked":["WheelKick","SandsOfTime"],"picked":"Halt","floor":4},{"not_picked":["FollowUp","BowlingBash"],"picked":"Indignation","floor":5}],"player_experience":262567,"relics_obtained":[],"event_choices":[{"damage_healed":0,"gold_gain":0,"player_choice":"Bought 0 Potions","damage_taken":0,"max_hp_gain":0,"max_hp_loss":0,"event_name":"The Woman in Blue","floor":2,"gold_loss":0}],"is_beta":false,"boss_relics":[],"items_purged_floors":[],"is_endless":false,"potions_floor_spawned":[4],"killed_by":"Lagavulin","ascension_level":0}}