{"host":"3e3mwsgb9gfqiuxm","time":1613255360,"event":{"mods":["Act Like it!","BaseMod","Colored Map","Colored Powertips","Downfall","Gensokyo","Hermit","Hubris","Infinite Spire","Jorbs\u0027s Wanderer Trilogy","Koishi","Marisa????????","Minty Spire (QoL Compilation)","Quick Restart","Rare Cards Sparkle","Reimu??????","Remilia??????","Replay The Spire","Shop Mod","StSLib","SuperFastMode","Td1madao Mod","The Animator","The Bug Knight","The Cursed","The Hierophant","The Servant 0.9.4","everything is the same but u backflip on backflip","slay the spire mod where everything is the same but ironclad has a cowboy hat"],"gold_per_floor":[119,119,130,149,149,149,179,104,104,139,139,210,221,221,221,330,330,348,388,338,386,447,511,511,574,625,625,675,308,308,206,206,366,366,407,503,543,619,646,646,728,728,751,829,829,866,956,1033,1090,1251,1251,1251],"floor_reached":51,"language":"ENG","playtime":3339,"items_purged":["Strike_MRS","Pain","Strike_MRS"],"score":1377,"play_id":"f3cb01fb-d479-4c1d-b98b-d46ab70ba4df","local_time":"20210213172920","is_ascension_mode":true,"campfire_choices":[{"data":"MysteriousBeam","floor":6.0,"key":"SMITH"},{"data":"SprinkleStarSeal","floor":15.0,"key":"SMITH"},{"data":"1","floor":27.0,"key":"LIFT"},{"data":"2","floor":32,"key":"LIFT"},{"data":"SuperNova","floor":40,"key":"SMITH"},{"data":"3","floor":42,"key":"LIFT"},{"floor":45,"key":"RECALL"}],"circlet_count":0,"master_deck":["Strike_MRS","Defend_MRS","Defend_MRS","Defend_MRS","Defend_MRS","MasterSpark","ShootingEcho","OortCloud","MysteriousBeam+1","Gensokyo:MarisaTwilightSpark","Parasite","Parasite","EventHorizon","SprinkleStarSeal+1","DragonMeteor","JA+1","TreasureHunter","GasGiant","ShootingEcho","SuperNova+1","MysteriousBeam+1","WitchLeyline+1","MagicChant","EnergyFlow","WitchOfGreed","BinaryStars","Acceleration+1","AsteroidBelt+1","WitchLeyline+1","EnergyFlow+1","WitchOfGreed+1","hubris:Rewind","MillisecondPulsars"],"relics":["MiniHakkero","HandmadeGrimoire","AmplifyWand","ExperimentalFamiliar","RampagingMagicTools","MagicBroom","Yang","Omamori","BigShroomBag","Gensokyo:Mercy","Girya","Gremlin Horn","infinitespire:Midas Blood","Gensokyo:LunaticRedEyes","Philosopher\u0027s Stone","Replay:Bandana","RedLine:ReiMu","Black Star","ReplayTheSpireMod:Shallot","hubris:64BitClover","Dream Catcher","hubris:Towel","Nunchaku","Potion Belt","Smiling Mask","Molten Egg 2","Art of War","hubris:EmptyBottle","hubris:Backtick","Ice Cream","SimpleLauncher","BreadOfAWashokuLover","Gremlin Food","Replay:Ringing Soul","Singing Bowl","Oddly Smooth Stone","Toy Ornithopter","hubris:BottledRain","Mercury Hourglass","Letter Opener","Replay:Wax Seal","infinitespire:Lucky Rock","Pocketwatch","infinitespire:CursedDice","hubris:BlackHole"],"acts_visited":["Gensokyo:Gensokyo","Gensokyo:Gensokyoer","TheBeyond","Gensokyo:Gensokyo"],"potions_floor_usage":[33,33,33,33,41,44,44,47,47,50],"damage_taken":[{"damage":0.0,"enemies":"Gensokyo:2_Kodama","floor":1.0,"turns":2.0},{"damage":0.0,"enemies":"Gensokyo:Gryphon","floor":3.0,"turns":1.0},{"damage":0.0,"enemies":"Gensokyo:3_Fairies","floor":4.0,"turns":3.0},{"damage":0.0,"enemies":"Gensokyo:Mamizou","floor":7.0,"turns":4.0},{"damage":3.0,"enemies":"Gensokyo:Aya","floor":10.0,"turns":2.0},{"damage":23.0,"enemies":"Gensokyo:Cirno","floor":12.0,"turns":4.0},{"damage":0.0,"enemies":"Gensokyo:Python_and_Kodama","floor":13.0,"turns":1.0},{"damage":9.0,"enemies":"Gensokyo:Kokoro","floor":16.0,"turns":5.0},{"damage":0.0,"enemies":"Gensokyo:2_Gloops","floor":18.0,"turns":1.0},{"damage":11.0,"enemies":"Gensokyo:Chomper","floor":19.0,"turns":1.0},{"damage":32.0,"enemies":"Gensokyo:Wraith","floor":22.0,"turns":4.0},{"damage":26.0,"enemies":"Gensokyo:Tenshi","floor":23.0,"turns":4.0},{"damage":4.0,"enemies":"Gensokyo:Koishi","floor":25.0,"turns":4.0},{"damage":2,"enemies":"Gensokyo:Tenshi","floor":28,"turns":2},{"damage":36,"enemies":"Gensokyo:Eternal_Rivals","floor":33,"turns":4},{"damage":7,"enemies":"3 Shapes","floor":35,"turns":2},{"damage":0,"enemies":"Orb Walker","floor":37,"turns":1},{"damage":0,"enemies":"Transient","floor":38,"turns":5},{"damage":11,"enemies":"R_Hoarder","floor":41,"turns":3},{"damage":3,"enemies":"Reptomancer","floor":44,"turns":2},{"damage":0,"enemies":"Sphere and 2 Shapes","floor":46,"turns":1},{"damage":0,"enemies":"Nightmare","floor":47,"turns":3},{"damage":0,"enemies":"Transient","floor":48,"turns":5},{"damage":0,"enemies":"hubris:GrandSnecko","floor":50,"turns":4}],"seed_played":"1160706847417657363","potions_obtained":[{"floor":3.0,"key":"Regen Potion"},{"floor":4.0,"key":"Languid Potion"},{"floor":10.0,"key":"Fire Potion"},{"floor":18.0,"key":"Dexterity Potion"},{"floor":33,"key":"Weak Potion"},{"floor":33,"key":"sneckomod:MuddlingPotion"},{"floor":35,"key":"LiquidBronze"},{"floor":37,"key":"PowerPotion"},{"floor":41,"key":"Explosive Potion"},{"floor":41,"key":"ColorlessPotion"},{"floor":44,"key":"infinitespire:BlackPotion"},{"floor":47,"key":"SkillPotion"},{"floor":47,"key":"BottledSpark"}],"is_trial":false,"path_per_floor":["M","?","M","M","?","R","E","$","T","E","?","E","M","?","R","B",null,"M","M","?","T","M","E","?","E","T","R","E","$","?","$","R_BF","B",null,"M","?","M","M","T","R","E","R","T","E","R","M","NM","M","R_BF","B",null],"character_chosen":"MARISA","items_purchased":["hubris:EmptyBottle","WitchLeyline+1","MagicChant","EnergyFlow","WitchOfGreed"],"campfire_rested":0,"item_purchase_floors":[29,29,29,29,31],"current_hp_per_floor":[75,75,75,75,75,75,75,75,75,78,78,61,61,61,61,58,76,79,68,75,75,49,29,29,31,31,31,35,35,35,35,35,5,68,71,71,71,99,99,99,93,93,93,106,106,108,111,113,113,115,115,115],"gold":1251,"neow_bonus":"TEN_PERCENT_HP_BONUS","is_daily":false,"chose_seed":false,"campfire_upgraded":3,"win_rate":0.0,"timestamp":1613255360,"path_taken":["M","?","M","?","?","R","E","$","T","E","?","E","M","?","R","BOSS","M","M","?","?","M","E","?","E","T","R","E","$","?","?","R_BF","BOSS","M","?","M","M","?","R","E","R","T","E","R","M","NM","M","R_BF","BOSS"],"items_purchased_type":["Relic","Card","Card","Card","Card"],"build_version":"2020-12-22","purchased_purges":3,"victory":false,"max_hp_per_floor":[82,82,82,82,82,82,82,82,82,82,82,82,82,82,82,82,82,82,82,89,89,89,89,89,89,89,89,89,89,89,89,89,89,89,89,89,89,102,102,102,104,104,104,106,106,108,111,113,113,115,115,115],"card_choices":[{"not_picked":["GalacticHalo","UnstableBomb"],"picked":"ShootingEcho","floor":1.0},{"not_picked":["MilkyWay","NonDirectionalLaser"],"picked":"OortCloud","floor":3.0},{"not_picked":["GravityBeat","GalacticHalo"],"picked":"MysteriousBeam","floor":4.0},{"not_picked":["EarthLightRay","Orbital"],"picked":"EventHorizon","floor":7.0},{"not_picked":["EnergyFlow","AbsoluteMagnitude"],"picked":"SprinkleStarSeal","floor":10.0},{"not_picked":["DoubleSpark","NonDirectionalLaser"],"picked":"DragonMeteor","floor":12.0},{"not_picked":["IllusionStar","WitchLeyline"],"picked":"JA","floor":13.0},{"not_picked":["CasketOfStar","StarDustReverie"],"picked":"TreasureHunter","floor":16.0},{"not_picked":["DC+1","SporeBomb+1"],"picked":"GasGiant","floor":18.0},{"not_picked":["GalacticHalo","NonDirectionalLaser","OneTimeOff"],"picked":"SKIP","floor":19.0},{"not_picked":["SporeBomb","AlicesGift+1"],"picked":"ShootingEcho","floor":22.0},{"not_picked":["GravityBeat","EnergyRecoil","Acceleration"],"picked":"SKIP","floor":23.0},{"not_picked":["UnstableBomb","EventHorizon+1"],"picked":"SuperNova","floor":25.0},{"not_picked":["SuperPerseids","NonDirectionalLaser+1"],"picked":"MysteriousBeam+1","floor":28},{"not_picked":["MaximisePower","UltimateShortwave"],"picked":"BinaryStars","floor":33},{"not_picked":["MachineGunSpark+1","GravityBeat+1"],"picked":"Acceleration+1","floor":35},{"not_picked":["SprinkleStarSeal+1","GalacticHalo"],"picked":"AsteroidBelt+1","floor":36},{"not_picked":["6A+1","AsteroidBelt"],"picked":"WitchLeyline+1","floor":36},{"not_picked":["WitchLeyline+1","ChargingUp+1"],"picked":"EnergyFlow+1","floor":37},{"not_picked":["MagicAbsorber","LuminesStrike+1"],"picked":"WitchOfGreed+1","floor":38},{"not_picked":["NonDirectionalLaser+1","FairyDestructionRay+1","Acceleration+1"],"picked":"Singing Bowl","floor":41},{"not_picked":["MilkyWay","6A+1","AsteroidBelt+1"],"picked":"Singing Bowl","floor":44},{"not_picked":["MysteriousBeam+1","SporeBomb+1","DoubleSpark+1"],"picked":"Singing Bowl","floor":46},{"not_picked":["ReplayTheSpireMod:??????????????????????","infinitespire:Punishment"],"picked":"hubris:Rewind","floor":47},{"not_picked":["Acceleration+1","OpenUniverse+1"],"picked":"MillisecondPulsars","floor":47},{"not_picked":["PowerUp+1","DC+1","SprinkleStarSeal"],"picked":"Singing Bowl","floor":48},{"not_picked":["BigCrunch","FinalSpark+1","TreasureHunter+1"],"picked":"Singing Bowl","floor":50}],"player_experience":1392944,"relics_obtained":[{"floor":7.0,"key":"Girya"},{"floor":9.0,"key":"Gremlin Horn"},{"floor":10.0,"key":"infinitespire:Midas Blood"},{"floor":12.0,"key":"hubris:CrystalStatue"},{"floor":21.0,"key":"Replay:Bandana"},{"floor":23.0,"key":"ReplayTheSpireMod:Shallot"},{"floor":23.0,"key":"hubris:64BitClover"},{"floor":23.0,"key":"Dream Catcher"},{"floor":25.0,"key":"Nunchaku"},{"floor":25.0,"key":"Potion Belt"},{"floor":28,"key":"Smiling Mask"},{"floor":28,"key":"Molten Egg 2"},{"floor":28,"key":"Art of War"},{"floor":39,"key":"Gremlin Food"},{"floor":41,"key":"Replay:Ringing Soul"},{"floor":41,"key":"Singing Bowl"},{"floor":41,"key":"Oddly Smooth Stone"},{"floor":43,"key":"Toy Ornithopter"},{"floor":44,"key":"hubris:BottledRain"},{"floor":44,"key":"Mercury Hourglass"},{"floor":44,"key":"Letter Opener"},{"floor":47,"key":"Replay:Wax Seal"},{"floor":47,"key":"infinitespire:Lucky Rock"},{"floor":50,"key":"Pocketwatch"},{"floor":50,"key":"infinitespire:CursedDice"}],"event_choices":[],"is_beta":false,"boss_relics":[{"not_picked":["hubris:Stopwatch","Busted Crown"],"picked":"Philosopher\u0027s Stone"},{"not_picked":["bronze:MakeshiftBattery","Cursed Key"],"picked":"hubris:Backtick"},{"not_picked":["ChewingGum","Snecko Eye"],"picked":"hubris:BlackHole"}],"items_purged_floors":[8,29,31],"is_endless":true,"potions_floor_spawned":[3,4,10,12,13,18,19,33,35,41,44,47],"ascension_level":6}}