{"host":"d39t2qzp2z2irjsy","time":1613213813,"event":{"mods":["Act Like it!","BaseMod","Downfall","Hallownest","Minty Spire (QoL Compilation)","StSLib"],"gold_per_floor":[99,114,129,147,60,74,98,132,155,155,155,43,54,65,82,82,82,82],"floor_reached":16,"language":"ZHS","playtime":814,"items_purged":[],"score":104,"play_id":"d657e083-c70c-4406-8160-714c36940ce4","local_time":"20210213185653","is_ascension_mode":false,"campfire_choices":[{"data":"Slimebound:Split","floor":1,"key":"SMITH"},{"floor":10,"key":"REST"}],"circlet_count":0,"master_deck":["Slimebound:Strike_Slimebound","Slimebound:Strike_Slimebound","Slimebound:Strike_Slimebound","Slimebound:Tackle","Slimebound:Defend_Slimebound","Slimebound:Defend_Slimebound","Slimebound:Defend_Slimebound","Slimebound:Defend_Slimebound","Slimebound:Split+1","Slimebound:CorrosiveSpit","Slimebound:PressTheAttack","Slimebound:DisruptingSlam","Slimebound:SlimeBarrage","Slimebound:SlimeBarrage","Slimebound:MegaLick","Slimebound:ViciousTackle","Slimebound:HauntingLick","Slimebound:GoopTackle","Slimebound:Gluttony","Slimebound:SplitMire","expansioncontent:AwakenDeath","Slimebound:LivingWall","Slimebound:Nibble","Slimebound:Equalize"],"relics":["Slimebound:AbsorbEndCombat","Bronze Scales","Dream Catcher","Odd Mushroom","downfall:BrokenWingStatue"],"acts_visited":["Exordium"],"potions_floor_usage":[],"damage_taken":[{"damage":15,"enemies":"Small Slimes","floor":2,"turns":3},{"damage":1,"enemies":"2 Louse","floor":3,"turns":2},{"damage":4,"enemies":"Cultist","floor":4,"turns":3},{"damage":3,"enemies":"downfall:FleeingMerchant","floor":5,"turns":4},{"damage":14,"enemies":"downfall:LooterAlt","floor":6,"turns":3},{"damage":32,"enemies":"Lagavulin","floor":8,"turns":5},{"damage":23,"enemies":"The Mushroom Lair","floor":9,"turns":3},{"damage":19,"enemies":"downfall:FleeingMerchant","floor":12,"turns":4},{"damage":24,"enemies":"Exordium Wildlife","floor":13,"turns":4},{"damage":22,"enemies":"Exordium Thugs","floor":14,"turns":3},{"damage":12,"enemies":"Blue Slaver","floor":15,"turns":2},{"damage":24,"enemies":"DF_ARCHETYPE_STREAMLINE","floor":16,"turns":4}],"seed_played":"-399719926718883883","potions_obtained":[{"floor":3,"key":"Weak Potion"},{"floor":4,"key":"EssenceOfSteel"},{"floor":6,"key":"ColorlessPotion"}],"is_trial":false,"path_per_floor":["R","M","M","M","$","M","T","E","?","R","?","$","M","M","M","B"],"character_chosen":"SLIMEBOUND","items_purchased":["Slimebound:MegaLick","expansioncontent:AwakenDeath"],"campfire_rested":1,"item_purchase_floors":[5,12],"current_hp_per_floor":[71,58,59,57,58,46,46,22,5,26,26,15,20,22,14,0,0,0],"gold":82,"neow_bonus":"TEN_PERCENT_HP_BONUS","is_daily":false,"chose_seed":false,"campfire_upgraded":1,"win_rate":0.0,"timestamp":1613213813,"path_taken":["R","M","M","M","$","M","T","E","?","R","?","$","M","M","M","BOSS"],"items_purchased_type":["Card","Card"],"build_version":"2020-12-22","purchased_purges":0,"victory":false,"max_hp_per_floor":[71,71,71,71,71,71,71,71,71,71,71,71,71,71,71,71,71,71],"card_choices":[{"not_picked":["Slimebound:SplitAcid","Slimebound:SlimeBarrage"],"picked":"Slimebound:PressTheAttack","floor":2},{"not_picked":["Slimebound:RainOfGoop","Slimebound:FlameTackle"],"picked":"Slimebound:DisruptingSlam","floor":3},{"not_picked":["Slimebound:GoopSpray","Slimebound:GoopTackle"],"picked":"Slimebound:SlimeBarrage","floor":4},{"not_picked":["Slimebound:FlameTackle","Slimebound:Dissolve"],"picked":"Slimebound:SlimeBarrage","floor":5},{"not_picked":["Slimebound:GoopTackle","Slimebound:LeechingTouch"],"picked":"Slimebound:ViciousTackle","floor":6},{"not_picked":["Slimebound:SlimeSpikes","Slimebound:PressTheAttack"],"picked":"Slimebound:HauntingLick","floor":8},{"not_picked":["Slimebound:LeechEnergy","Slimebound:PressTheAttack"],"picked":"Slimebound:GoopTackle","floor":9},{"not_picked":["Slimebound:ProtectTheBoss","Slimebound:SamplingLick"],"picked":"Slimebound:Gluttony","floor":10},{"not_picked":["Slimebound:Gluttony","Slimebound:RejuvenatingLick"],"picked":"Slimebound:SplitMire","floor":12},{"not_picked":["Slimebound:LeechEnergy","Slimebound:GoopSpray"],"picked":"Slimebound:LivingWall","floor":13},{"not_picked":["Slimebound:Replication","Slimebound:RainOfGoop"],"picked":"Slimebound:Nibble","floor":14},{"not_picked":["Slimebound:RainOfGoop","Slimebound:TongueLash"],"picked":"Slimebound:Equalize","floor":15}],"player_experience":13940,"relics_obtained":[{"floor":7,"key":"Bronze Scales"},{"floor":8,"key":"Dream Catcher"},{"floor":9,"key":"Odd Mushroom"}],"event_choices":[{"damage_healed":0,"gold_gain":0,"player_choice":"Fought Mushrooms","damage_taken":0,"max_hp_gain":0,"max_hp_loss":0,"event_name":"Mushrooms","floor":9,"gold_loss":0}],"is_beta":false,"boss_relics":[],"items_purged_floors":[],"is_endless":false,"potions_floor_spawned":[3,4,6,13],"killed_by":"DF_ARCHETYPE_STREAMLINE","ascension_level":0}}