{"host":"0mhttqdumuceah7q","time":1613238519,"event":{"mods":["AchievementEnabler","BaseMod","Colored Map","DeckTracker","Minty Spire (QoL Compilation)","Permanent Neow"],"gold_per_floor":[116,132,144,156,176,205,216,233,258,27,55,55,55,73,73,176,176,190,205,224,25,25,25,39,57,57,68,0,0,19,19,19],"floor_reached":31,"language":"KOR","playtime":1482,"items_purged":["Strike_B"],"score":270,"play_id":"d4e2e460-3efc-413c-ad5a-a3200a3e68cb","local_time":"20210214024839","is_ascension_mode":false,"campfire_choices":[{"floor":13,"key":"REST"},{"data":"Double Energy","floor":15,"key":"SMITH"},{"floor":29,"key":"REST"}],"circlet_count":0,"master_deck":["Defend_B","Defend_B","Defend_B","Defend_B","Zap","Dualcast","Cold Snap","Coolheaded","Stack","Sweeping Beam","Go for the Eyes","Buffer+1","Conserve Battery","Double Energy+1","Rebound","Compile Driver","Creative AI+1","Redo","Ball Lightning","Multi-Cast","Loop+1","Bite","Bite","Bite","Bite","Bite","Storm+1","Steam+1","Compile Driver+1","Thunder Strike"],"relics":["Cracked Core","Regal Pillow","Frozen Egg 2","Bronze Scales","Membership Card","Tiny Chest","Odd Mushroom","FaceOfCleric","Empty Cage","White Beast Statue","Boot","Potion Belt"],"acts_visited":["Exordium","TheCity"],"potions_floor_usage":[6,6,16,16,24,24,27,27],"damage_taken":[{"damage":1,"enemies":"Jaw Worm","floor":1,"turns":3},{"damage":2,"enemies":"Cultist","floor":2,"turns":4},{"damage":0,"enemies":"2 Louse","floor":3,"turns":2},{"damage":5,"enemies":"Exordium Thugs","floor":4,"turns":5},{"damage":15,"enemies":"Exordium Wildlife","floor":5,"turns":3},{"damage":17,"enemies":"Gremlin Nob","floor":6,"turns":5},{"damage":0,"enemies":"Large Slime","floor":7,"turns":6},{"damage":6,"enemies":"Lots of Slimes","floor":8,"turns":2},{"damage":13,"enemies":"The Mushroom Lair","floor":11,"turns":4},{"damage":4,"enemies":"3 Louse","floor":14,"turns":2},{"damage":39,"enemies":"Hexaghost","floor":16,"turns":9},{"damage":9,"enemies":"3 Byrds","floor":18,"turns":3},{"damage":10,"enemies":"Shell Parasite","floor":19,"turns":11},{"damage":11,"enemies":"Snecko","floor":20,"turns":7},{"damage":28,"enemies":"Snake Plant","floor":24,"turns":4},{"damage":17,"enemies":"Chosen and Byrds","floor":25,"turns":4},{"damage":28,"enemies":"Shelled Parasite and Fungi","floor":27,"turns":3},{"damage":32,"enemies":"Snecko","floor":30,"turns":6},{"damage":18,"enemies":"Book of Stabbing","floor":31,"turns":2}],"seed_played":"1881786994310792485","potions_obtained":[{"floor":1,"key":"LiquidBronze"},{"floor":5,"key":"Dexterity Potion"},{"floor":8,"key":"Swift Potion"},{"floor":14,"key":"Ancient Potion"},{"floor":16,"key":"Swift Potion"},{"floor":19,"key":"Energy Potion"},{"floor":24,"key":"PowerPotion"},{"floor":25,"key":"Regen Potion"},{"floor":27,"key":"Swift Potion"},{"floor":30,"key":"BlessingOfTheForge"}],"is_trial":false,"path_per_floor":["M","M","M","M","M","E","M","M","T","$","?","?","R","M","R","B",null,"M","M","M","$","?","T","M","M","T","M","?","R","M","E"],"character_chosen":"DEFECT","items_purchased":["Membership Card","Tiny Chest","Loop+1","White Beast Statue"],"campfire_rested":2,"item_purchase_floors":[10,10,21,21],"current_hp_per_floor":[74,72,72,67,52,35,35,29,29,29,16,16,53,50,50,12,77,69,60,50,50,50,50,29,19,19,8,8,40,13,0,0],"gold":19,"neow_bonus":"RANDOM_COMMON_RELIC","is_daily":false,"chose_seed":false,"campfire_upgraded":1,"win_rate":0.0,"timestamp":1613238519,"path_taken":["M","M","M","M","M","E","M","M","T","$","?","?","R","M","R","BOSS","M","M","M","$","?","?","M","M","T","?","?","R","M","E"],"items_purchased_type":["Relic","Relic","Card","Relic"],"build_version":"2020-12-22","purchased_purges":1,"victory":false,"max_hp_per_floor":[75,75,75,75,75,75,75,75,75,75,75,75,75,76,76,77,77,78,79,80,80,56,56,57,58,58,59,59,59,60,60,60],"card_choices":[{"not_picked":["Loop","Leap"],"picked":"Cold Snap","floor":1},{"not_picked":["Steam","Static Discharge"],"picked":"Coolheaded","floor":2},{"not_picked":["Ball Lightning","Steam"],"picked":"Stack","floor":3},{"not_picked":["Rebound","Cold Snap"],"picked":"Sweeping Beam","floor":4},{"not_picked":["Hologram","Compile Driver"],"picked":"Go for the Eyes","floor":5},{"not_picked":["Compile Driver","Fission"],"picked":"Buffer+1","floor":6},{"not_picked":["Go for the Eyes","Cold Snap"],"picked":"Conserve Battery","floor":7},{"not_picked":["Steam","Consume"],"picked":"Double Energy","floor":8},{"not_picked":["Coolheaded","Cold Snap"],"picked":"Rebound","floor":11},{"not_picked":["Steam Power","Conserve Battery"],"picked":"Compile Driver","floor":14},{"not_picked":["Multi-Cast","Seek"],"picked":"Creative AI+1","floor":16},{"not_picked":["Compile Driver","Tempest"],"picked":"Redo","floor":18},{"not_picked":["Consume","Cold Snap"],"picked":"Ball Lightning","floor":19},{"not_picked":["Rebound","Double Energy"],"picked":"Multi-Cast","floor":20},{"not_picked":["Double Energy","Leap"],"picked":"Storm+1","floor":24},{"not_picked":["Barrage","Chaos"],"picked":"Steam+1","floor":25},{"not_picked":["Undo","Steam"],"picked":"Compile Driver+1","floor":27},{"not_picked":["Conserve Battery","Barrage"],"picked":"Thunder Strike","floor":30}],"player_experience":53868,"relics_obtained":[{"floor":6,"key":"Frozen Egg 2"},{"floor":9,"key":"Bronze Scales"},{"floor":11,"key":"Odd Mushroom"},{"floor":23,"key":"Boot"},{"floor":26,"key":"Potion Belt"}],"event_choices":[{"damage_healed":0,"gold_gain":0,"player_choice":"Fought Mushrooms","damage_taken":0,"max_hp_gain":0,"max_hp_loss":0,"event_name":"Mushrooms","floor":11,"gold_loss":0},{"damage_healed":0,"gold_gain":0,"player_choice":"Trade","damage_taken":0,"relics_obtained":["FaceOfCleric"],"max_hp_gain":0,"max_hp_loss":0,"event_name":"FaceTrader","floor":12,"gold_loss":0},{"damage_healed":0,"gold_gain":0,"player_choice":"Became a vampire","damage_taken":0,"max_hp_gain":0,"max_hp_loss":24,"event_name":"Vampires","floor":22,"gold_loss":0,"cards_obtained":["Bite","Bite","Bite","Bite","Bite"]},{"damage_healed":0,"gold_gain":0,"player_choice":"Paid Fearfully","damage_taken":0,"max_hp_gain":0,"max_hp_loss":0,"event_name":"Masked Bandits","floor":28,"gold_loss":68}],"is_beta":false,"boss_relics":[{"not_picked":["Sozu","Cursed Key"],"picked":"Empty Cage"}],"items_purged_floors":[21],"is_endless":false,"potions_floor_spawned":[1,5,8,14,16,19,24,25,27,30],"killed_by":"Book of Stabbing","ascension_level":0}}