{"host":"nkolxg4se00n20yf","time":1613230456,"event":{"mods":["BaseMod","CatGirl Mod","Chen","Colored Map","Colored Powertips","Downfall","Friendly Minions","Infinite Spire","Kiyohime????","Marisa????????","Minty Spire (QoL Compilation)","StSLib","Td1madao Mod","The Administrix","The Cursed","The Exalted","The Hierophant","The Servant 0.9.4"],"gold_per_floor":[112,124,139,152,172,172,172,172],"floor_reached":7,"language":"ENG","playtime":428,"items_purged":[],"score":88,"play_id":"02d867e6-7f58-4f52-8f83-aaadf15e7b08","local_time":"20210213163416","is_ascension_mode":true,"campfire_choices":[{"floor":6,"key":"REST"}],"circlet_count":0,"master_deck":["AscendersBane","Strike_G","Strike_G","Strike_G","Strike_G","Strike_G","Defend_G","Defend_G","Defend_G","Defend_G","Defend_G","Survivor","Neutralize","PiercingWail","Dagger Throw","Slice","Quick Slash","Flying Knee"],"relics":["Ring of the Snake","Bromod:ArcaneTempo"],"acts_visited":["Exordium"],"potions_floor_usage":[5,7],"damage_taken":[{"damage":0.0,"enemies":"2 Louse","floor":1.0,"turns":4.0},{"damage":3.0,"enemies":"Jaw Worm","floor":2.0,"turns":5.0},{"damage":1.0,"enemies":"Small Slimes","floor":3.0,"turns":3.0},{"damage":4.0,"enemies":"Blue Slaver","floor":4.0,"turns":5.0},{"damage":18,"enemies":"Gremlin Gang","floor":5,"turns":6},{"damage":52,"enemies":"Gremlin Nob","floor":7,"turns":4}],"seed_played":"-4792112403687440869","potions_obtained":[{"floor":2.0,"key":"AttackPotion"},{"floor":4.0,"key":"AttackPotion"}],"is_trial":false,"path_per_floor":["M","M","M","M","M","R","E"],"character_chosen":"THE_SILENT","items_purchased":[],"campfire_rested":1,"item_purchase_floors":[],"current_hp_per_floor":[59,56,55,51,33,52,0,0],"gold":172,"neow_bonus":"RANDOM_COMMON_RELIC","is_daily":false,"chose_seed":false,"campfire_upgraded":0,"win_rate":0.0,"timestamp":1613230456,"path_taken":["M","M","M","M","M","R","E"],"items_purchased_type":[],"build_version":"2020-12-22","purchased_purges":0,"victory":false,"max_hp_per_floor":[66,66,66,66,66,66,66,66],"card_choices":[{"not_picked":["Quick Slash","Backflip"],"picked":"PiercingWail","floor":1.0},{"not_picked":["Backflip","Bane"],"picked":"Dagger Throw","floor":2.0},{"not_picked":["Deflect","Escape Plan"],"picked":"Slice","floor":3.0},{"not_picked":["Underhanded Strike","Backflip"],"picked":"Quick Slash","floor":4.0},{"not_picked":["Blur","Caltrops"],"picked":"Flying Knee","floor":5}],"player_experience":1125928,"relics_obtained":[],"event_choices":[],"is_beta":false,"boss_relics":[],"items_purged_floors":[],"is_endless":false,"potions_floor_spawned":[2,4],"killed_by":"Gremlin Nob","ascension_level":19}}