{"host":"rupmf8lnk599ormj","time":1613185129,"event":{"mods":["2.2 Compatiblity","AchievementEnabler","BaseMod","Better Match","Better Third Choice","BetterRewards","Colored Map","Colored Powertips","Conspire","Downfall","Evolution","Gold Saver","Googly Eyes","Hero for Fun","Hubris","Minty Spire (QoL Compilation)","Quick Restart","Rare Cards Sparkle","Replay The Spire","Shade Mod","Spicy Shops","StSLib","The Cursed"],"gold_per_floor":[343,358,358,208,243,268,268,298,298,2,37,67,67,102,117,217,217,17,52,52,52,37,52,52,82,82,112,42,42,77,107,122,222,222,222,237,16,31,31,119,119,149,149,149,179,194,194,18,53,53],"floor_reached":51,"language":"ENG","playtime":3442,"items_purged":[],"score":1046,"play_id":"8382a2aa-1540-4121-84c0-a5b05ddc66db","local_time":"20210212215849","daily_mods":["Allstar","Flight","Terminal"],"is_ascension_mode":false,"campfire_choices":[{"data":"TheCursedMod:CursedWand","floor":1,"key":"SMITH"},{"floor":9,"key":"RECALL"},{"floor":13,"key":"REST"},{"floor":26,"key":"REST"},{"floor":35,"key":"REST"},{"floor":44,"key":"REST"},{"floor":47,"key":"REST"}],"circlet_count":0,"master_deck":["TheCursedMod:TacticalStrike","TheCursedMod:TacticalStrike","TheCursedMod:TacticalStrike","TheCursedMod:Strike_TheCursed","TheCursedMod:Defend_TheCursed","TheCursedMod:Defend_TheCursed","TheCursedMod:CursedWand+1","TheCursedMod:CleanUpWorkshop","TheCursedMod:Dregs","Replay:BasicMightCard","Forethought","Sadistic Nature+1","The Bomb","HandOfGreed","TheCursedMod:ReleasedStrength","TheCursedMod:Stigma","Pot Of Greed","Pot Of Greed","TheCursedMod:WearCloak","TheCursedMod:StingEye","TheCursedMod:SpitefulStrike","TheCursedMod:CursedStaff","TheCursedMod:CircleOfCorruption","TheCursedMod:Mangle","Pot Of Greed","TheCursedMod:TroublousMinions","TheCursedMod:Hemoplague","TheCursedMod:CursedRelics","TheCursedMod:SpreadPlague","Pride","Insight","TheCursedMod:VitalStrike","TheCursedMod:BlessingInDisguise","TheCursedMod:DoubleShield","TheCursedMod:CursedBoomerang","TheCursedMod:CursedShiv","TheCursedMod:RapidMovement","Pot Of Greed","TheCursedMod:CursedAmulet","TheCursedMod:CircleOfFlame","TheCursedMod:AbyssShockwave+1","TheCursedMod:StunningStrike","TheCursedMod:Evocation+1","TheCursedMod:HellfireBreathing","TheCursedMod:Stigma+1","TheCursedMod:Torture+1","TheCursedMod:RapidMovement+1","TheCursedMod:ManaBullet+1","Sickly","Pot Of Greed","TheCursedMod:Torture","TheCursedMod:SpitefulStrike+1","TheCursedMod:SurpriseAttack","TheCursedMod:SoulCrush+1"],"relics":["TheCursedMod:BlackMagic101","EVO:Axolotl","hubris:Towel","Guardian:PocketSentry","conspire:DeflatedDodgeball","Grinning Jar","Strange Spoon","TungstenRod","TheCursedMod:OminousMark","downfall:HeartBlessingRed","downfall:HeartBlessingGreen","Strawberry","Slimebound:StickyStick","hubris:BundleOfHerbs","Boot","Anchor","hexamod:CandleOfCauterizing","hubris:SlimyHat","Fusion Hammer","Potion Belt","hubris:Icosahedron","MealTicket","Thread and Needle","Ice Cream","Gremlin Food","Lee\u0027s Waffle"],"acts_visited":["TheCity","TheBeyond"],"potions_floor_usage":[16,16,16,30,42,42,50,50],"damage_taken":[{"damage":4,"enemies":"Jaw Worm","floor":2,"turns":4},{"damage":0,"enemies":"2 Louse","floor":5,"turns":2},{"damage":13,"enemies":"Lagavulin","floor":8,"turns":5},{"damage":0,"enemies":"downfall:FleeingMerchant","floor":10,"turns":4},{"damage":0,"enemies":"Cultist","floor":11,"turns":2},{"damage":7,"enemies":"Gremlin Nob","floor":12,"turns":3},{"damage":0,"enemies":"3 Louse","floor":14,"turns":3},{"damage":0,"enemies":"Large Slime","floor":15,"turns":3},{"damage":17,"enemies":"Hexaghost","floor":16,"turns":5},{"damage":0,"enemies":"3 Byrds","floor":19,"turns":3},{"damage":1,"enemies":"downfall:FleeingMerchant","floor":22,"turns":4},{"damage":0,"enemies":"Shell Parasite","floor":23,"turns":4},{"damage":20,"enemies":"Slavers","floor":25,"turns":5},{"damage":1,"enemies":"conspire:Head Lice","floor":27,"turns":4},{"damage":0,"enemies":"downfall:FleeingMerchant","floor":28,"turns":2},{"damage":0,"enemies":"Centurion and Healer","floor":30,"turns":4},{"damage":0,"enemies":"Replay:Snechameleon","floor":31,"turns":3},{"damage":0,"enemies":"Cultist and Chosen","floor":32,"turns":3},{"damage":0,"enemies":"WA_ARCHETYPE_CALM","floor":33,"turns":5},{"damage":0,"enemies":"Orb Walker","floor":36,"turns":2},{"damage":5,"enemies":"3 Darklings","floor":38,"turns":4},{"damage":5,"enemies":"Nemesis","floor":42,"turns":4},{"damage":20,"enemies":"Giant Head","floor":45,"turns":6},{"damage":0,"enemies":"Spire Growth","floor":46,"turns":3},{"damage":0,"enemies":"4 Shapes","floor":49,"turns":3},{"damage":19,"enemies":"SI_POISON_ARCHETYPE","floor":50,"turns":6}],"seed_played":"6099103822572544471","potions_obtained":[{"floor":2,"key":"Weak Potion"},{"floor":8,"key":"LiquidBronze"},{"floor":12,"key":"BlessingOfTheForge"},{"floor":23,"key":"DuplicationPotion"},{"floor":27,"key":"Swift Potion"},{"floor":30,"key":"BlessingOfTheForge"},{"floor":31,"key":"champ:CounterPotion"},{"floor":38,"key":"PowerPotion"},{"floor":45,"key":"sneckomod:MuddlingPotion"},{"floor":46,"key":"CultistPotion"}],"is_trial":false,"path_per_floor":["R","M","?","?","M","T","T","E","R","$","M","E","R","M","M","B",null,"R_BF","M","?","?","$","M","T","E","R","E","$","?","M","E","M","B",null,"R","M","$","M","?","?","T","E","?","R","E","M","R","$","M","B",null],"character_chosen":"THE_CURSED","items_purchased":["Strange Spoon","TheCursedMod:SpitefulStrike","TheCursedMod:CursedStaff","Anchor","hexamod:CandleOfCauterizing","TheCursedMod:CursedShiv","TheCursedMod:RapidMovement","Potion Belt","TheCursedMod:HellfireBreathing","Lee\u0027s Waffle","TheCursedMod:SurpriseAttack"],"campfire_rested":5,"item_purchase_floors":[10,10,10,28,28,28,28,37,37,48,48],"current_hp_per_floor":[73,69,69,80,79,78,77,64,64,64,64,57,71,70,69,52,67,66,65,71,70,69,68,67,47,65,64,63,62,61,60,59,58,57,56,55,54,49,49,49,49,44,44,47,27,27,40,50,49,30],"gold":53,"neow_bonus":"","is_daily":true,"chose_seed":false,"campfire_upgraded":1,"win_rate":0.0,"timestamp":1613185129,"path_taken":["R","M","?","?","?","?","T","E","R","$","?","E","R","M","M","BOSS","R_BF","M","?","?","?","?","T","E","R","E","$","?","?","E","M","BOSS","R","M","$","M","?","?","T","E","?","R","E","?","R","$","M","BOSS"],"items_purchased_type":["Relic","Card","Card","Relic","Relic","Card","Card","Relic","Card","Relic","Card"],"build_version":"2020-12-22","purchased_purges":0,"victory":true,"max_hp_per_floor":[73,72,71,80,79,78,77,76,75,74,73,72,71,70,69,68,67,66,65,71,70,69,68,67,66,65,64,63,62,61,60,59,58,57,56,55,54,53,52,51,50,49,48,47,46,45,44,50,49,48],"card_choices":[{"not_picked":["TheCursedMod:CircleOfCorruption","TheCursedMod:CursedStaff"],"picked":"TheCursedMod:ReleasedStrength","floor":2},{"not_picked":["TheCursedMod:RapidMovement","TheCursedMod:VitalStrike"],"picked":"TheCursedMod:Stigma","floor":5},{"not_picked":["TheCursedMod:EmpowerCircles","TheCursedMod:CircleOfFocus"],"picked":"TheCursedMod:WearCloak","floor":8},{"not_picked":["TheCursedMod:SurpriseAttack","TheCursedMod:ManaBullet"],"picked":"TheCursedMod:StingEye","floor":10},{"not_picked":["TheCursedMod:VitalStrike","TheCursedMod:FleshFromBone"],"picked":"TheCursedMod:CircleOfCorruption","floor":11},{"not_picked":["TheCursedMod:ParallelWorld","TheCursedMod:TacticalStrike"],"picked":"TheCursedMod:Mangle","floor":12},{"not_picked":["TheCursedMod:BlessingInDisguise","TheCursedMod:Stretching"],"picked":"TheCursedMod:TroublousMinions","floor":14},{"not_picked":["TheCursedMod:CursedShiv","TheCursedMod:Wield"],"picked":"TheCursedMod:Hemoplague","floor":15},{"not_picked":["TheCursedMod:DarkBarrier","TheCursedMod:NeowsMight"],"picked":"TheCursedMod:CursedRelics","floor":16},{"not_picked":["TheCursedMod:CircleOfWindfury","TheCursedMod:CursedAmulet"],"picked":"TheCursedMod:SpreadPlague","floor":19},{"not_picked":["TheCursedMod:RapidMovement","TheCursedMod:EmpowerCircles"],"picked":"TheCursedMod:VitalStrike","floor":22},{"not_picked":["TheCursedMod:CursedBoomerang","TheCursedMod:StingEye"],"picked":"TheCursedMod:BlessingInDisguise","floor":23},{"not_picked":["TheCursedMod:CircleOfBlood","TheCursedMod:TacticalStrike","TheCursedMod:VitalStrike"],"picked":"SKIP","floor":25},{"not_picked":["TheCursedMod:Obscuration","TheCursedMod:WearCloak+1"],"picked":"TheCursedMod:DoubleShield","floor":27},{"not_picked":["TheCursedMod:Stretching","TheCursedMod:DemonicPact"],"picked":"TheCursedMod:CursedBoomerang","floor":28},{"not_picked":["TheCursedMod:Stretching","TheCursedMod:CircleOfAmplification"],"picked":"TheCursedMod:CursedAmulet","floor":30},{"not_picked":["TheCursedMod:Stretching+1","TheCursedMod:LuckyCharm"],"picked":"TheCursedMod:CircleOfFlame","floor":31},{"not_picked":["TheCursedMod:WearCloak","TheCursedMod:DemonicPact"],"picked":"TheCursedMod:AbyssShockwave+1","floor":32},{"not_picked":["TheCursedMod:ShockAndAwe","TheCursedMod:DarkBarrier"],"picked":"TheCursedMod:StunningStrike","floor":33},{"not_picked":["TheCursedMod:DoubleShield","TheCursedMod:Wield"],"picked":"TheCursedMod:Evocation+1","floor":36},{"not_picked":["TheCursedMod:ReleasedStrength","TheCursedMod:AbyssShockwave+1"],"picked":"TheCursedMod:Stigma+1","floor":38},{"not_picked":["TheCursedMod:AshesToAshes","TheCursedMod:Wield"],"picked":"TheCursedMod:Torture+1","floor":40},{"not_picked":["TheCursedMod:Stigma+1","TheCursedMod:Mangle+1"],"picked":"TheCursedMod:RapidMovement+1","floor":40},{"not_picked":["TheCursedMod:Stigma","TheCursedMod:CursedAmulet"],"picked":"TheCursedMod:ManaBullet+1","floor":42},{"not_picked":["TheCursedMod:LuckyCharm","TheCursedMod:CircleOfWindfury+1"],"picked":"TheCursedMod:Torture","floor":45},{"not_picked":["TheCursedMod:AshesToAshes+1","TheCursedMod:TacticalStrike+1"],"picked":"TheCursedMod:SpitefulStrike+1","floor":46},{"not_picked":["TheCursedMod:Obscuration","TheCursedMod:SpitefulStrike"],"picked":"TheCursedMod:SoulCrush+1","floor":49}],"player_experience":250663,"relics_obtained":[{"floor":6,"key":"Guardian:PocketSentry"},{"floor":7,"key":"conspire:DeflatedDodgeball"},{"floor":8,"key":"Grinning Jar"},{"floor":12,"key":"TungstenRod"},{"floor":24,"key":"Slimebound:StickyStick"},{"floor":25,"key":"hubris:BundleOfHerbs"},{"floor":27,"key":"Boot"},{"floor":31,"key":"hubris:SlimyHat"},{"floor":40,"key":"MealTicket"},{"floor":41,"key":"Thread and Needle"},{"floor":42,"key":"Ice Cream"},{"floor":45,"key":"Gremlin Food"}],"event_choices":[{"damage_healed":0,"gold_gain":0,"player_choice":"Ignored","damage_taken":0,"max_hp_gain":0,"max_hp_loss":0,"event_name":"Ghosts","floor":18,"gold_loss":0},{"damage_healed":0,"gold_gain":0,"player_choice":"Stole Relic","damage_taken":0,"relics_obtained":["Strawberry"],"max_hp_gain":0,"max_hp_loss":0,"event_name":"Addict","floor":20,"gold_loss":0,"cards_obtained":["Pride"]},{"damage_healed":0,"gold_gain":0,"player_choice":"Insight","damage_taken":0,"max_hp_gain":0,"max_hp_loss":0,"event_name":"betterThird:BetterWriting","floor":21,"gold_loss":0,"cards_obtained":["Insight"]}],"is_beta":false,"boss_relics":[{"not_picked":["Sozu","Philosopher\u0027s Stone"],"picked":"TheCursedMod:OminousMark"},{"not_picked":["hubris:BlackHole","Abe\u0027s Treasure"],"picked":"Fusion Hammer"}],"items_purged_floors":[],"is_endless":false,"potions_floor_spawned":[2,8,12,14,23,27,30,31,38,45,46],"ascension_level":0}}