{"host":"8a3jzv7qxg3y7b6t","time":1613201151,"event":{"mods":["BaseMod","Better Third Choice","Downfall","Hermit","Minty Spire (QoL Compilation)","Relic Stats","StSLib","The Bug Knight","The Cursed"],"gold_per_floor":[118,118,135,135,210,237,237,266,266,266,266],"floor_reached":10,"language":"ENG","playtime":529,"items_purged":[],"score":89,"play_id":"13a944ee-7cc4-4951-bb11-846b910cfa9a","local_time":"20210212232551","is_ascension_mode":true,"campfire_choices":[{"floor":7.0,"key":"RECALL"}],"circlet_count":0,"master_deck":["Strike_G","Strike_G","Strike_G","Strike_G","Strike_G","Defend_G","Defend_G","Defend_G","Defend_G","Defend_G","Survivor","Neutralize","Footwork","Inflame+1","Deadly Poison","Poisoned Stab+1","Backstab+1"],"relics":["expansioncontent:StudyCardRelic","Dead Branch","Molten Egg 2","TungstenRod","Gremlin Horn"],"acts_visited":["Exordium"],"potions_floor_usage":[],"damage_taken":[{"damage":0.0,"enemies":"Jaw Worm","floor":1.0,"turns":6.0},{"damage":2.0,"enemies":"2 Louse","floor":3.0,"turns":3.0},{"damage":13.0,"enemies":"Gremlin Nob","floor":6.0,"turns":3.0},{"damage":25.0,"enemies":"Lagavulin","floor":8.0,"turns":5.0},{"damage":12,"enemies":"Gremlin Nob","floor":10,"turns":3}],"seed_played":"-7037011209795791506","potions_obtained":[{"floor":3.0,"key":"BlessingOfTheForge"},{"floor":6.0,"key":"Fruit Juice"}],"is_trial":false,"path_per_floor":["M","?","M","?","?","E","R","E","T","E"],"character_chosen":"THE_SILENT","items_purchased":[],"campfire_rested":0,"item_purchase_floors":[],"current_hp_per_floor":[70,61,59,59,48,40,40,15,15,3,3],"gold":266,"neow_bonus":"BOSS_RELIC","is_daily":false,"chose_seed":false,"campfire_upgraded":0,"win_rate":0.0,"timestamp":1613201151,"path_taken":["M","?","M","?","?","E","R","E","T","E"],"items_purchased_type":[],"build_version":"2020-12-22","purchased_purges":0,"victory":false,"max_hp_per_floor":[70,70,70,70,70,75,75,75,75,75,75],"relic_stats":{"Gremlin Horn":[0,0],"counters":[5,20],"Dead Branch":[7],"obtain_stats":[{"Gremlin Horn":9,"Dead Branch":2,"Molten Egg 2":6,"expansioncontent:StudyCardRelic":0,"TungstenRod":8,"Ring of the Snake":0},{"Gremlin Horn":4,"Dead Branch":1,"Molten Egg 2":3,"expansioncontent:StudyCardRelic":0,"TungstenRod":4,"Ring of the Snake":0},{"Gremlin Horn":17,"Dead Branch":6,"Molten Egg 2":12,"expansioncontent:StudyCardRelic":0,"TungstenRod":17,"Ring of the Snake":0}],"TungstenRod":1},"card_choices":[{"not_picked":["Sucker Punch","Dagger Throw"],"picked":"Footwork","floor":1.0},{"not_picked":["Expertise","Sucker Punch"],"picked":"Deadly Poison","floor":3.0},{"not_picked":["Bane+1","Doppelganger"],"picked":"Poisoned Stab+1","floor":6.0},{"not_picked":["Catalyst","Backflip"],"picked":"Backstab+1","floor":8.0}],"player_experience":678556,"relics_obtained":[{"floor":6.0,"key":"Molten Egg 2"},{"floor":8.0,"key":"TungstenRod"},{"floor":9.0,"key":"Gremlin Horn"}],"event_choices":[{"damage_healed":0.0,"max_hp_gain":0.0,"max_hp_loss":0.0,"gold_gain":0.0,"event_name":"Living Wall","player_choice":"Grow","floor":4.0,"gold_loss":0.0,"damage_taken":0.0,"cards_upgraded":["Inflame"]},{"damage_healed":0.0,"max_hp_gain":0.0,"max_hp_loss":0.0,"gold_gain":75.0,"event_name":"betterThird:BetterGoop","player_choice":"Gold","floor":5.0,"gold_loss":0.0,"damage_taken":11.0}],"is_beta":false,"boss_relics":[],"items_purged_floors":[],"is_endless":false,"potions_floor_spawned":[3,6],"killed_by":"Gremlin Nob","ascension_level":4}}