{"host":"hi7fki77kkmhrce8","time":1613176576,"event":{"mods":["AchievementEnabler","BaseMod","Colored Map","Colored Powertips","Downfall","Minty Spire (QoL Compilation)","Relic Stats","Replay The Spire","StSLib","SuperFastMode"],"gold_per_floor":[119,133,233,244,257,292,302,331,331,196,196,196],"floor_reached":11,"language":"ENG","playtime":428,"items_purged":[],"score":85,"play_id":"07d73b33-ed1a-4573-aa50-7d0eb546125e","local_time":"20210212193616","is_ascension_mode":false,"campfire_choices":[],"circlet_count":0,"master_deck":["Strike_R","Strike_R","Strike_R","Strike_R","Strike_R","Defend_R","Defend_R","Defend_R","Defend_R","Bash","Twin Strike","Life Link","Twin Strike","Reckless Charge","Feed","Flex","ReplayTheSpireMod:Stacked","Flex","Sentinel","Bloodletting","Rage","Flex","Impervious"],"relics":["Burning Blood","NeowsBlessing","Bag of Preparation","Juzu Bracelet","The Courier","Orrery"],"acts_visited":["Exordium"],"potions_floor_usage":[6],"damage_taken":[{"damage":0,"enemies":"Cultist","floor":1,"turns":1},{"damage":0,"enemies":"Small Slimes","floor":2,"turns":1},{"damage":0,"enemies":"2 Louse","floor":4,"turns":1},{"damage":13,"enemies":"2 Fungi Beasts","floor":5,"turns":3},{"damage":26,"enemies":"3 Sentries","floor":6,"turns":8},{"damage":23,"enemies":"Blue Slaver","floor":7,"turns":5},{"damage":26,"enemies":"Lagavulin","floor":8,"turns":5},{"damage":27,"enemies":"3 Sentries","floor":11,"turns":8}],"seed_played":"44981483387310551","potions_obtained":[{"floor":4,"key":"Block Potion"},{"floor":6,"key":"CultistPotion"},{"floor":8,"key":"ElixirPotion"}],"is_trial":false,"path_per_floor":["M","M","?","M","M","E","M","E","T","$","E"],"character_chosen":"IRONCLAD","items_purchased":["Flex","Orrery"],"campfire_rested":0,"item_purchase_floors":[10,10],"current_hp_per_floor":[80,80,80,80,73,53,39,22,22,22,0,0],"gold":196,"neow_bonus":"THREE_ENEMY_KILL","is_daily":false,"chose_seed":false,"campfire_upgraded":0,"win_rate":0.0,"timestamp":1613176576,"path_taken":["M","?","?","?","M","E","M","E","T","?","E"],"items_purchased_type":["Card","Relic"],"build_version":"2020-12-22","purchased_purges":0,"victory":false,"max_hp_per_floor":[80,80,80,80,80,80,83,86,86,86,86,86],"relic_stats":{"counters":[8,32],"Bag of Preparation":[6],"Juzu Bracelet":0,"obtain_stats":[{"NeowsBlessing":0,"Orrery":10,"The Courier":9,"Bag of Preparation":6,"Juzu Bracelet":8,"Burning Blood":0},{"NeowsBlessing":0,"Orrery":7,"The Courier":7,"Bag of Preparation":5,"Juzu Bracelet":7,"Burning Blood":0},{"NeowsBlessing":0,"Orrery":24,"The Courier":24,"Bag of Preparation":14,"Juzu Bracelet":24,"Burning Blood":0}],"Burning Blood":24},"card_choices":[{"not_picked":["Armaments","Sentinel"],"picked":"Twin Strike","floor":1},{"not_picked":["Sword Boomerang","Clash"],"picked":"Life Link","floor":2},{"not_picked":["Run Through","Shrug It Off"],"picked":"Twin Strike","floor":4},{"not_picked":["Blood for Blood","Feel No Pain"],"picked":"Reckless Charge","floor":5},{"not_picked":["Body Slam","Sword Boomerang"],"picked":"Feed","floor":6},{"not_picked":["Blood for Blood","Heavy Blade"],"picked":"Flex","floor":7},{"not_picked":["Warcry","Evolve"],"picked":"ReplayTheSpireMod:Stacked","floor":8},{"not_picked":["Havoc","Heavy Blade"],"picked":"Sentinel","floor":10},{"not_picked":["ReplayTheSpireMod:Strike From Hell","Anger"],"picked":"Bloodletting","floor":10},{"not_picked":["Body Slam","Pommel Strike"],"picked":"Rage","floor":10},{"not_picked":["ReplayTheSpireMod:Strike From Hell","Hemogenesis"],"picked":"Flex","floor":10},{"not_picked":["Warcry","Carnage"],"picked":"Impervious","floor":10}],"player_experience":157428,"relics_obtained":[{"floor":6,"key":"Bag of Preparation"},{"floor":8,"key":"Juzu Bracelet"},{"floor":9,"key":"The Courier"}],"event_choices":[{"damage_healed":0,"gold_gain":100,"player_choice":"Pray","damage_taken":0,"max_hp_gain":0,"max_hp_loss":0,"event_name":"Golden Shrine","floor":3,"gold_loss":0}],"is_beta":false,"boss_relics":[],"items_purged_floors":[],"is_endless":false,"potions_floor_spawned":[4,6,8],"killed_by":"3 Sentries","ascension_level":0}}