{"host":"kg61lsvem4dxoat8","time":1613190712,"event":{"mods":["AchievementEnabler","BaseMod","Better Altar","Better Match","Better Sensory Stone","Better Skull","Block Reminder","Highlight Path","Minty Spire (QoL Compilation)","Quick Restart","Rare Cards Sparkle","Relic Sorter","Relic Stats","StSLib","Synergy Search","slay the spire mod where everything is the same but ironclad has a cowboy hat"],"gold_per_floor":[116,133,146,71,71,104,118,118,118,118,149,26,41,41,41,117,117,117,117],"floor_reached":18,"language":"ENG","playtime":477,"items_purged":["Strike_G"],"score":340,"play_id":"3194fe20-db6e-4d0d-8065-bccfc6607fd7","local_time":"20210213123152","is_ascension_mode":true,"campfire_choices":[{"data":"Poisoned Stab","floor":8,"key":"SMITH"},{"data":"Bane","floor":10,"key":"SMITH"},{"floor":15,"key":"REST"}],"circlet_count":0,"master_deck":["AscendersBane","Strike_G","Strike_G","Strike_G","Strike_G","Defend_G","Defend_G","Defend_G","Defend_G","Defend_G","Survivor","Neutralize","Dagger Spray","PiercingWail","Poisoned Stab+1","Flash of Steel","Bane+1","After Image"],"relics":["Ring of the Snake","NeowsBlessing","Blood Vial","Strawberry","Meat on the Bone","Incense Burner","SacredBark"],"acts_visited":["Exordium","TheCity"],"potions_floor_usage":[6,16],"damage_taken":[{"damage":0,"enemies":"Jaw Worm","floor":1,"turns":1},{"damage":0,"enemies":"2 Louse","floor":2,"turns":1},{"damage":0,"enemies":"Cultist","floor":3,"turns":1},{"damage":32,"enemies":"Lagavulin","floor":6,"turns":7},{"damage":10,"enemies":"Large Slime","floor":7,"turns":6},{"damage":32,"enemies":"3 Sentries","floor":11,"turns":8},{"damage":6,"enemies":"Lots of Slimes","floor":13,"turns":3},{"damage":50,"enemies":"The Guardian","floor":16,"turns":13},{"damage":0,"enemies":"3 Byrds","floor":18,"turns":3}],"seed_played":"-1164433373336469178","potions_obtained":[{"floor":3,"key":"Poison Potion"},{"floor":6,"key":"FairyPotion"},{"floor":11,"key":"LiquidBronze"},{"floor":13,"key":"GamblersBrew"}],"is_trial":false,"path_per_floor":["M","M","M","$","?","E","M","R","T","R","E","?","M","$","R","B",null,"M"],"character_chosen":"THE_SILENT","items_purchased":[],"campfire_rested":1,"item_purchase_floors":[],"current_hp_per_floor":[59,59,59,59,59,27,19,19,26,26,21,21,29,29,50,14,58,60,60],"gold":117,"neow_bonus":"THREE_ENEMY_KILL","is_daily":false,"chose_seed":false,"campfire_upgraded":2,"win_rate":0.0,"timestamp":1613190712,"path_taken":["M","M","M","$","?","E","?","R","T","R","E","?","?","?","R","BOSS","M"],"items_purchased_type":[],"build_version":"2020-12-22","purchased_purges":1,"victory":false,"max_hp_per_floor":[66,66,66,66,66,66,66,66,73,73,73,73,73,73,73,73,73,73,73],"relic_stats":{"Blood Vial":10,"counters":[9,43],"obtain_stats":[{"Blood Vial":6,"NeowsBlessing":0,"Strawberry":9,"SacredBark":17,"Incense Burner":12,"Ring of the Snake":0,"Meat on the Bone":11},{"Blood Vial":4,"NeowsBlessing":0,"Strawberry":5,"SacredBark":8,"Incense Burner":6,"Ring of the Snake":0,"Meat on the Bone":6},{"Blood Vial":10,"NeowsBlessing":0,"Strawberry":16,"SacredBark":40,"Incense Burner":24,"Ring of the Snake":0,"Meat on the Bone":24}],"Ring of the Snake":[18],"Meat on the Bone":24},"card_choices":[{"not_picked":["Bane","Deflect"],"picked":"Dagger Spray","floor":1},{"not_picked":["Deflect","Endless Agony"],"picked":"PiercingWail","floor":2},{"not_picked":["Acrobatics","Heel Hook"],"picked":"Poisoned Stab","floor":3},{"not_picked":["Swift Strike","HandOfGreed"],"picked":"Flash of Steel","floor":5},{"not_picked":["Finisher","Prepared","PiercingWail"],"picked":"SKIP","floor":6},{"not_picked":["Dagger Throw","Wraith Form v2"],"picked":"Bane","floor":7},{"not_picked":["Flechettes","Distraction","Dagger Throw"],"picked":"SKIP","floor":11},{"not_picked":["Concentrate","Dagger Spray","Quick Slash"],"picked":"SKIP","floor":13},{"not_picked":["Burst","Grand Finale"],"picked":"After Image","floor":16}],"player_experience":1524663,"relics_obtained":[{"floor":6,"key":"Blood Vial"},{"floor":9,"key":"Strawberry"},{"floor":11,"key":"Meat on the Bone"}],"event_choices":[{"damage_healed":0,"gold_gain":1,"player_choice":"1","damage_taken":0,"max_hp_gain":0,"max_hp_loss":0,"event_name":"betterStone:BetterStone","floor":5,"gold_loss":0},{"damage_healed":0,"gold_gain":0,"player_choice":"Paid Gold","damage_taken":0,"relics_obtained":["Incense Burner"],"max_hp_gain":0,"max_hp_loss":0,"event_name":"WeMeetAgain","floor":12,"gold_loss":123}],"is_beta":false,"boss_relics":[{"not_picked":["Coffee Dripper","Ring of the Serpent"],"picked":"SacredBark"}],"items_purged_floors":[4],"is_endless":false,"potions_floor_spawned":[3,6,11,13],"killed_by":"3 Byrds","ascension_level":20}}