{"host":"f76wcztdlwlduum6","time":1613191432,"event":{"mods":["AchievementEnabler","BaseMod","BetterRewards","Colored Powertips","Minty Spire (QoL Compilation)","Quick Restart","Rare Cards Sparkle","Relic Stats","StSLib","SuperFastMode","everything is the same but u backflip on backflip"],"gold_per_floor":[110,110,35,35,54,54,88,88,88,118,193,213,213,232,232,305,305,315,315,330,343,353,382,382,413,437,240,266,124,144,144,144,218,218,231,28,28,47,47,81,81,100,100,116,128,162,174,190,190,190,190,190,190,0,34,34],"floor_reached":57,"language":"ENG","playtime":23358,"items_purged":["Strike_B","Strike_B","Strike_B","Defend_B","Strike_B","Dualcast+1","Defend_B+1","Defend_B+1"],"score":4039,"play_id":"c6fbfbe1-e43a-423e-a8d0-a9edef7ed0ed","local_time":"20210212224352","is_ascension_mode":true,"campfire_choices":[{"data":"Defragment","floor":6,"key":"SMITH"},{"data":"Defragment","floor":8,"key":"SMITH"},{"data":"Storm","floor":13,"key":"SMITH"},{"data":"Capacitor","floor":15,"key":"SMITH"},{"data":"Coolheaded","floor":24,"key":"SMITH"},{"data":"Heatsinks","floor":32,"key":"SMITH"},{"floor":41,"key":"RECALL"},{"floor":49,"key":"REST"},{"floor":53,"key":"REST"}],"circlet_count":0,"master_deck":["AscendersBane","Zap+1","Defragment+1","Flash of Steel+1","Dark Shackles","Storm","Finesse","Loop+1","Conserve Battery+1","Capacitor+1","Storm+1","Defragment+1","Glacier","Glacier","Core Surge+1","Coolheaded+1","Electrodynamics+1","Glacier","Electrodynamics","Defragment+1","Hologram+1","Conserve Battery+1","Capacitor","Coolheaded+1","Heatsinks+1","Defragment+1","Defragment","Buffer","Loop","Rainbow","Storm","Panacea","Mayhem","Impatience","Dark Shackles","Reinforced Body+1","Capacitor","Bandage Up","Static Discharge","Reinforced Body"],"relics":["Cracked Core","Symbiotic Virus","Chemical X","Membership Card","Lee\u0027s Waffle","Runic Capacitor","Omamori","Anchor","Nuclear Battery","Pantograph","Mummified Hand","Toy Ornithopter","DataDisk","DollysMirror","Bronze Scales","Bottled Tornado","Kunai","Fusion Hammer","Ornamental Fan","Singing Bowl","Strawberry"],"acts_visited":["Exordium","TheCity","TheBeyond","TheEnding"],"potions_floor_usage":[14,56],"damage_taken":[{"damage":0,"enemies":"Small Slimes","floor":1,"turns":4},{"damage":6,"enemies":"2 Louse","floor":5,"turns":3},{"damage":15,"enemies":"Lagavulin","floor":7,"turns":3},{"damage":17,"enemies":"Gremlin Nob","floor":10,"turns":4},{"damage":0,"enemies":"Jaw Worm","floor":12,"turns":4},{"damage":0,"enemies":"Lots of Slimes","floor":14,"turns":3},{"damage":0,"enemies":"Slime Boss","floor":16,"turns":4},{"damage":0,"enemies":"Shell Parasite","floor":18,"turns":2},{"damage":8,"enemies":"3 Byrds","floor":20,"turns":2},{"damage":0,"enemies":"Snecko","floor":21,"turns":4},{"damage":4,"enemies":"Snake Plant","floor":22,"turns":3},{"damage":0,"enemies":"Book of Stabbing","floor":23,"turns":5},{"damage":3,"enemies":"Slavers","floor":25,"turns":2},{"damage":0,"enemies":"Gremlin Leader","floor":28,"turns":3},{"damage":0,"enemies":"3 Cultists","floor":30,"turns":2},{"damage":0,"enemies":"Automaton","floor":33,"turns":1},{"damage":0,"enemies":"3 Darklings","floor":35,"turns":1},{"damage":0,"enemies":"Orb Walker","floor":38,"turns":1},{"damage":0,"enemies":"Giant Head","floor":40,"turns":2},{"damage":0,"enemies":"Writhing Mass","floor":42,"turns":1},{"damage":0,"enemies":"Maw","floor":44,"turns":1},{"damage":0,"enemies":"Sphere and 2 Shapes","floor":45,"turns":1},{"damage":0,"enemies":"Nemesis","floor":46,"turns":1},{"damage":0,"enemies":"3 Darklings","floor":47,"turns":1},{"damage":0,"enemies":"Jaw Worm Horde","floor":48,"turns":2},{"damage":0,"enemies":"Time Eater","floor":50,"turns":5},{"damage":0,"enemies":"Awakened One","floor":51,"turns":4},{"damage":0,"enemies":"Shield and Spear","floor":55,"turns":3},{"damage":10,"enemies":"The Heart","floor":56,"turns":6}],"seed_played":"-2928356688425992076","potions_obtained":[{"floor":7,"key":"Block Potion"},{"floor":10,"key":"Energy Potion"},{"floor":16,"key":"PotionOfCapacity"}],"is_trial":false,"path_per_floor":["M","?","?","?","M","R","E","R","T","E","?","M","R","M","R","B",null,"M","?","M","M","M","E","R","E","T","$","E","$","M","T","R","B",null,"M","$","?","M","?","E","R","M","T","M","M","E","M","M","R","B","B",null,"R","$","E","B",null],"character_chosen":"DEFECT","items_purchased":["Defragment","Flash of Steel","Symbiotic Virus","Dark Shackles","Storm","Finesse","Chemical X","Loop","Conserve Battery","Capacitor","Membership Card","Storm","Lee\u0027s Waffle","Defragment","DollysMirror","Defragment","Buffer","Storm","Panacea","Bandage Up","Static Discharge","Reinforced Body"],"campfire_rested":2,"item_purchase_floors":[0,0,0,0,0,0,0,0,0,0,0,0,0,0,27,27,29,36,36,54,54,54],"current_hp_per_floor":[78,55,55,60,54,54,39,39,39,72,61,61,61,61,61,61,78,78,78,70,70,66,66,66,63,63,63,63,63,63,63,63,83,83,83,83,79,79,69,69,69,69,69,69,71,73,75,77,87,87,87,87,87,87,96,90],"gold":34,"neow_bonus":"","is_daily":false,"chose_seed":false,"campfire_upgraded":6,"win_rate":0.0,"timestamp":1613191432,"path_taken":["M","?","?","?","M","R","E","R","T","E","?","M","R","M","R","BOSS","M","?","M","M","?","E","R","E","T","$","E","$","M","?","R","BOSS","M","$","?","M","?","E","R","M","T","M","M","E","M","M","R","BOSS","BOSS","R","$","E","BOSS"],"items_purchased_type":["Card","Card","Relic","Card","Card","Card","Relic","Card","Card","Card","Relic","Card","Relic","Card","Relic","Card","Card","Card","Card","Card","Card","Card"],"build_version":"2020-12-22","purchased_purges":8,"victory":true,"max_hp_per_floor":[78,78,78,83,83,83,83,83,83,83,83,83,83,83,83,83,83,83,83,83,83,83,83,83,83,83,83,83,83,83,83,83,83,83,83,83,79,79,79,79,79,79,79,79,81,83,85,87,87,87,87,87,87,87,96,96],"relic_stats":{"Lee\u0027s Waffle":101,"Singing Bowl":10,"counters":[86,440],"Mummified Hand":[504],"Ornamental Fan":[292],"Pantograph":77,"Bronze Scales":[134],"Chemical X":[16],"Kunai":[125],"obtain_stats":[{"Ice Cream":44,"Calipers":4,"CeramicFish":39,"Vajra":43,"Runic Capacitor":7,"Whetstone":24,"Bottled Tornado":12,"Boot":39,"Blood Vial":53,"Sundial":26,"DollysMirror":0,"Strawberry":53,"Philosopher\u0027s Stone":34,"MealTicket":14,"Fusion Hammer":34,"Necronomicon":20,"Kunai":30,"Toxic Egg 2":0,"Happy Flower":39,"Oddly Smooth Stone":13,"Pen Nib":39,"Letter Opener":28,"War Paint":3,"Question Card":40,"Cables":36,"Du-Vu Doll":25,"OrangePellets":0,"Bottled Flame":6,"Shuriken":46,"Bird Faced Urn":39,"Bronze Scales":43,"Molten Egg 2":0,"StrikeDummy":39,"Symbiotic Virus":0,"Pocketwatch":39,"Meat on the Bone":45,"Lantern":0,"Torii":39,"Singing Bowl":43,"StoneCalendar":39,"Bag of Preparation":0,"Juzu Bracelet":0,"Incense Burner":22,"TeardropLocket":0,"Empty Cage":17,"Ancient Tea Set":42,"Smiling Mask":48,"ClockworkSouvenir":0,"Nunchaku":39,"Dream Catcher":10,"Shovel":39,"Matryoshka":0,"Mummified Hand":42,"Pantograph":26,"Tiny Chest":2,"Red Mask":19,"Chemical X":0,"Cracked Core":3,"InkBottle":22,"Potion Belt":13,"Lee\u0027s Waffle":0,"Inserter":0,"PreservedInsect":23,"The Courier":38,"Omamori":3,"Odd Mushroom":11,"Orichalcum":42,"Medical Kit":39,"Mercury Hourglass":0,"Nuclear Battery":34,"Anchor":6,"DataDisk":25,"Ornamental Fan":40,"Bag of Marbles":47,"Membership Card":0,"PureWater":0,"FossilizedHelix":39,"Toy Ornithopter":54,"TungstenRod":0},{"Ice Cream":20,"Calipers":2,"CeramicFish":16,"Vajra":49,"Runic Capacitor":60,"Whetstone":69,"Bottled Tornado":4,"Boot":16,"Blood Vial":23,"Sundial":12,"DollysMirror":25,"Strawberry":23,"Philosopher\u0027s Stone":14,"MealTicket":34,"Fusion Hammer":73,"Necronomicon":8,"Kunai":13,"Toxic Egg 2":0,"Happy Flower":16,"Oddly Smooth Stone":33,"Pen Nib":16,"Letter Opener":41,"War Paint":58,"Question Card":17,"Cables":46,"Du-Vu Doll":12,"OrangePellets":0,"Bottled Flame":30,"Shuriken":21,"Bird Faced Urn":16,"Bronze Scales":19,"Molten Egg 2":0,"StrikeDummy":16,"Symbiotic Virus":57,"Pocketwatch":16,"Meat on the Bone":51,"Lantern":0,"Torii":16,"Singing Bowl":77,"StoneCalendar":16,"Bag of Preparation":0,"Juzu Bracelet":0,"Incense Burner":9,"TeardropLocket":0,"Empty Cage":6,"Ancient Tea Set":19,"Smiling Mask":53,"ClockworkSouvenir":25,"Nunchaku":16,"Dream Catcher":61,"Shovel":16,"Matryoshka":25,"Mummified Hand":19,"Pantograph":41,"Tiny Chest":26,"Red Mask":8,"Chemical X":57,"Cracked Core":58,"InkBottle":9,"Potion Belt":5,"Lee\u0027s Waffle":25,"Inserter":25,"PreservedInsect":10,"The Courier":16,"Omamori":1,"Odd Mushroom":4,"Orichalcum":49,"Medical Kit":16,"Mercury Hourglass":25,"Nuclear Battery":45,"Anchor":3,"DataDisk":41,"Ornamental Fan":76,"Bag of Marbles":53,"Membership Card":0,"PureWater":0,"FossilizedHelix":16,"Toy Ornithopter":24,"TungstenRod":25},{"Ice Cream":66,"Calipers":8,"CeramicFish":54,"Vajra":275,"Runic Capacitor":372,"Whetstone":403,"Bottled Tornado":17,"Boot":54,"Blood Vial":79,"Sundial":38,"DollysMirror":89,"Strawberry":79,"Philosopher\u0027s Stone":46,"MealTicket":175,"Fusion Hammer":411,"Necronomicon":29,"Kunai":42,"Toxic Egg 2":0,"Happy Flower":54,"Oddly Smooth Stone":168,"Pen Nib":54,"Letter Opener":232,"War Paint":368,"Question Card":59,"Cables":260,"Du-Vu Doll":38,"OrangePellets":0,"Bottled Flame":144,"Shuriken":72,"Bird Faced Urn":54,"Bronze Scales":65,"Molten Egg 2":0,"StrikeDummy":54,"Symbiotic Virus":364,"Pocketwatch":54,"Meat on the Bone":292,"Lantern":0,"Torii":54,"Singing Bowl":416,"StoneCalendar":54,"Bag of Preparation":0,"Juzu Bracelet":0,"Incense Burner":31,"TeardropLocket":0,"Empty Cage":23,"Ancient Tea Set":65,"Smiling Mask":304,"ClockworkSouvenir":89,"Nunchaku":54,"Dream Catcher":378,"Shovel":54,"Matryoshka":89,"Mummified Hand":65,"Pantograph":232,"Tiny Chest":93,"Red Mask":29,"Chemical X":364,"Cracked Core":368,"InkBottle":31,"Potion Belt":20,"Lee\u0027s Waffle":89,"Inserter":89,"PreservedInsect":33,"The Courier":54,"Omamori":6,"Odd Mushroom":17,"Orichalcum":275,"Medical Kit":54,"Mercury Hourglass":89,"Nuclear Battery":255,"Anchor":14,"DataDisk":232,"Ornamental Fan":415,"Bag of Marbles":304,"Membership Card":0,"PureWater":0,"FossilizedHelix":54,"Toy Ornithopter":83,"TungstenRod":89}],"Toy Ornithopter":18},"card_choices":[{"not_picked":["Cold Snap","Chill","Rebound"],"picked":"SKIP","floor":1},{"not_picked":["Skim","Stack","Auto Shields"],"picked":"SKIP","floor":5},{"not_picked":["Stack","Blizzard"],"picked":"Core Surge","floor":7},{"not_picked":["Gash","Compile Driver"],"picked":"Coolheaded","floor":10},{"not_picked":["Lockon","Sweeping Beam"],"picked":"Glacier","floor":12},{"not_picked":["Leap","Cold Snap","Barrage"],"picked":"SKIP","floor":14},{"not_picked":["Meteor Strike","Machine Learning"],"picked":"Electrodynamics","floor":16},{"not_picked":["Leap","Sweeping Beam","Melter"],"picked":"SKIP","floor":18},{"not_picked":["Sweeping Beam","Cold Snap"],"picked":"Hologram+1","floor":20},{"not_picked":["Go for the Eyes","Aggregate"],"picked":"Conserve Battery","floor":21},{"not_picked":["Ball Lightning","Undo+1"],"picked":"Capacitor","floor":22},{"not_picked":["Compile Driver","Core Surge"],"picked":"Coolheaded","floor":23},{"not_picked":["Darkness","Double Energy+1"],"picked":"Heatsinks","floor":25},{"not_picked":["Gash","Cold Snap","Hello World+1"],"picked":"SKIP","floor":28},{"not_picked":["Recycle","Turbo"],"picked":"Loop","floor":30},{"not_picked":["Electrodynamics","Reboot"],"picked":"Rainbow","floor":33},{"not_picked":["Barrage","White Noise","Streamline"],"picked":"SKIP","floor":35},{"not_picked":["Go for the Eyes","Ball Lightning+1","Hologram"],"picked":"SKIP","floor":38},{"not_picked":["Purity","Impatience"],"picked":"Mayhem","floor":39},{"not_picked":["Swift Strike","Panacea"],"picked":"Impatience","floor":39},{"not_picked":["Sadistic Nature","Jack Of All Trades"],"picked":"Dark Shackles","floor":39},{"not_picked":["Skim","White Noise","Coolheaded"],"picked":"SKIP","floor":40},{"not_picked":["Turbo","Redo"],"picked":"Reinforced Body+1","floor":42},{"not_picked":["Chaos+1","Rebound"],"picked":"Capacitor","floor":44},{"not_picked":["Melter","Leap","Go for the Eyes+1"],"picked":"Singing Bowl","floor":45},{"not_picked":["Lockon","Recycle+1","Heatsinks"],"picked":"Singing Bowl","floor":46},{"not_picked":["Fission","Redo","Conserve Battery"],"picked":"Singing Bowl","floor":47},{"not_picked":["Turbo","Gash","Steam Power+1"],"picked":"Singing Bowl","floor":48},{"not_picked":["Auto Shields","Steam+1","Coolheaded"],"picked":"Singing Bowl","floor":55}],"player_experience":297350,"relics_obtained":[{"floor":7,"key":"Omamori"},{"floor":10,"key":"Dream Catcher"},{"floor":23,"key":"Pantograph"},{"floor":25,"key":"Toy Ornithopter"},{"floor":26,"key":"DataDisk"},{"floor":28,"key":"Bronze Scales"},{"floor":31,"key":"Kunai"},{"floor":40,"key":"Ornamental Fan"},{"floor":43,"key":"Singing Bowl"},{"floor":46,"key":"Whetstone"},{"floor":55,"key":"Strawberry"}],"event_choices":[{"damage_healed":0,"gold_gain":0,"player_choice":"Entered Light","damage_taken":23,"max_hp_gain":0,"max_hp_loss":0,"event_name":"Shining Light","floor":2,"gold_loss":0,"cards_upgraded":["Loop","Conserve Battery"]},{"cards_removed":["Defend_B"],"damage_healed":0,"gold_gain":0,"player_choice":"Card Removal","damage_taken":0,"max_hp_gain":0,"max_hp_loss":0,"event_name":"The Cleric","floor":3,"gold_loss":75},{"damage_healed":0,"gold_gain":0,"player_choice":"Donut","damage_taken":0,"max_hp_gain":5,"max_hp_loss":0,"event_name":"Big Fish","floor":4,"gold_loss":0},{"damage_healed":0,"gold_gain":75,"player_choice":"Gather Gold","damage_taken":11,"max_hp_gain":0,"max_hp_loss":0,"event_name":"World of Goop","floor":11,"gold_loss":0},{"damage_healed":0,"gold_gain":0,"player_choice":"Copied","damage_taken":0,"max_hp_gain":0,"max_hp_loss":0,"event_name":"Duplicator","floor":19,"gold_loss":0,"cards_obtained":["Defragment"]},{"damage_healed":0,"gold_gain":0,"player_choice":"Max HP","damage_taken":0,"max_hp_gain":0,"max_hp_loss":4,"event_name":"Winding Halls","floor":37,"gold_loss":0},{"damage_healed":0,"gold_gain":0,"player_choice":"Memory 3","damage_taken":10,"max_hp_gain":0,"max_hp_loss":0,"event_name":"SensoryStone","floor":39,"gold_loss":0}],"is_beta":false,"boss_relics":[{"not_picked":["Busted Crown","Ectoplasm"],"picked":"Nuclear Battery"},{"not_picked":["SlaversCollar","Cursed Key"],"picked":"Fusion Hammer"}],"items_purged_floors":[0,0,0,0,27,29,36,54],"is_endless":false,"potions_floor_spawned":[7,10,12,16,21,23,28,30,35,40,42,47,55],"ascension_level":20}}