{"host":"uexz8m6e0pxi7xat","time":1613197892,"event":{"mods":["BaseMod","Bestiary","Minty Spire (QoL Compilation)","Relic Stats","ojb\u0027s Info Mod"],"gold_per_floor":[116,134,146,146,163,195,206,206,206,238,261,261,11,30,30,105,105,116,96,96,114,29,64,76,122,158,96,107,133,145,160,160,238,238,249,249,266,266,266,301,4,36,36,36,65,27,62,75,75,75,75,75,75,25,52,52],"floor_reached":57,"language":"ENG","playtime":8253,"items_purged":["Strike_R","Strike_R"],"score":3026,"play_id":"21beac98-87af-45ba-849e-2dc0adefe3fc","local_time":"20210213193132","is_ascension_mode":true,"campfire_choices":[{"data":"Clothesline","floor":8,"key":"SMITH"},{"data":"Immolate","floor":15,"key":"SMITH"},{"data":"Berserk","floor":24,"key":"SMITH"},{"data":"Feel No Pain","floor":32,"key":"SMITH"},{"data":"Demon Form","floor":44,"key":"SMITH"},{"floor":49,"key":"RECALL"},{"data":"Feel No Pain","floor":53,"key":"SMITH"}],"circlet_count":0,"master_deck":["AscendersBane","Strike_R+1","Strike_R","Strike_R","Defend_R","Defend_R","Defend_R","Defend_R","Bash+1","Anger","Intimidate","Second Wind","Shrug It Off","Clothesline+1","Power Through","Immolate+1","Intimidate","Berserk+1","Armaments+1","RitualDagger","Anger+1","Corruption","Ghostly Armor","Feel No Pain+1","Double Tap","Dark Embrace","Demon Form+1","Discovery","Chrysalis","Secret Technique","Battle Trance","Shockwave","Warcry","Feel No Pain+1"],"relics":["Runic Pyramid","Dead Branch","Juzu Bracelet","Centennial Puzzle","MealTicket","Pantograph","Mark of Pain","Thread and Needle","MawBank","PreservedInsect","Art of War","Orichalcum","Black Star","Lantern","Lizard Tail","Membership Card","Bag of Preparation","Pen Nib","StoneCalendar","Regal Pillow","Bag of Marbles","Toy Ornithopter","Vajra","Nunchaku","Whetstone"],"acts_visited":["Exordium","TheCity","TheBeyond","TheEnding"],"potions_floor_usage":[5,23,25,48,56,56],"damage_taken":[{"damage":1,"enemies":"Small Slimes","floor":1,"turns":5},{"damage":2,"enemies":"Jaw Worm","floor":2,"turns":3},{"damage":0,"enemies":"Cultist","floor":3,"turns":2},{"damage":23,"enemies":"Gremlin Gang","floor":5,"turns":6},{"damage":7,"enemies":"Lagavulin","floor":6,"turns":6},{"damage":2,"enemies":"2 Fungi Beasts","floor":7,"turns":4},{"damage":6,"enemies":"Gremlin Nob","floor":10,"turns":3},{"damage":0,"enemies":"Looter","floor":14,"turns":3},{"damage":8,"enemies":"Slime Boss","floor":16,"turns":6},{"damage":1,"enemies":"Chosen","floor":18,"turns":3},{"damage":4,"enemies":"Spheric Guardian","floor":21,"turns":5},{"damage":1,"enemies":"Book of Stabbing","floor":23,"turns":4},{"damage":0,"enemies":"Gremlin Leader","floor":25,"turns":4},{"damage":6,"enemies":"Chosen and Byrds","floor":28,"turns":3},{"damage":6,"enemies":"Book of Stabbing","floor":29,"turns":4},{"damage":2,"enemies":"Centurion and Healer","floor":30,"turns":3},{"damage":0,"enemies":"Snake Plant","floor":31,"turns":1},{"damage":5,"enemies":"Automaton","floor":33,"turns":8},{"damage":0,"enemies":"3 Darklings","floor":35,"turns":4},{"damage":3,"enemies":"Orb Walker","floor":37,"turns":4},{"damage":7,"enemies":"Giant Head","floor":40,"turns":7},{"damage":24,"enemies":"Nemesis","floor":42,"turns":7},{"damage":0,"enemies":"Giant Head","floor":45,"turns":4},{"damage":0,"enemies":"Reptomancer","floor":47,"turns":3},{"damage":0,"enemies":"Sphere and 2 Shapes","floor":48,"turns":6},{"damage":4,"enemies":"Donu and Deca","floor":50,"turns":7},{"damage":19,"enemies":"Time Eater","floor":51,"turns":7},{"damage":20,"enemies":"Shield and Spear","floor":55,"turns":5},{"damage":62,"enemies":"The Heart","floor":56,"turns":10}],"seed_played":"-3738760883071267443","potions_obtained":[{"floor":2,"key":"Fire Potion"},{"floor":3,"key":"SneckoOil"},{"floor":5,"key":"SkillPotion"},{"floor":19,"key":"LiquidBronze"},{"floor":23,"key":"LiquidBronze"},{"floor":25,"key":"SpeedPotion"},{"floor":29,"key":"Weak Potion"},{"floor":30,"key":"SteroidPotion"},{"floor":45,"key":"Fruit Juice"},{"floor":48,"key":"LiquidMemories"}],"is_trial":false,"path_per_floor":["M","M","M","?","M","E","M","R","T","E","T","?","$","M","R","B",null,"M","?","?","M","?","E","R","E","T","$","M","E","M","M","R","B",null,"M","?","M","?","?","E","$","E","T","R","E","$","E","M","R","B","B",null,"R","$","E","B",null],"character_chosen":"IRONCLAD","items_purchased":["Immolate","Feel No Pain","Membership Card","Bag of Preparation","Shockwave","Feel No Pain"],"campfire_rested":0,"item_purchase_floors":[13,27,41,41,41,46],"current_hp_per_floor":[67,65,65,65,42,35,33,33,33,27,27,27,42,42,42,59,71,70,70,64,60,60,59,59,59,59,74,68,62,60,60,60,70,74,74,71,68,68,58,51,66,42,42,42,42,57,57,67,67,72,57,71,71,76,56,24],"gold":52,"neow_bonus":"BOSS_RELIC","is_daily":false,"chose_seed":false,"campfire_upgraded":6,"win_rate":0.0,"timestamp":1613197892,"path_taken":["M","M","M","?","M","E","M","R","T","E","?","?","$","M","R","BOSS","M","?","?","M","?","E","R","E","T","$","M","E","M","M","R","BOSS","M","?","M","?","?","E","$","E","T","R","E","$","E","M","R","BOSS","BOSS","R","$","E","BOSS"],"items_purchased_type":["Card","Card","Relic","Relic","Card","Card"],"build_version":"2020-12-22","purchased_purges":2,"victory":true,"max_hp_per_floor":[75,75,75,75,75,75,75,75,75,75,75,75,75,75,75,75,75,75,75,75,75,75,75,75,75,75,75,75,75,75,75,75,75,75,75,71,71,71,71,71,71,71,71,71,71,71,71,76,76,76,76,76,76,76,76,76],"relic_stats":{"Regal Pillow":0,"counters":[29,137],"Dead Branch":[337],"StoneCalendar":[98],"PreservedInsect":491,"Pen Nib":[9],"Juzu Bracelet":2,"Bag of Preparation":[16],"Whetstone":["Anger","Strike_R"],"Orichalcum":[54],"MawBank":48,"Centennial Puzzle":[42],"Lizard Tail":0,"Nunchaku":[2],"Pantograph":73,"MealTicket":65,"Art of War":[13],"Black Star":5,"obtain_stats":[{"Lantern":40,"Regal Pillow":45,"Vajra":47,"StoneCalendar":42,"Juzu Bracelet":9,"Bag of Preparation":41,"Whetstone":55,"Burning Blood":0,"Centennial Puzzle":10,"Lizard Tail":40,"Nunchaku":55,"Pantograph":12,"MealTicket":11,"Runic Pyramid":0,"Dead Branch":6,"Thread and Needle":22,"PreservedInsect":25,"Pen Nib":42,"Orichalcum":29,"MawBank":23,"Mark of Pain":17,"Art of War":26,"Black Star":34,"Bag of Marbles":45,"Membership Card":41,"Toy Ornithopter":47},{"Lantern":21,"Regal Pillow":23,"Vajra":24,"StoneCalendar":22,"Juzu Bracelet":6,"Bag of Preparation":21,"Whetstone":28,"Burning Blood":0,"Centennial Puzzle":7,"Lizard Tail":21,"Nunchaku":28,"Pantograph":7,"MealTicket":7,"Runic Pyramid":0,"Dead Branch":5,"Thread and Needle":11,"PreservedInsect":13,"Pen Nib":22,"Orichalcum":15,"MawBank":12,"Mark of Pain":9,"Art of War":13,"Black Star":18,"Bag of Marbles":23,"Membership Card":21,"Toy Ornithopter":24},{"Lantern":88,"Regal Pillow":99,"Vajra":102,"StoneCalendar":95,"Juzu Bracelet":26,"Bag of Preparation":88,"Whetstone":127,"Burning Blood":0,"Centennial Puzzle":29,"Lizard Tail":88,"Nunchaku":127,"Pantograph":29,"MealTicket":29,"Runic Pyramid":0,"Dead Branch":22,"Thread and Needle":46,"PreservedInsect":54,"Pen Nib":95,"Orichalcum":61,"MawBank":50,"Mark of Pain":38,"Art of War":54,"Black Star":73,"Bag of Marbles":99,"Membership Card":88,"Toy Ornithopter":102}],"Toy Ornithopter":15},"card_choices":[{"not_picked":["Dropkick","Evolve"],"picked":"Anger","floor":1},{"not_picked":["Flame Barrier","True Grit"],"picked":"Intimidate","floor":2},{"not_picked":["Ghostly Armor","Flex"],"picked":"Second Wind","floor":3},{"not_picked":["Second Wind","Heavy Blade"],"picked":"Shrug It Off","floor":5},{"not_picked":["Limit Break","Thunderclap"],"picked":"Clothesline","floor":6},{"not_picked":["Shrug It Off","Headbutt"],"picked":"Power Through","floor":7},{"not_picked":["Wild Strike","Shockwave","Dark Embrace"],"picked":"SKIP","floor":10},{"not_picked":["Clothesline","Shrug It Off"],"picked":"Intimidate","floor":14},{"not_picked":["Limit Break","Bludgeon"],"picked":"Berserk","floor":16},{"not_picked":["Cleave+1","Flex"],"picked":"Armaments+1","floor":18},{"not_picked":["Havoc","Twin Strike"],"picked":"Anger","floor":21},{"not_picked":["Evolve","Rage"],"picked":"Corruption","floor":23},{"not_picked":["Cleave","Wild Strike"],"picked":"Ghostly Armor","floor":25},{"not_picked":["Pommel Strike","Heavy Blade","Cleave"],"picked":"SKIP","floor":28},{"not_picked":["Pommel Strike","Rage"],"picked":"Double Tap","floor":29},{"not_picked":["Clothesline","Heavy Blade","Whirlwind"],"picked":"SKIP","floor":30},{"not_picked":["Combust","Body Slam+1"],"picked":"Dark Embrace","floor":31},{"not_picked":["Reaper","Impervious"],"picked":"Demon Form","floor":33},{"not_picked":["Clothesline","Heavy Blade","Twin Strike"],"picked":"SKIP","floor":35},{"not_picked":["Clothesline","Heavy Blade","Twin Strike"],"picked":"SKIP","floor":35},{"not_picked":["Armaments","Power Through","Rage"],"picked":"SKIP","floor":37},{"not_picked":["Deep Breath","Finesse"],"picked":"Discovery","floor":39},{"not_picked":["Flash of Steel","Violence"],"picked":"Chrysalis","floor":39},{"not_picked":["Magnetism","Swift Strike"],"picked":"Secret Technique","floor":39},{"not_picked":["Carnage+1","Uppercut"],"picked":"Battle Trance","floor":40},{"not_picked":["Shockwave","Metallicize"],"picked":"Warcry","floor":42},{"not_picked":["Body Slam+1","Iron Wave","Evolve+1"],"picked":"SKIP","floor":45},{"not_picked":["Twin Strike","Shrug It Off","Rampage+1"],"picked":"SKIP","floor":47},{"not_picked":["Iron Wave","Carnage+1","Spot Weakness"],"picked":"SKIP","floor":48},{"not_picked":["Brutality","Flex","Headbutt"],"picked":"SKIP","floor":55}],"player_experience":992639,"relics_obtained":[{"floor":6,"key":"Dead Branch"},{"floor":9,"key":"Juzu Bracelet"},{"floor":10,"key":"Centennial Puzzle"},{"floor":11,"key":"MealTicket"},{"floor":23,"key":"MawBank"},{"floor":25,"key":"PreservedInsect"},{"floor":26,"key":"Art of War"},{"floor":29,"key":"Orichalcum"},{"floor":40,"key":"Lantern"},{"floor":40,"key":"Lizard Tail"},{"floor":42,"key":"Pen Nib"},{"floor":42,"key":"StoneCalendar"},{"floor":45,"key":"Regal Pillow"},{"floor":45,"key":"Bag of Marbles"},{"floor":47,"key":"Toy Ornithopter"},{"floor":47,"key":"Vajra"},{"floor":55,"key":"Nunchaku"},{"floor":55,"key":"Whetstone"}],"event_choices":[{"damage_healed":0,"gold_gain":0,"player_choice":"Grow","damage_taken":0,"max_hp_gain":0,"max_hp_loss":0,"event_name":"Living Wall","floor":4,"gold_loss":0,"cards_upgraded":["Bash"]},{"damage_healed":0,"gold_gain":0,"player_choice":"Gave Potion","damage_taken":0,"relics_obtained":["Pantograph"],"max_hp_gain":0,"max_hp_loss":0,"event_name":"WeMeetAgain","floor":12,"gold_loss":0},{"damage_healed":0,"gold_gain":0,"player_choice":"Bought 1 Potion","damage_taken":0,"max_hp_gain":0,"max_hp_loss":0,"event_name":"The Woman in Blue","floor":19,"gold_loss":0},{"damage_healed":0,"gold_gain":0,"player_choice":"Joined the Cult","damage_taken":6,"max_hp_gain":0,"max_hp_loss":0,"event_name":"Nest","floor":20,"gold_loss":0,"cards_obtained":["RitualDagger"]},{"damage_healed":0,"gold_gain":0,"player_choice":"Obtained Relic","damage_taken":0,"relics_obtained":["Thread and Needle"],"max_hp_gain":0,"max_hp_loss":0,"event_name":"Addict","floor":22,"gold_loss":85},{"damage_healed":0,"gold_gain":0,"player_choice":"Max HP","damage_taken":0,"max_hp_gain":0,"max_hp_loss":4,"event_name":"Winding Halls","floor":36,"gold_loss":0},{"damage_healed":0,"gold_gain":0,"player_choice":"Ignored","damage_taken":0,"max_hp_gain":0,"max_hp_loss":0,"event_name":"SecretPortal","floor":38,"gold_loss":0},{"damage_healed":0,"gold_gain":0,"player_choice":"Memory 3","damage_taken":10,"max_hp_gain":0,"max_hp_loss":0,"event_name":"SensoryStone","floor":39,"gold_loss":0}],"is_beta":false,"boss_relics":[{"not_picked":["Tiny House","Busted Crown"],"picked":"Mark of Pain"},{"not_picked":["Coffee Dripper","Empty Cage"],"picked":"Black Star"}],"items_purged_floors":[13,54],"is_endless":false,"potions_floor_spawned":[2,3,5,23,25,29,30,31,45,48],"ascension_level":20}}