{"host":"8e3sp1tozjyrh64l","time":1613192267,"event":{"mods":["BaseMod","Better Altar","Better Match","Better Note","Better Sensory Stone","Better Silent Start","Better Skull","Better Third Choice","BetterRewards","Curses Come First","Defuse TimeMaze Blight","Infinite Spire","Minty Spire (QoL Compilation)","Permanent Neow","Rare Cards Sparkle","Relic Sorter","Reliquary","Replay The Spire","Shop Mod","Spicy Shops","StSLib","SuperFastMode","Wandering Minibosses"],"gold_per_floor":[154,206,236,289,349,349,406,581,581,581,673,111,172,204,204,333,333,375,415,415,452,452,452,452],"floor_reached":23,"language":"ENG","playtime":1050,"items_purged":["Writhe","Doubt"],"score":220,"play_id":"12168e5f-ddb3-44d5-923b-586b15901ea3","local_time":"20210212215747","is_ascension_mode":false,"campfire_choices":[{"data":"HandOfGreed","floor":6,"key":"SMITH"},{"data":"Neutralize","floor":10,"key":"SMITH"},{"floor":15,"key":"DIG"}],"circlet_count":0,"master_deck":["Strike_G","Strike_G","Strike_G","Strike_G","Defend_G","Defend_G","Defend_G","Defend_G","Survivor","Neutralize+1","HandOfGreed+1","Acrobatics","Reflex","Prepared","Acrobatics","Tactician","Dagger Throw","Malaise","Backflip","Backstab"],"relics":["Ring of the Snake","infinitespire:ShieldingShard","Meat on the Bone","MerchantsRug","Darkstone Periapt","Vajra","ReplayTheSpireMod:Lightbulb","Black Star","Membership Card","SlaversCollar"],"acts_visited":["Exordium","TheCity"],"potions_floor_usage":[7,21],"damage_taken":[{"damage":8,"enemies":"Small Slimes","floor":1,"turns":7},{"damage":0,"enemies":"2 Louse","floor":2,"turns":4},{"damage":0,"enemies":"Cultist","floor":3,"turns":3},{"damage":0,"enemies":"2 Fungi Beasts","floor":4,"turns":3},{"damage":8,"enemies":"Large Slime","floor":5,"turns":12},{"damage":0,"enemies":"Gremlin Nob","floor":7,"turns":4},{"damage":0,"enemies":"3 Louse","floor":11,"turns":6},{"damage":0,"enemies":"2 Fungi Beasts","floor":13,"turns":4},{"damage":38,"enemies":"The Guardian","floor":16,"turns":12},{"damage":34,"enemies":"3 Byrds","floor":18,"turns":10},{"damage":0,"enemies":"Chosen","floor":19,"turns":6},{"damage":16,"enemies":"Snake Plant","floor":21,"turns":6},{"damage":29,"enemies":"Nightmare","floor":23,"turns":11}],"seed_played":"-7349924628766995290","potions_obtained":[{"floor":1,"key":"CunningPotion"},{"floor":2,"key":"infinitespire:BlackPotion"},{"floor":7,"key":"Fire Potion"},{"floor":13,"key":"Flashbang"},{"floor":18,"key":"Block Potion"}],"is_trial":false,"path_per_floor":["M","M","M","M","M","R","E","?","T","R","M","$","M","$","R","B",null,"M","M","?","M","AVR","NM"],"character_chosen":"THE_SILENT","items_purchased":["MerchantsRug","Darkstone Periapt","Vajra"],"campfire_rested":0,"item_purchase_floors":[12,12,12],"current_hp_per_floor":[41,41,41,41,33,33,33,33,33,33,45,51,51,51,51,25,76,42,42,42,38,38,9,9],"gold":452,"neow_bonus":"RANDOM_COLORLESS_2","is_daily":false,"chose_seed":false,"campfire_upgraded":2,"win_rate":0.0,"timestamp":1613192267,"path_taken":["M","M","M","M","M","R","E","?","T","R","M","$","M","$","R","BOSS","M","M","?","?","AVR","NM"],"items_purchased_type":["Relic","Relic","Relic"],"build_version":"2020-12-22","purchased_purges":2,"victory":false,"max_hp_per_floor":[70,70,70,70,70,70,70,70,70,70,70,76,76,76,76,76,76,76,76,76,76,76,76,76],"card_choices":[{"not_picked":["Secret Weapon","Master of Strategy"],"picked":"HandOfGreed","floor":0},{"not_picked":["Dagger Throw","Riddle With Holes"],"picked":"Acrobatics","floor":1},{"not_picked":["Reflex","Poisoned Stab","Backstab"],"picked":"SKIP","floor":2},{"not_picked":["Poisoned Stab","Backstab"],"picked":"Reflex","floor":2},{"not_picked":["Poisoned Stab","Underhanded Strike","Deflect"],"picked":"SKIP","floor":3},{"not_picked":["Flying Knee","Predator","PiercingWail"],"picked":"SKIP","floor":4},{"not_picked":["Deflect","Backflip"],"picked":"Prepared","floor":5},{"not_picked":["Underhanded Strike","Acrobatics","Escape Plan"],"picked":"SKIP","floor":7},{"not_picked":["Underhanded Strike","Escape Plan"],"picked":"Acrobatics","floor":7},{"not_picked":["Blade Dance","Dodge and Roll"],"picked":"Tactician","floor":11},{"not_picked":["Quick Slash","Blade Dance"],"picked":"Dagger Throw","floor":13},{"not_picked":["Burst","ReplayTheSpireMod:Necrosis"],"picked":"Malaise","floor":16},{"not_picked":["Bane+1","Blade Dance","Backflip"],"picked":"SKIP","floor":18},{"not_picked":["Bane+1","Blade Dance"],"picked":"Backflip","floor":18},{"not_picked":["Sucker Punch","Hidden Blade","Dagger Throw"],"picked":"SKIP","floor":19},{"not_picked":["Bane","Draining Mist"],"picked":"Backstab","floor":21}],"player_experience":928133,"relics_obtained":[{"floor":7,"key":"infinitespire:ShieldingShard"},{"floor":9,"key":"Meat on the Bone"},{"floor":15,"key":"ReplayTheSpireMod:Lightbulb"}],"event_choices":[{"damage_healed":0,"gold_gain":175,"player_choice":"AGREE","damage_taken":406,"max_hp_gain":0,"max_hp_loss":0,"event_name":"betterThird:BetterSerpent","floor":8,"gold_loss":0},{"damage_healed":0,"gold_gain":0,"player_choice":"Ignored","damage_taken":0,"max_hp_gain":0,"max_hp_loss":0,"event_name":"N\u0027loth","floor":20,"gold_loss":0}],"is_beta":false,"boss_relics":[{"not_picked":["ReplayTheSpireMod:DimensionalGlitch","Sozu"],"picked":"Black Star"}],"items_purged_floors":[12,12],"is_endless":false,"potions_floor_spawned":[1,2,7,13,18],"killed_by":"Nightmare","ascension_level":0}}