{"host":"91blwi3hgehj6ch9","time":1613210963,"event":{"mods":["2.2 Compatiblity","AchievementEnabler","BaseMod","Colored Map","DeckTracker","Keyboard Shortcuts","Minty Spire (QoL Compilation)","Permanent Neow","Quick Restart","StSLib","SuperFastMode","everything is the same but u backflip on backflip"],"gold_per_floor":[113,38,38,51,51,61,96,107,107,140,140,166,176,190,190,190,190],"floor_reached":16,"language":"KOR","playtime":425,"items_purged":["Strike_R"],"score":202,"play_id":"34f7ffdd-a65b-4926-adc4-00dd40f70a4b","local_time":"20210213190923","is_ascension_mode":true,"campfire_choices":[{"floor":11.0,"key":"REST"},{"floor":15,"key":"REST"}],"circlet_count":0,"master_deck":["Strike_R","Strike_R","Strike_R","Strike_R","Defend_R","Defend_R","Defend_R","Defend_R","Bash","Sword Boomerang","Rampage","Shrug It Off","Evolve"],"relics":["Burning Blood","Strawberry","Darkstone Periapt","Sundial","Pear","Calipers"],"acts_visited":["Exordium"],"potions_floor_usage":[],"damage_taken":[{"damage":7.0,"enemies":"Small Slimes","floor":1.0,"turns":4.0},{"damage":1.0,"enemies":"2 Louse","floor":4.0,"turns":3.0},{"damage":1.0,"enemies":"Cultist","floor":6.0,"turns":3.0},{"damage":24.0,"enemies":"Gremlin Nob","floor":7.0,"turns":4.0},{"damage":19.0,"enemies":"Large Slime","floor":8.0,"turns":6.0},{"damage":50.0,"enemies":"3 Sentries","floor":10.0,"turns":10.0},{"damage":61.0,"enemies":"Lagavulin","floor":12.0,"turns":9.0},{"damage":8.0,"enemies":"Lots of Slimes","floor":13.0,"turns":5.0},{"damage":8,"enemies":"Looter","floor":14,"turns":4},{"damage":50,"enemies":"Slime Boss","floor":16,"turns":6}],"seed_played":"6629975600975552322","potions_obtained":[{"floor":1.0,"key":"BlessingOfTheForge"},{"floor":6.0,"key":"Swift Potion"},{"floor":7.0,"key":"BloodPotion"},{"floor":12.0,"key":"BlessingOfTheForge"}],"is_trial":false,"path_per_floor":["M","$","?","M","?","M","E","M","T","E","R","E","M","M","R","B"],"character_chosen":"IRONCLAD","items_purchased":[],"campfire_rested":2,"item_purchase_floors":[],"current_hp_per_floor":[78,78,78,83,83,87,69,56,56,22,51,15,13,11,40,0,0],"gold":190,"neow_bonus":"RANDOM_COMMON_RELIC","is_daily":false,"chose_seed":false,"campfire_upgraded":0,"win_rate":0.0,"timestamp":1613210963,"path_taken":["M","$","?","M","?","?","E","M","T","E","R","E","M","M","R","BOSS"],"items_purchased_type":[],"build_version":"2020-12-22","purchased_purges":1,"victory":false,"max_hp_per_floor":[87,87,87,87,87,87,87,87,87,97,97,97,97,97,97,97,97],"card_choices":[{"not_picked":["Cleave","Shrug It Off"],"picked":"Sword Boomerang","floor":1.0},{"not_picked":["Iron Wave","Shockwave","Headbutt"],"picked":"SKIP","floor":4.0},{"not_picked":["Flex","Wild Strike"],"picked":"Rampage","floor":6.0},{"not_picked":["Havoc","Armaments","Clothesline"],"picked":"SKIP","floor":7.0},{"not_picked":["Rampage","Berserk","Sword Boomerang"],"picked":"SKIP","floor":8.0},{"not_picked":["Headbutt","Dropkick"],"picked":"Shrug It Off","floor":10.0},{"not_picked":["Thunderclap","Rampage"],"picked":"Evolve","floor":12.0},{"not_picked":["Body Slam","Clothesline","Bloodletting"],"picked":"SKIP","floor":13.0},{"not_picked":["Flex","Cleave","Evolve"],"picked":"SKIP","floor":14}],"player_experience":240836,"relics_obtained":[{"floor":7.0,"key":"Darkstone Periapt"},{"floor":9.0,"key":"Sundial"},{"floor":10.0,"key":"Pear"},{"floor":12.0,"key":"Calipers"}],"event_choices":[{"damage_healed":0.0,"max_hp_gain":0.0,"max_hp_loss":0.0,"gold_gain":0.0,"event_name":"The Cleric","player_choice":"Leave","floor":3.0,"gold_loss":0.0,"damage_taken":0.0},{"damage_healed":0.0,"max_hp_gain":0.0,"max_hp_loss":0.0,"gold_gain":0.0,"event_name":"The Woman in Blue","player_choice":"Bought 0 Potions","floor":5.0,"gold_loss":0.0,"damage_taken":0.0}],"is_beta":false,"boss_relics":[],"items_purged_floors":[2],"is_endless":false,"potions_floor_spawned":[1,6,7,10,12],"killed_by":"Slime Boss","ascension_level":9}}