{"host":"5wf60zc4jjt9ov65","time":1613185052,"event":{"mods":["AchievementEnabler","BaseMod","Beaked The Cultist","Bestiary","Better Altar","Better Match","Better Note","Better Sensory Stone","Better Skull","Better Third Choice","BetterRewards","Colored Map","Colored Powertips","Downfall","Googly Eyes","Halation","Highlight Path","Hubris","Infinite Spire","Minty Spire (QoL Compilation)","Permanent Neow","Quick Restart","Relic Sorter","Replay The Spire","StSLib","SuperFastMode","The Bug Knight","The Construct"],"gold_per_floor":[99,111,111,127,227,238,291,316,328,359,383,425,437,465,493,605,617,429,453,483,178,178,210,210,110,124,124,124,224,241,241,257,352,352,352,363,374,259,271,271,295,311,311,311,311,311,311],"floor_reached":45,"language":"ENG","playtime":3060,"items_purged":["Slimebound:Defend_Slimebound","Slimebound:CorrosiveSpit"],"score":489,"play_id":"95399e83-ca4a-4e9d-b016-2674df0fa769","local_time":"20210212215732","is_ascension_mode":false,"campfire_choices":[{"floor":1,"key":"RECALL"},{"data":"Slimebound:SlimeBarrage","floor":9,"key":"SMITH"},{"data":"Slimebound:MinionMaster","floor":18,"key":"SMITH"},{"data":"Slimebound:LevelUp","floor":25,"key":"SMITH"},{"data":"Slimebound:GoopSpray","floor":28,"key":"SMITH"},{"data":"Slimebound:PressTheAttack","floor":35,"key":"SMITH"},{"data":"infinitespire:NeuralNetwork","floor":40,"key":"SMITH"},{"data":"Slimebound:DuplicatedForm","floor":43,"key":"SMITH"}],"circlet_count":0,"master_deck":["Slimebound:Strike_Slimebound","Slimebound:Strike_Slimebound","Slimebound:Tackle","Slimebound:Defend_Slimebound","Slimebound:Defend_Slimebound","Slimebound:Split","Slimebound:SlimeBarrage+1","Slimebound:Schlurp","Slimebound:GoopSpray+1","Slimebound:RainOfGoop","Slimebound:SplitLeeching","Slimebound:Repurpose","Slimebound:MassFeed+1","Slimebound:SamplingLick","Slimebound:SplitMire","Slimebound:MinionMaster+1","Slimebound:Equalize","Slimebound:PressTheAttack","Slimebound:LevelUp+1","Slimebound:GrowthPunch","Slimebound:SlimeTap","Slimebound:SplitMire","Slimebound:OozeBath","ReplayTheSpireMod:Chaos Vortex","infinitespire:NeuralNetwork+1","Slimebound:PressTheAttack+1","Slimebound:MinionMaster","Slimebound:GrowthPunch","Parasite","Slimebound:FinishingTackle+1","Slimebound:DuplicatedForm+1","expansioncontent:Hexaburn"],"relics":["Slimebound:AbsorbEndCombat","hubris:DisguiseKit","MawBank","Juzu Bracelet","Velvet Choker","downfall:HeartBlessingRed","downfall:HeartBlessingGreen","halation:PromiseList","Nunchaku","downfall:HeartBlessingBlue","Eternal Feather","bronze:MakeshiftBattery","PreservedInsect"],"acts_visited":["Exordium","TheCity","TheBeyond"],"potions_floor_usage":[12,12,20,33],"damage_taken":[{"damage":2,"enemies":"2 Louse","floor":2,"turns":3},{"damage":8,"enemies":"Cultist","floor":4,"turns":5},{"damage":3,"enemies":"Small Slimes","floor":6,"turns":5},{"damage":1,"enemies":"3 Louse","floor":8,"turns":5},{"damage":8,"enemies":"Lots of Slimes","floor":10,"turns":5},{"damage":0,"enemies":"Blue Slaver","floor":11,"turns":5},{"damage":13,"enemies":"3 Sentries","floor":12,"turns":6},{"damage":0,"enemies":"2 Fungi Beasts","floor":14,"turns":4},{"damage":9,"enemies":"Large Slime","floor":15,"turns":8},{"damage":26,"enemies":"DF_ARCHETYPE_STREAMLINE","floor":16,"turns":10},{"damage":9,"enemies":"Shell Parasite","floor":19,"turns":7},{"damage":15,"enemies":"Centurion and Healer","floor":20,"turns":7},{"damage":0,"enemies":"downfall:FleeingMerchant","floor":21,"turns":4},{"damage":28,"enemies":"Slavers","floor":23,"turns":5},{"damage":18,"enemies":"Snake Plant","floor":26,"turns":4},{"damage":19,"enemies":"Sentry and Sphere","floor":30,"turns":5},{"damage":20,"enemies":"3 Cultists","floor":32,"turns":7},{"damage":38,"enemies":"IC_MUSHROOM_ARCHETYPE","floor":33,"turns":6},{"damage":5,"enemies":"Orb Walker","floor":36,"turns":4},{"damage":0,"enemies":"3 Shapes","floor":37,"turns":8},{"damage":10,"enemies":"downfall:FleeingMerchant","floor":38,"turns":4},{"damage":31,"enemies":"Writhing Mass","floor":39,"turns":5},{"damage":12,"enemies":"Spire Growth","floor":42,"turns":4},{"damage":122,"enemies":"Nightmare","floor":45,"turns":6}],"seed_played":"-2155563839686945997","potions_obtained":[{"floor":4,"key":"Strength Potion"},{"floor":6,"key":"Dexterity Potion"},{"floor":11,"key":"GamblersBrew"},{"floor":14,"key":"Ancient Potion"},{"floor":19,"key":"bronze:BurnAndBuffPotion"},{"floor":26,"key":"ColorlessPotion"},{"floor":33,"key":"Toxic Potion"},{"floor":42,"key":"Reflective Coating"}],"is_trial":false,"path_per_floor":["R_BF","M","?","M","?","M","T","M","R","M","M","E","?","M","M","B",null,"R_BF","M","M","$","?","E","T","R","M","?","R","?","M","AVR","M","B",null,"R","M","M","$","M","R","T","M","R","?","NM"],"character_chosen":"SLIMEBOUND","items_purchased":["halation:PromiseList","Slimebound:LevelUp"],"campfire_rested":0,"item_purchase_floors":[21,21],"current_hp_per_floor":[65,63,60,60,60,63,63,65,65,63,65,54,54,62,59,45,77,77,78,79,85,85,71,71,81,71,71,71,71,72,72,66,40,109,109,109,111,103,88,106,106,110,115,115,0,0,0],"gold":311,"neow_bonus":"REMOVE_CARD","is_daily":false,"chose_seed":false,"campfire_upgraded":7,"win_rate":0.0,"timestamp":1613185052,"path_taken":["R_BF","M","?","M","?","M","T","M","R","?","M","E","?","M","M","BOSS","R_BF","M","M","$","?","E","T","R","M","?","R","?","M","AVR","M","BOSS","R","M","M","$","M","R","T","M","R","?","NM"],"items_purchased_type":["Relic","Card"],"build_version":"2020-12-22","purchased_purges":2,"victory":false,"max_hp_per_floor":[65,65,65,65,65,65,65,65,65,65,65,65,65,69,73,77,77,77,81,85,85,85,89,89,99,103,103,103,103,107,107,109,109,109,109,109,111,111,111,111,111,115,115,115,115,115,115],"card_choices":[{"not_picked":["Slimebound:SlimeSpikes","Slimebound:MegaLick"],"picked":"Slimebound:SlimeBarrage","floor":2},{"not_picked":["Slimebound:MegaLick","Slimebound:SlimeSpikes","hubris:ReadiedAction"],"picked":"Slimebound:Schlurp","floor":4},{"not_picked":["Slimebound:FinishingTackle","Slimebound:HauntingLick","Flex"],"picked":"Slimebound:GoopSpray","floor":6},{"not_picked":["Slimebound:ProtectTheBoss","Slimebound:SlimeTap","Warcry"],"picked":"Slimebound:RainOfGoop","floor":8},{"not_picked":["Slimebound:ProtectTheBoss","Slimebound:LeechingTouch","Defy Death"],"picked":"Slimebound:SplitLeeching","floor":10},{"not_picked":["Slimebound:LeechEnergy","Slimebound:GoopTackle","Carnage"],"picked":"Slimebound:Repurpose","floor":11},{"not_picked":["Slimebound:Grow","Slimebound:LivingWall","Run Through"],"picked":"Slimebound:MassFeed","floor":12},{"not_picked":["Slimebound:ComboTackle","Slimebound:SlimeTap","Pommel Strike"],"picked":"Slimebound:SamplingLick","floor":14},{"not_picked":["Slimebound:ComboTackle","Slimebound:ItLooksTasty","Power Through"],"picked":"Slimebound:SplitMire","floor":15},{"not_picked":["Slimebound:MassFeed","Slimebound:SelfFormingGoo","Replay:Many Hands"],"picked":"Slimebound:MinionMaster","floor":16},{"not_picked":["Slimebound:ProtectTheBoss","Slimebound:SlimeSpikes","ReplayTheSpireMod:Muscle Training"],"picked":"Slimebound:Equalize","floor":19},{"not_picked":["Slimebound:GoopTackle","Slimebound:SlimeBarrage+1","Slimebound:SplitMire","Carnage"],"picked":"SKIP","floor":20},{"not_picked":["Slimebound:LivingWall","Slimebound:SplitMire+1","infinitespire:OneForAll"],"picked":"Slimebound:PressTheAttack","floor":21},{"not_picked":["Slimebound:SpikyOuterGoop","Slimebound:MegaLick","ReplayTheSpireMod:Muscle Training"],"picked":"Slimebound:SlimeTap","floor":23},{"not_picked":["Slimebound:RollThrough+1","Slimebound:LivingWall","Replay:Undeath\u0027s Touch"],"picked":"Slimebound:SplitMire","floor":26},{"not_picked":["Slimebound:RainOfGoop","Slimebound:SplitAcid","Wild Strike"],"picked":"Slimebound:OozeBath","floor":30},{"not_picked":["Slimebound:LeechEnergy","Slimebound:ItLooksTasty+1","Perfected Strike"],"picked":"Slimebound:PressTheAttack","floor":32},{"not_picked":["Slimebound:WasteNot","Slimebound:OneTwoCombo","Eclipse"],"picked":"Slimebound:MinionMaster","floor":33},{"not_picked":["Slimebound:RainOfGoop","Slimebound:Nibble+1","Slimebound:SlimeSpikes","Pommel Strike"],"picked":"SKIP","floor":36},{"not_picked":["Slimebound:SplitMire","Slimebound:SamplingLick+1","Heavy Blade"],"picked":"Slimebound:GrowthPunch","floor":37},{"not_picked":["Slimebound:LeechEnergy+1","Slimebound:ItLooksTasty","Slimebound:DouseInSlime","Run Through"],"picked":"SKIP","floor":38},{"not_picked":["Slimebound:SplitBruiser","Slimebound:GrowthPunch+1","Havoc"],"picked":"Slimebound:FinishingTackle+1","floor":39},{"not_picked":["Slimebound:RainOfGoop+1","Slimebound:GoopSpray+1","hubris:ReadiedAction"],"picked":"Slimebound:DuplicatedForm","floor":42},{"not_picked":["expansioncontent:PolyBeam","Replay:SS_forest_2"],"picked":"expansioncontent:Hexaburn","floor":44}],"player_experience":170234,"relics_obtained":[{"floor":7,"key":"MawBank"},{"floor":12,"key":"Juzu Bracelet"},{"floor":23,"key":"Nunchaku"},{"floor":41,"key":"PreservedInsect"}],"event_choices":[{"damage_healed":0,"gold_gain":0,"player_choice":"Success","damage_taken":3,"relics_obtained":["hubris:DisguiseKit"],"max_hp_gain":0,"max_hp_loss":0,"event_name":"Scrap Ooze","floor":3,"gold_loss":0},{"damage_healed":0,"gold_gain":100,"player_choice":"Gold","damage_taken":0,"max_hp_gain":0,"max_hp_loss":0,"event_name":"Wheel of Change","floor":5,"gold_loss":0},{"damage_healed":0,"gold_gain":0,"player_choice":"Grow","damage_taken":0,"max_hp_gain":0,"max_hp_loss":0,"event_name":"Living Wall","floor":13,"gold_loss":0,"cards_upgraded":["Slimebound:MassFeed"]},{"damage_healed":0,"gold_gain":0,"player_choice":"Ignored","damage_taken":0,"max_hp_gain":0,"max_hp_loss":0,"event_name":"betterNote:BetterNote","floor":27,"gold_loss":0,"cards_obtained":["hubris:InfiniteBlow"]}],"is_beta":false,"boss_relics":[{"not_picked":["halation:Risk","Philosopher\u0027s Stone"],"picked":"Velvet Choker"},{"not_picked":["halation:ForbiddenBikini","halation:MonkeysPaw"],"picked":"bronze:MakeshiftBattery"}],"items_purged_floors":[21,38],"is_endless":false,"potions_floor_spawned":[4,6,11,14,19,26,33,42],"killed_by":"Nightmare","ascension_level":0}}