{"host":"91blwi3hgehj6ch9","time":1613209933,"event":{"mods":["2.2 Compatiblity","AchievementEnabler","BaseMod","Colored Map","DeckTracker","Keyboard Shortcuts","Minty Spire (QoL Compilation)","Permanent Neow","Quick Restart","StSLib","SuperFastMode","everything is the same but u backflip on backflip"],"gold_per_floor":[119,137,62,73,85,85,85,105,105,105,105,122,139,139,139,235,235,251,262,13,23,23,23,34,53,77,105,141,63,75,75],"floor_reached":30,"language":"KOR","playtime":1274,"items_purged":["Strike_B","Strike_B"],"score":237,"play_id":"438b27a2-f7f8-452d-bfcd-e7faab60efd8","local_time":"20210213185213","is_ascension_mode":true,"campfire_choices":[{"data":"Dualcast","floor":7,"key":"SMITH"},{"data":"Coolheaded","floor":11,"key":"SMITH"},{"data":"Zap","floor":15,"key":"SMITH"},{"floor":23,"key":"REST"}],"circlet_count":0,"master_deck":["Defend_B","Defend_B","Defend_B+1","Defend_B","Zap+1","Dualcast+1","Redo","Streamline","Coolheaded+1","Gash","BootSequence","Self Repair","Reboot+1","Conserve Battery","Hologram","Seek","Glacier+1","Scrape","Gash"],"relics":["Cracked Core","FossilizedHelix","Nunchaku","Inserter","MawBank","Omamori"],"acts_visited":["Exordium","TheCity"],"potions_floor_usage":[8,14,16,16,27],"damage_taken":[{"damage":0.0,"enemies":"Jaw Worm","floor":1.0,"turns":3.0},{"damage":0.0,"enemies":"2 Louse","floor":2.0,"turns":3.0},{"damage":0.0,"enemies":"Cultist","floor":4.0,"turns":3.0},{"damage":0.0,"enemies":"Large Slime","floor":5.0,"turns":8.0},{"damage":0,"enemies":"Lots of Slimes","floor":8,"turns":2},{"damage":0,"enemies":"3 Louse","floor":12,"turns":3},{"damage":8,"enemies":"Exordium Wildlife","floor":13,"turns":5},{"damage":5,"enemies":"The Guardian","floor":16,"turns":13},{"damage":38,"enemies":"3 Byrds","floor":18,"turns":5},{"damage":18,"enemies":"Chosen","floor":19,"turns":7},{"damage":33,"enemies":"3 Cultists","floor":21,"turns":7},{"damage":5,"enemies":"Snake Plant","floor":24,"turns":6},{"damage":9,"enemies":"Sentry and Sphere","floor":25,"turns":10},{"damage":0,"enemies":"Centurion and Healer","floor":27,"turns":9},{"damage":59,"enemies":"Gremlin Leader","floor":30,"turns":5}],"seed_played":"-2253091685911254444","potions_obtained":[{"floor":5,"key":"Explosive Potion"},{"floor":12,"key":"Fruit Juice"},{"floor":13,"key":"PowerPotion"},{"floor":14,"key":"CultistPotion"},{"floor":14,"key":"Swift Potion"},{"floor":16,"key":"GamblersBrew"},{"floor":18,"key":"FearPotion"},{"floor":21,"key":"Ancient Potion"},{"floor":25,"key":"FocusPotion"}],"is_trial":false,"path_per_floor":["M","M","$","M","M","?","R","M","T","?","R","M","M","?","R","B",null,"M","M","$","M","?","R","M","M","T","M","T","?","E"],"character_chosen":"DEFECT","items_purchased":["Seek"],"campfire_rested":1,"item_purchase_floors":[20],"current_hp_per_floor":[54,54,54,54,54,59,59,59,59,59,59,59,51,56,56,58,85,54,43,43,17,17,42,44,42,42,49,49,49,0,0],"gold":75,"neow_bonus":"ONE_RARE_RELIC","is_daily":false,"chose_seed":false,"campfire_upgraded":3,"win_rate":0.0,"timestamp":1613209933,"path_taken":["M","M","$","M","M","?","R","M","T","?","R","M","?","?","R","BOSS","M","?","$","M","?","R","M","?","T","M","?","?","E"],"items_purchased_type":["Card"],"build_version":"2020-12-22","purchased_purges":2,"victory":false,"max_hp_per_floor":[75,75,75,75,75,80,80,80,80,80,80,80,80,85,85,85,85,85,85,85,85,85,85,85,85,85,85,85,85,85,85],"card_choices":[{"not_picked":["Leap","Skim"],"picked":"Redo","floor":1.0},{"not_picked":["Static Discharge","Hologram"],"picked":"Streamline","floor":2.0},{"not_picked":["Doom and Gloom","Static Discharge"],"picked":"Coolheaded","floor":4.0},{"not_picked":["Stack","Rebound","Go for the Eyes"],"picked":"SKIP","floor":5},{"not_picked":["Steam","Hello World"],"picked":"Gash","floor":8},{"not_picked":["Melter","Lockon"],"picked":"BootSequence","floor":12},{"not_picked":["Darkness","Coolheaded"],"picked":"Self Repair","floor":13},{"not_picked":["Machine Learning","All For One"],"picked":"Reboot","floor":16},{"not_picked":["Barrage","Cold Snap"],"picked":"Conserve Battery","floor":18},{"not_picked":["Barrage+1","Blizzard"],"picked":"Hologram","floor":19},{"not_picked":["Hello World","Chaos"],"picked":"Glacier+1","floor":21},{"not_picked":["Tempest+1","Lockon+1","FTL+1"],"picked":"SKIP","floor":24},{"not_picked":["Conserve Battery","Streamline"],"picked":"Scrape","floor":25},{"not_picked":["Reprogram","Self Repair"],"picked":"Gash","floor":27}],"player_experience":239560,"relics_obtained":[{"floor":9,"key":"Nunchaku"},{"floor":26,"key":"MawBank"},{"floor":28,"key":"Omamori"}],"event_choices":[{"damage_healed":0,"gold_gain":0,"player_choice":"Donut","damage_taken":0,"max_hp_gain":5,"max_hp_loss":0,"event_name":"Big Fish","floor":6,"gold_loss":0},{"cards_removed":["Strike_B"],"damage_healed":0,"gold_gain":0,"player_choice":"Purged","damage_taken":0,"max_hp_gain":0,"max_hp_loss":0,"event_name":"Purifier","floor":10,"gold_loss":0},{"damage_healed":0,"gold_gain":0,"player_choice":"Got Potions","damage_taken":0,"max_hp_gain":0,"max_hp_loss":0,"event_name":"Lab","floor":14,"gold_loss":0},{"damage_healed":0,"gold_gain":0,"player_choice":"Forge","damage_taken":0,"max_hp_gain":0,"max_hp_loss":0,"event_name":"Accursed Blacksmith","floor":22,"gold_loss":0,"cards_upgraded":["Reboot"]},{"cards_removed":["Strike_B"],"damage_healed":0,"gold_gain":0,"player_choice":"Upgrade and Remove","damage_taken":0,"max_hp_gain":0,"max_hp_loss":0,"event_name":"Designer","floor":29,"gold_loss":90,"cards_upgraded":["Defend_B"]}],"is_beta":false,"boss_relics":[{"not_picked":["Astrolabe","Ectoplasm"],"picked":"Inserter"}],"items_purged_floors":[3,20],"is_endless":false,"potions_floor_spawned":[5,12,13,16,18,21,24,25],"killed_by":"Gremlin Leader","ascension_level":1}}