{"host":"3e3mwsgb9gfqiuxm","time":1613246300,"event":{"mods":["Act Like it!","BaseMod","Colored Map","Colored Powertips","Downfall","Gensokyo","Hermit","Hubris","Infinite Spire","Jorbs\u0027s Wanderer Trilogy","Koishi","Marisa????????","Minty Spire (QoL Compilation)","Quick Restart","Rare Cards Sparkle","Reimu??????","Remilia??????","Replay The Spire","Shop Mod","StSLib","SuperFastMode","Td1madao Mod","The Animator","The Bug Knight","The Cursed","The Hierophant","The Servant 0.9.4","everything is the same but u backflip on backflip","slay the spire mod where everything is the same but ironclad has a cowboy hat"],"gold_per_floor":[117,117,42,42,42,72,72,46,46,46,99,137,137,87,87,229,279,333,393,393,411,411,411,411,411],"floor_reached":24,"language":"ENG","playtime":473,"items_purged":["Strike_MRS"],"score":338,"play_id":"1bc4a701-6311-4571-89a1-d0702e9cb223","local_time":"20210213145820","is_ascension_mode":true,"campfire_choices":[{"data":"ShootingEcho","floor":7,"key":"SMITH"},{"data":"WitchOfGreed","floor":10,"key":"SMITH"},{"data":"WitchLeyline","floor":15,"key":"SMITH"},{"data":"WitchOfGreed","floor":23,"key":"SMITH"}],"circlet_count":0,"master_deck":["Strike_MRS","Strike_MRS","Defend_MRS+1","Defend_MRS","Defend_MRS","Defend_MRS","MasterSpark+1","UpSweep","ShootingEcho+1","GasGiant","WitchOfGreed+1","ShootingEcho","WitchOfGreed+1","WitchLeyline+1","MaximisePower","DarkSpark+1","MeteoricShower+1","Gensokyo:FourOfAKind","Gensokyo:FourOfAKind","Gensokyo:FourOfAKind","Gensokyo:FourOfAKind","SprinkleStarSeal+1"],"relics":["MiniHakkero","NeowsBlessing","Ancient Tea Set","Omamori","Replay:Bottled Snecko","MealTicket","Tiny House","Gensokyo:SongOfSouls"],"acts_visited":["Exordium","Gensokyo:Gensokyoer"],"potions_floor_usage":[16,19,19,21,21,24],"damage_taken":[{"damage":0,"enemies":"Jaw Worm","floor":1,"turns":1},{"damage":0,"enemies":"Gremlin Nob","floor":6,"turns":1},{"damage":0,"enemies":"3 Sentries","floor":11,"turns":3},{"damage":1,"enemies":"2 Louse","floor":12,"turns":2},{"damage":13,"enemies":"The Guardian","floor":16,"turns":11},{"damage":7,"enemies":"Gensokyo:2_Gloops","floor":18,"turns":5},{"damage":3,"enemies":"Gensokyo:CosmicMonolith","floor":19,"turns":4},{"damage":39,"enemies":"Gensokyo:Slime_Group","floor":21,"turns":3},{"damage":19,"enemies":"Gensokyo:Tenshi","floor":24,"turns":2}],"seed_played":"2184358288800224350","potions_obtained":[{"floor":11,"key":"StarNLove"},{"floor":11,"key":"SkillPotion"},{"floor":12,"key":"LiquidMemories"},{"floor":16,"key":"LifebloodPotion"},{"floor":16,"key":"BottledSpark"},{"floor":19,"key":"CultistPotion"},{"floor":19,"key":"Fire Potion"},{"floor":21,"key":"ColorlessPotion"}],"is_trial":false,"path_per_floor":["M","?","$","?","$","E","R","$","T","R","E","M","?","$","R","B",null,"M","M","?","M","?","R","E"],"character_chosen":"MARISA","items_purchased":["WitchOfGreed","WitchLeyline"],"campfire_rested":0,"item_purchase_floors":[8,14],"current_hp_per_floor":[75,63,63,63,63,63,63,63,63,63,63,62,62,75,75,62,77,70,67,56,17,17,17,0,0],"gold":411,"neow_bonus":"THREE_ENEMY_KILL","is_daily":false,"chose_seed":false,"campfire_upgraded":4,"win_rate":0.0,"timestamp":1613246300,"path_taken":["M","?","$","?","$","E","R","$","T","R","E","M","?","?","R","BOSS","M","M","?","?","?","R","E"],"items_purchased_type":["Card","Card"],"build_version":"2020-12-22","purchased_purges":1,"victory":false,"max_hp_per_floor":[75,75,75,75,75,75,75,75,75,75,75,75,75,75,75,75,80,80,80,56,56,56,56,56,56],"card_choices":[{"not_picked":["ManaConvection","EnergyRecoil"],"picked":"ShootingEcho","floor":1},{"not_picked":["GrandCross","DoubleSpark"],"picked":"GasGiant","floor":6},{"not_picked":["6A","EnergyRecoil"],"picked":"ShootingEcho","floor":11},{"not_picked":["NonDirectionalLaser","ShootingEcho"],"picked":"WitchOfGreed","floor":12},{"not_picked":["BigCrunch","CollectingQuirk"],"picked":"MaximisePower","floor":16},{"not_picked":["SporeBomb","Acceleration"],"picked":"DarkSpark+1","floor":18},{"not_picked":["DoubleSpark","Acceleration+1"],"picked":"MeteoricShower+1","floor":19},{"not_picked":["DoubleSpark","UnstableBomb+1"],"picked":"SprinkleStarSeal+1","floor":21}],"player_experience":1385719,"relics_obtained":[{"floor":6,"key":"Omamori"},{"floor":9,"key":"Replay:Bottled Snecko"},{"floor":11,"key":"MealTicket"}],"event_choices":[{"damage_healed":0,"gold_gain":0,"player_choice":"Success","damage_taken":12,"relics_obtained":["Ancient Tea Set"],"max_hp_gain":0,"max_hp_loss":0,"event_name":"Scrap Ooze","floor":2,"gold_loss":0}],"is_beta":false,"boss_relics":[{"not_picked":["hubris:ScarierMask","Snecko Eye"],"picked":"Tiny House"}],"items_purged_floors":[3],"is_endless":false,"potions_floor_spawned":[11,16,21],"killed_by":"Gensokyo:Tenshi","ascension_level":5}}