{"host":"xspno2hvvkg1vi3z","time":1613205024,"event":{"mods":["100% Spire Juice","BaseMod","Downfall","Energized Spire","Minty Spire (QoL Compilation)","StSLib"],"gold_per_floor":[99,99,99,99,163,163,189,224,250,250,268,268,268,294,319,425,425,325,350,350,373,408,408,408,408,408],"floor_reached":25,"language":"ZHS","playtime":919,"items_purged":[],"score":199,"play_id":"f6432b7c-b004-4413-9197-e55a95227578","local_time":"20210213163024","is_ascension_mode":false,"campfire_choices":[{"data":"hexamod:Float","floor":1.0,"key":"SMITH"},{"data":"hexamod:Sear","floor":6.0,"key":"SMITH"},{"data":"hexamod:SoulSteal","floor":10.0,"key":"SMITH"},{"data":"hexamod:GhostflameInferno","floor":18.0,"key":"SMITH"},{"floor":23,"key":"RECALL"}],"circlet_count":0,"master_deck":["hexamod:Strike","hexamod:Strike","hexamod:Strike","hexamod:Strike","hexamod:Defend","hexamod:Defend","hexamod:Defend","hexamod:Defend","hexamod:Sear+1","hexamod:Float+1","hexamod:SecondSeal","hexamod:FirstSeal","hexamod:SoulSteal+1","hexamod:ForkedFlame+1","hexamod:NecessarySacrifice+1","hexamod:FlamesFromBeyond","hexamod:GhostflameInferno+1","CurseOfTheBell","hexamod:SecondSeal"],"relics":["hexamod:SpiritBrand","downfall:HeartsMalice","Blue Candle","Mercury Hourglass","Nunchaku","Gremlin Horn","Pocketwatch","Calling Bell","Strawberry","Darkstone Periapt","Unceasing Top","downfall:HeartBlessingGreen"],"acts_visited":["Exordium","TheCity"],"potions_floor_usage":[],"damage_taken":[{"damage":0.0,"enemies":"2 Louse","floor":2.0,"turns":1.0},{"damage":0.0,"enemies":"Small Slimes","floor":3.0,"turns":1.0},{"damage":0.0,"enemies":"Gremlin Nob","floor":5.0,"turns":1.0},{"damage":26.0,"enemies":"3 Sentries","floor":8.0,"turns":9.0},{"damage":1.0,"enemies":"Cultist","floor":9.0,"turns":4.0},{"damage":12.0,"enemies":"Gremlin Gang","floor":11.0,"turns":4.0},{"damage":5.0,"enemies":"Exordium Thugs","floor":14.0,"turns":3.0},{"damage":0.0,"enemies":"Large Slime","floor":15.0,"turns":3.0},{"damage":31.0,"enemies":"DF_ARCHETYPE_STREAMLINE","floor":16.0,"turns":6.0},{"damage":0.0,"enemies":"Chosen","floor":19.0,"turns":3.0},{"damage":22,"enemies":"Snecko","floor":21,"turns":6},{"damage":20,"enemies":"Sentry and Sphere","floor":22,"turns":3},{"damage":70,"enemies":"Snake Plant","floor":25,"turns":5}],"seed_played":"2376825680021008688","potions_obtained":[{"floor":5.0,"key":"Fire Potion"},{"floor":9.0,"key":"Guardian:BlockOnCardUsePotion"},{"floor":11.0,"key":"Regen Potion"},{"floor":14.0,"key":"Strength Potion"},{"floor":16.0,"key":"FairyPotion"}],"is_trial":false,"path_per_floor":["R","M","M","?","?","R","T","E","M","R","M","?","?","M","M","B",null,"R","M","?","M","M","R","T","M"],"character_chosen":"THE_SPIRIT","items_purchased":[],"campfire_rested":0,"item_purchase_floors":[],"current_hp_per_floor":[70,70,70,65,65,65,65,39,45,45,40,28,28,30,37,6,77,77,77,77,55,42,42,42,0,0],"gold":408,"neow_bonus":"THREE_ENEMY_KILL","is_daily":false,"chose_seed":false,"campfire_upgraded":4,"win_rate":0.0,"timestamp":1613205024,"path_taken":["R","M","M","?","?","R","T","E","M","R","M","?","?","M","M","BOSS","R","M","?","?","M","R","T","M"],"items_purchased_type":[],"build_version":"2020-12-22","purchased_purges":0,"victory":false,"max_hp_per_floor":[70,70,70,70,70,70,70,70,70,70,70,70,70,70,70,70,77,77,77,77,77,77,77,77,77,77],"card_choices":[{"not_picked":["hexamod:StepThrough","hexamod:AdvancingGuard","hexamod:Hexaguard"],"picked":"SKIP","floor":2.0},{"not_picked":["hexamod:PowerFromBeyond","hexamod:ShieldOfDarkness"],"picked":"hexamod:SecondSeal","floor":3.0},{"not_picked":["hexamod:ThermalTransfer","hexamod:SwordOfDarkness"],"picked":"hexamod:FirstSeal","floor":8.0},{"not_picked":["hexamod:ShieldOfDarkness","hexamod:GhostShield"],"picked":"hexamod:SoulSteal","floor":9.0},{"not_picked":["hexamod:FlamesFromBeyond","hexamod:GhostOfSpirePast"],"picked":"hexamod:ForkedFlame","floor":11.0},{"not_picked":["hexamod:Firestarter","hexamod:BurningTouch"],"picked":"hexamod:NecessarySacrifice","floor":14.0},{"not_picked":["hexamod:NecessarySacrifice","hexamod:HauntingEcho"],"picked":"hexamod:FlamesFromBeyond","floor":15.0},{"not_picked":["hexamod:ParanormalForm","hexamod:UnlimitedPower"],"picked":"hexamod:GhostflameInferno","floor":16.0},{"not_picked":["hexamod:PhantomFireball","hexamod:AdvancingGuard"],"picked":"hexamod:SecondSeal","floor":19},{"not_picked":["hexamod:HauntingEcho+1","hexamod:ShieldOfDarkness","hexamod:FlamesFromBeyond"],"picked":"SKIP","floor":21},{"not_picked":["hexamod:SpectralAdrenaline","hexamod:BacktrackSmack","hexamod:FlamesFromBeyond"],"picked":"SKIP","floor":22}],"player_experience":205196,"relics_obtained":[{"floor":5.0,"key":"Mercury Hourglass"},{"floor":7.0,"key":"Nunchaku"},{"floor":8.0,"key":"Gremlin Horn"},{"floor":17.0,"key":"Strawberry"},{"floor":17.0,"key":"Darkstone Periapt"},{"floor":17.0,"key":"Unceasing Top"}],"event_choices":[{"damage_healed":0.0,"max_hp_gain":0.0,"max_hp_loss":0.0,"gold_gain":0.0,"event_name":"Scrap Ooze","player_choice":"Success","floor":12.0,"gold_loss":0.0,"damage_taken":12.0,"relics_obtained":["Pocketwatch"]}],"is_beta":false,"boss_relics":[{"not_picked":["SacredBark","Runic Pyramid"],"picked":"Calling Bell"}],"items_purged_floors":[],"is_endless":false,"potions_floor_spawned":[5,9,11,14,16],"killed_by":"Snake Plant","ascension_level":0}}