{"host":"y0i0tbisecj7yjyn","time":1613204942,"event":{"mods":["AchievementEnabler","AlwaysNeverKeys","BaseMod","BetterRewards","Colored Map","Colored Powertips","Curses Come First","Disable Question Mark Monsters","Displayed Cursed Tome","Highlight Path","Keyboard Shortcuts","Minty Spire (QoL Compilation)","Quick Restart","Random Character Button","Rare Cards Sparkle","StSLib","SuperFastMode","Transform Curses","Weighted Paths"],"gold_per_floor":[113,113,128,128,128,128,155,171,171,21,21,35,66,77,77,173,173,188,198,212,225,236,236,269,269,269,269,285,55,89,89,89,188,188,208,222,242,242,291,291,325,325,348,348,376,394,142,157,157,157,157,157,22,47,47,47],"floor_reached":55,"language":"ENG","playtime":2996,"items_purged":[],"score":852,"play_id":"4aab3ff7-eb50-4d80-bb13-ddd23dbbc429","local_time":"20210213022902","is_ascension_mode":true,"campfire_choices":[{"data":"Perfected Strike","floor":6.0,"key":"SMITH"},{"data":"Strike_R","floor":11.0,"key":"SMITH"},{"data":"Wild Strike","floor":15.0,"key":"SMITH"},{"data":"Demon Form","floor":23.0,"key":"SMITH"},{"data":"Feed","floor":25.0,"key":"SMITH"},{"floor":27.0,"key":"REST"},{"data":"Perfected Strike","floor":32.0,"key":"SMITH"},{"data":"Metallicize","floor":40.0,"key":"SMITH"},{"data":"Pummel","floor":42.0,"key":"SMITH"},{"data":"Strike_R","floor":44.0,"key":"SMITH"},{"data":"Strike_R","floor":49.0,"key":"SMITH"},{"data":"Strike_R","floor":52,"key":"SMITH"}],"circlet_count":0,"master_deck":["Strike_R+1","Strike_R+1","Strike_R+1","Strike_R+1","Strike_R+1","Defend_R","Defend_R","Defend_R","Defend_R","Bash+1","Hemokinesis+1","Perfected Strike+1","Infernal Blade+1","Wild Strike+1","Double Tap+1","Demon Form+1","Flex+1","Feed+1","Armaments+1","Pummel+1","Dual Wield+1","Perfected Strike+1","Bandage Up+1","Pummel+1","Perfected Strike+1","Double Tap+1","Metallicize+1","Rage+1","Infernal Blade+1","Carnage+1","Flex+1","Swift Strike","Reaper"],"relics":["Black Blood","NeowsBlessing","Toxic Egg 2","Orichalcum","Boot","Pen Nib","Bag of Marbles","Anchor","Mark of Pain","Vajra","Mummified Hand","Nunchaku","InkBottle","StoneCalendar","Whetstone","Strawberry","Bird Faced Urn","Bottled Flame","Bronze Scales"],"acts_visited":["Exordium","TheCity","TheBeyond","TheEnding"],"potions_floor_usage":[50,55,55],"damage_taken":[{"damage":0.0,"enemies":"2 Louse","floor":1.0,"turns":1.0},{"damage":0.0,"enemies":"Jaw Worm","floor":3.0,"turns":1.0},{"damage":0.0,"enemies":"Gremlin Nob","floor":7.0,"turns":1.0},{"damage":0.0,"enemies":"Cultist","floor":8.0,"turns":2.0},{"damage":0.0,"enemies":"Looter","floor":12.0,"turns":1.0},{"damage":3.0,"enemies":"3 Sentries","floor":13.0,"turns":3.0},{"damage":0.0,"enemies":"Blue Slaver","floor":14.0,"turns":2.0},{"damage":49.0,"enemies":"Hexaghost","floor":16.0,"turns":6.0},{"damage":5.0,"enemies":"2 Thieves","floor":18.0,"turns":3.0},{"damage":12.0,"enemies":"3 Byrds","floor":19.0,"turns":4.0},{"damage":0.0,"enemies":"Cultist and Chosen","floor":20.0,"turns":2.0},{"damage":12.0,"enemies":"3 Cultists","floor":21.0,"turns":4.0},{"damage":12.0,"enemies":"Snecko","floor":22.0,"turns":3.0},{"damage":23.0,"enemies":"Book of Stabbing","floor":24.0,"turns":4.0},{"damage":8.0,"enemies":"Centurion and Healer","floor":28.0,"turns":4.0},{"damage":31.0,"enemies":"Gremlin Leader","floor":30.0,"turns":3.0},{"damage":62.0,"enemies":"Champ","floor":33.0,"turns":8.0},{"damage":0.0,"enemies":"Orb Walker","floor":35.0,"turns":2.0},{"damage":0.0,"enemies":"3 Shapes","floor":36.0,"turns":2.0},{"damage":5.0,"enemies":"3 Darklings","floor":37.0,"turns":5.0},{"damage":7.0,"enemies":"2 Orb Walkers","floor":39.0,"turns":3.0},{"damage":36.0,"enemies":"Giant Head","floor":41.0,"turns":6.0},{"damage":29.0,"enemies":"Reptomancer","floor":45.0,"turns":4.0},{"damage":0.0,"enemies":"Spire Growth","floor":46.0,"turns":3.0},{"damage":12.0,"enemies":"Sphere and 2 Shapes","floor":48.0,"turns":3.0},{"damage":90,"enemies":"Awakened One","floor":50,"turns":8},{"damage":32,"enemies":"Shield and Spear","floor":54,"turns":6},{"damage":154,"enemies":"The Heart","floor":55,"turns":6}],"seed_played":"-3417414466607114536","potions_obtained":[{"floor":1.0,"key":"DistilledChaos"},{"floor":3.0,"key":"AttackPotion"},{"floor":8.0,"key":"Dexterity Potion"},{"floor":14.0,"key":"LiquidBronze"},{"floor":21.0,"key":"ElixirPotion"},{"floor":24.0,"key":"DistilledChaos"},{"floor":30.0,"key":"SmokeBomb"},{"floor":45.0,"key":"FairyPotion"},{"floor":46.0,"key":"PowerPotion"},{"floor":54,"key":"SkillPotion"}],"is_trial":false,"path_per_floor":["M","?","M","?","?","R","E","M","T","$","R","M","E","M","R","B",null,"M","M","M","M","M","R","E","R","T","R","M","$","E","?","R","B",null,"M","M","M","?","?","R","E","R","T","R","E","M","$","M","R","B",null,"R","$","E","B"],"character_chosen":"IRONCLAD","items_purchased":["Bag of Marbles","Nunchaku","Bandage Up+1","Bottled Flame","Flex+1","Swift Strike"],"campfire_rested":1,"item_purchase_floors":[10,29,29,47,53,53],"current_hp_per_floor":[80,77,80,64,64,64,70,76,76,76,76,80,80,80,80,37,80,80,74,80,77,74,74,57,57,57,82,84,84,65,65,65,19,94,94,98,98,93,93,93,75,75,82,82,65,77,77,81,81,15,104,104,104,89,0,0],"gold":47,"neow_bonus":"THREE_ENEMY_KILL","is_daily":false,"chose_seed":false,"campfire_upgraded":11,"win_rate":0.0,"timestamp":1613204942,"path_taken":["M","?","M","?","?","R","E","M","T","?","R","M","E","M","R","BOSS","M","M","M","M","M","R","E","R","T","R","M","$","E","?","R","BOSS","M","M","M","?","?","R","E","R","T","R","E","M","$","M","R","BOSS","R","$","E","BOSS"],"items_purchased_type":["Relic","Relic","Card","Relic","Card","Card"],"build_version":"2020-12-22","purchased_purges":0,"victory":false,"max_hp_per_floor":[80,80,80,80,80,80,80,80,80,80,80,80,80,80,80,80,80,80,80,80,83,86,86,86,86,86,86,90,90,90,90,90,94,94,94,98,98,93,93,93,93,93,100,100,100,100,100,104,104,104,104,104,104,104,104,104],"card_choices":[{"not_picked":["Shrug It Off","Armaments"],"picked":"Hemokinesis","floor":1.0},{"not_picked":["Cleave","Headbutt"],"picked":"Perfected Strike","floor":3.0},{"not_picked":["Searing Blow","Bludgeon"],"picked":"Infernal Blade+1","floor":7.0},{"not_picked":["Clash","Armaments+1","Disarm+1"],"picked":"SKIP","floor":8.0},{"not_picked":["Armaments+1","Clash"],"picked":"Wild Strike","floor":12.0},{"not_picked":["Exhume+1","Impervious+1"],"picked":"Double Tap+1","floor":13.0},{"not_picked":["Headbutt","Power Through+1","Anger"],"picked":"SKIP","floor":14.0},{"not_picked":["Feed","Impervious+1"],"picked":"Demon Form","floor":16.0},{"not_picked":["Cleave","Heavy Blade","Warcry+1"],"picked":"SKIP","floor":18.0},{"not_picked":["True Grit+1","Perfected Strike+1"],"picked":"Flex+1","floor":19.0},{"not_picked":["Heavy Blade","Thunderclap"],"picked":"Feed","floor":20.0},{"not_picked":["Shockwave+1","Headbutt"],"picked":"Armaments+1","floor":21.0},{"not_picked":["Uppercut+1","Anger"],"picked":"Pummel","floor":22.0},{"not_picked":["Evolve+1","Cleave+1"],"picked":"Dual Wield+1","floor":24.0},{"not_picked":["Havoc+1","Cleave+1"],"picked":"Perfected Strike+1","floor":28.0},{"not_picked":["Heavy Blade","Twin Strike"],"picked":"Pummel","floor":30.0},{"not_picked":["Exhume+1","Bludgeon"],"picked":"Double Tap+1","floor":33.0},{"not_picked":["Shrug It Off+1","Body Slam+1"],"picked":"Metallicize","floor":35.0},{"not_picked":["Armaments+1","True Grit+1"],"picked":"Rage+1","floor":36.0},{"not_picked":["Rupture","Sentinel+1","Clash+1"],"picked":"SKIP","floor":37.0},{"not_picked":["Feel No Pain+1","Bloodletting+1"],"picked":"Infernal Blade+1","floor":41.0},{"not_picked":["Dual Wield+1","Sentinel+1","Warcry+1"],"picked":"SKIP","floor":45.0},{"not_picked":["Sentinel+1","Uppercut"],"picked":"Carnage+1","floor":46.0},{"not_picked":["Clash+1","Cleave+1","Heavy Blade+1"],"picked":"SKIP","floor":48.0},{"not_picked":["Carnage+1","Iron Wave"],"picked":"Reaper","floor":54}],"player_experience":445326,"relics_obtained":[{"floor":7.0,"key":"Boot"},{"floor":9.0,"key":"Pen Nib"},{"floor":13.0,"key":"Anchor"},{"floor":24.0,"key":"Vajra"},{"floor":26.0,"key":"Mummified Hand"},{"floor":30.0,"key":"InkBottle"},{"floor":39.0,"key":"StoneCalendar"},{"floor":41.0,"key":"Whetstone"},{"floor":43.0,"key":"Strawberry"},{"floor":45.0,"key":"Bird Faced Urn"},{"floor":54,"key":"Bronze Scales"}],"event_choices":[{"damage_healed":0.0,"max_hp_gain":0.0,"max_hp_loss":0.0,"gold_gain":0.0,"event_name":"Scrap Ooze","player_choice":"Success","floor":2.0,"gold_loss":0.0,"damage_taken":3.0,"relics_obtained":["Toxic Egg 2"]},{"damage_healed":0.0,"max_hp_gain":0.0,"max_hp_loss":0.0,"gold_gain":0.0,"event_name":"Shining Light","player_choice":"Entered Light","floor":4.0,"gold_loss":0.0,"damage_taken":16.0,"cards_upgraded":["Hemokinesis","Bash"]},{"damage_healed":0.0,"max_hp_gain":0.0,"max_hp_loss":0.0,"gold_gain":0.0,"event_name":"WeMeetAgain","player_choice":"Gave Potion","floor":5.0,"gold_loss":0.0,"damage_taken":0.0,"relics_obtained":["Orichalcum"]},{"damage_healed":0.0,"max_hp_gain":0.0,"max_hp_loss":0.0,"gold_gain":0.0,"event_name":"The Library","player_choice":"Read","floor":31.0,"gold_loss":0.0,"damage_taken":0.0,"cards_obtained":["Perfected Strike"]},{"damage_healed":0.0,"max_hp_gain":0.0,"max_hp_loss":5.0,"gold_gain":0.0,"event_name":"Winding Halls","player_choice":"Max HP","floor":38.0,"gold_loss":0.0,"damage_taken":0.0},{"damage_healed":0.0,"max_hp_gain":0.0,"max_hp_loss":0.0,"gold_gain":0.0,"event_name":"Mysterious Sphere","player_choice":"Fight","floor":39.0,"gold_loss":0.0,"damage_taken":0.0}],"is_beta":false,"boss_relics":[{"not_picked":["Sozu","Runic Cube"],"picked":"Mark of Pain"},{"not_picked":["Philosopher\u0027s Stone","Coffee Dripper"],"picked":"Black Blood"}],"items_purged_floors":[],"is_endless":false,"potions_floor_spawned":[1,3,8,14,21,24,30,37,45,46,54],"killed_by":"The Heart","ascension_level":2}}