{"host":"2l3i55whvwk76mom","time":1613260062,"event":{"mods":["BaseMod","Googly Eyes","Hubris","Minty Spire (QoL Compilation)","Replay The Spire","StSLib"],"gold_per_floor":[114,114,129,129,145,145,145,179,179,179,189,189,214,230,230,331,331,347,347,204,204,204],"floor_reached":21,"language":"ENG","playtime":823,"items_purged":[],"score":215,"play_id":"08733ed1-9efe-4e0d-a9b7-7c8fac79eb29","local_time":"20210213154742","is_ascension_mode":true,"campfire_choices":[{"data":"Alpha","floor":6,"key":"SMITH"},{"data":"Eruption","floor":12,"key":"SMITH"},{"floor":15,"key":"REST"}],"circlet_count":0,"master_deck":["Strike_P","Strike_P","Strike_P","Defend_P","Defend_P","Defend_P","Eruption+1","Vigilance","Strike_P","Alpha+1","ThirdEye","SashWhip","Prostrate","ForeignInfluence","ClearTheMind","Replay:ManipulateFuture","Study","Protect","Vault","LikeWater+1","Meditate","Alpha+1"],"relics":["PureWater","Question Card","Molten Egg 2","Runic Pyramid","DollysMirror"],"acts_visited":["Exordium","TheCity"],"potions_floor_usage":[18],"damage_taken":[{"damage":0,"enemies":"Small Slimes","floor":1,"turns":2},{"damage":0,"enemies":"2 Louse","floor":3,"turns":3},{"damage":0,"enemies":"Cultist","floor":5,"turns":2},{"damage":8,"enemies":"3 Sentries","floor":8,"turns":4},{"damage":0,"enemies":"2 Fungi Beasts","floor":11,"turns":4},{"damage":13,"enemies":"Lagavulin","floor":13,"turns":6},{"damage":8,"enemies":"Looter","floor":14,"turns":4},{"damage":27,"enemies":"Slime Boss","floor":16,"turns":6},{"damage":16,"enemies":"Spheric Guardian","floor":18,"turns":5},{"damage":19,"enemies":"Shell Parasite","floor":21,"turns":5}],"seed_played":"-3357635239560685781","potions_obtained":[{"floor":11,"key":"FearPotion"},{"floor":13,"key":"Elixir"},{"floor":16,"key":"Energy Potion"}],"is_trial":false,"path_per_floor":["M","?","M","?","M","R","?","E","T","?","M","R","E","M","R","B",null,"M","?","$","M"],"character_chosen":"WATCHER","items_purchased":["DollysMirror"],"campfire_rested":1,"item_purchase_floors":[20],"current_hp_per_floor":[72,65,65,65,65,65,65,57,57,57,57,57,44,36,57,30,72,56,56,56,37,37],"gold":204,"neow_bonus":"THREE_RARE_CARDS","is_daily":false,"chose_seed":false,"campfire_upgraded":2,"win_rate":0.0,"timestamp":1613260062,"path_taken":["M","?","M","?","M","R","?","E","T","?","?","R","E","M","R","BOSS","M","?","$","M"],"items_purchased_type":["Relic"],"build_version":"2020-12-22","purchased_purges":0,"victory":false,"max_hp_per_floor":[72,72,72,72,72,72,72,72,72,72,72,72,72,72,72,72,72,72,72,72,72,72],"card_choices":[{"not_picked":["SpiritShield","ConjureBlade"],"picked":"Alpha","floor":0},{"not_picked":["CutThroughFate","CrushJoints"],"picked":"ThirdEye","floor":1},{"not_picked":["Replay:BluntJabs","Indignation"],"picked":"SashWhip","floor":3},{"not_picked":["Tantrum","CrushJoints"],"picked":"Prostrate","floor":5},{"not_picked":["CarveReality","BowlingBash"],"picked":"ClearTheMind","floor":8},{"not_picked":["Wallop","CutThroughFate","Worship"],"picked":"Replay:ManipulateFuture","floor":11},{"not_picked":["SashWhip+1","Perseverance","Replay:Hum"],"picked":"Study","floor":13},{"not_picked":["Replay:BluntJabs+1","CutThroughFate+1","Tantrum+1"],"picked":"Protect","floor":14},{"not_picked":["Replay:LoomingThreat","LessonLearned+1","Scrawl"],"picked":"Vault","floor":16},{"not_picked":["FollowUp+1","JustLucky+1","Swivel"],"picked":"LikeWater+1","floor":18}],"player_experience":371748,"relics_obtained":[{"floor":8,"key":"Question Card"},{"floor":13,"key":"Molten Egg 2"}],"event_choices":[{"cards_removed":["Defend_R"],"damage_healed":0,"gold_gain":0,"player_choice":"Card Removal","damage_taken":7,"max_hp_gain":0,"max_hp_loss":0,"event_name":"Golden Wing","floor":2,"gold_loss":0},{"damage_healed":0,"gold_gain":0,"player_choice":"Ignored","damage_taken":0,"max_hp_gain":0,"max_hp_loss":0,"event_name":"Shining Light","floor":4,"gold_loss":0},{"cards_removed":["Steam"],"damage_healed":0,"gold_gain":0,"player_choice":"Purged","damage_taken":0,"max_hp_gain":0,"max_hp_loss":0,"event_name":"Purifier","floor":10,"gold_loss":0},{"damage_healed":0,"gold_gain":0,"player_choice":"Read","damage_taken":0,"max_hp_gain":0,"max_hp_loss":0,"event_name":"The Library","floor":19,"gold_loss":0,"cards_obtained":["Meditate"]}],"is_beta":false,"boss_relics":[{"not_picked":["Ring of Chaos","Painkiller Herb"],"picked":"Runic Pyramid"}],"items_purged_floors":[],"is_endless":false,"potions_floor_spawned":[11,13,16],"killed_by":"Shell Parasite","ascension_level":3}}