{"host":"684z1xpuwaoqmmh1","time":1613229871,"event":{"mods":["A Magickal Journey","BaseMod","Downfall","Hermit","Jorbs\u0027s Wanderer Trilogy","Marisa????????","Minty Spire (QoL Compilation)","Robot Space Explorer","Shade Mod","StSLib","The Bug Knight","The Dragon Tamer","The Elementalist","The Hayseed","The Hierophant","The Marked","The Mystic","The Runesmith","The Saiyan","The Senshi","The Spell Scribe","The Vixen","TheBandit","TheFirefly"],"gold_per_floor":[115,132,207,221,236,236,269,286,286,286,305,325,345,374,374,374,374],"floor_reached":16,"language":"ENG","playtime":792,"items_purged":[],"score":220,"play_id":"2597b042-01ff-4797-94cf-d3894a4d378b","local_time":"20210213172431","is_ascension_mode":true,"campfire_choices":[{"floor":6,"key":"REST"},{"data":"theSenshi:SailorNeptuneAssists","floor":10,"key":"SMITH"},{"data":"theSenshi:GlimpseOfThePast","floor":15,"key":"SMITH"}],"circlet_count":0,"master_deck":["AscendersBane","theSenshi:SailorKick","theSenshi:SailorKick","theSenshi:SailorKick","theSenshi:SailorKick","theSenshi:SailorBlock","theSenshi:SailorBlock","theSenshi:SailorBlock","theSenshi:SailorBlock","theSenshi:RoseThrow+1","theSenshi:MoonPrismPowerMakeUp","theSenshi:MoonTwilightFlash","theSenshi:SailorMarsAssists","theSenshi:MoonlightKnight","theSenshi:SailorJupiterAssists","theSenshi:SailorNeptuneAssists+1","theSenshi:ChibiMoonsLove","theSenshi:SailorMercuryAssists","theSenshi:MoonGorgeousMeditation","theSenshi:GlimpseOfThePast+1"],"relics":["theSenshi:TransformationBroochRelic","Ancient Tea Set","Ornamental Fan","PreservedInsect"],"acts_visited":["Exordium"],"potions_floor_usage":[7,14],"damage_taken":[{"damage":6,"enemies":"Small Slimes","floor":1,"turns":5},{"damage":3,"enemies":"Jaw Worm","floor":2,"turns":4},{"damage":0,"enemies":"Cultist","floor":4,"turns":3},{"damage":10,"enemies":"Blue Slaver","floor":5,"turns":5},{"damage":21,"enemies":"3 Sentries","floor":7,"turns":9},{"damage":4,"enemies":"2 Fungi Beasts","floor":8,"turns":3},{"damage":12,"enemies":"Red Slaver","floor":11,"turns":6},{"damage":0,"enemies":"Large Slime","floor":12,"turns":5},{"damage":13,"enemies":"Blue Slaver","floor":13,"turns":4},{"damage":33,"enemies":"Lagavulin","floor":14,"turns":9},{"damage":49,"enemies":"Hexaghost","floor":16,"turns":16}],"seed_played":"-8152487686019504209","potions_obtained":[{"floor":4,"key":"sneckomod:MuddlingPotion"},{"floor":5,"key":"SteroidPotion"},{"floor":7,"key":"Explosive Potion"},{"floor":12,"key":"Energy Potion"},{"floor":14,"key":"CultistPotion"}],"is_trial":false,"path_per_floor":["M","M","?","M","M","R","E","M","T","R","M","M","M","E","R","B"],"character_chosen":"THE_SENSHI","items_purchased":[],"campfire_rested":1,"item_purchase_floors":[],"current_hp_per_floor":[62,59,48,48,38,60,39,35,35,35,43,43,45,27,27,0,0],"gold":374,"neow_bonus":"UPGRADE_CARD","is_daily":false,"chose_seed":false,"campfire_upgraded":2,"win_rate":0.0,"timestamp":1613229871,"path_taken":["M","M","?","M","M","R","E","M","T","R","M","M","M","E","R","BOSS"],"items_purchased_type":[],"build_version":"2020-12-22","purchased_purges":0,"victory":false,"max_hp_per_floor":[75,75,75,75,75,75,75,75,75,75,75,75,75,75,75,75,75],"card_choices":[{"not_picked":["theSenshi:LateForSchool","theSenshi:TallSilhouette"],"picked":"theSenshi:MoonTwilightFlash","floor":1},{"not_picked":["theSenshi:Sidestep","theSenshi:HesSoDreamy"],"picked":"theSenshi:SailorMarsAssists","floor":2},{"not_picked":["theSenshi:TuxedoSmokingBomber","theSenshi:SchoolBag"],"picked":"theSenshi:MoonlightKnight","floor":4},{"not_picked":["theSenshi:MoonsReflection","theSenshi:NeptunesGrace"],"picked":"theSenshi:SailorJupiterAssists","floor":5},{"not_picked":["theSenshi:SailorStarFighterAssists","theSenshi:SchoolBag"],"picked":"theSenshi:SailorNeptuneAssists","floor":7},{"not_picked":["theSenshi:PlutosSolemnity","theSenshi:DramaticEntrance"],"picked":"theSenshi:ChibiMoonsLove","floor":8},{"not_picked":["theSenshi:LunasBite","theSenshi:TuxedoSmokingBomber","theSenshi:SailorJupiterAssists"],"picked":"SKIP","floor":11},{"not_picked":["theSenshi:HesSoDreamy","theSenshi:SailorChibiMoonAssists"],"picked":"theSenshi:SailorMercuryAssists","floor":12},{"not_picked":["theSenshi:SailorVenusAssists","theSenshi:MoonTiaraMagic"],"picked":"theSenshi:MoonGorgeousMeditation","floor":13},{"not_picked":["theSenshi:LunaSensingAllies","theSenshi:DramaticEntrance"],"picked":"theSenshi:GlimpseOfThePast","floor":14}],"player_experience":3275415,"relics_obtained":[{"floor":7,"key":"Ancient Tea Set"},{"floor":9,"key":"Ornamental Fan"},{"floor":14,"key":"PreservedInsect"}],"event_choices":[{"damage_healed":0,"gold_gain":75,"player_choice":"Gather Gold","damage_taken":11,"max_hp_gain":0,"max_hp_loss":0,"event_name":"World of Goop","floor":3,"gold_loss":0}],"is_beta":false,"boss_relics":[],"items_purged_floors":[],"is_endless":false,"potions_floor_spawned":[4,5,7,12,14],"killed_by":"Hexaghost","ascension_level":18}}