{"host":"mbyuz4ygcmwzkeot","time":1613247201,"event":{"mods":["Bartender","BaseMod","Bestiary","Card Forge","Colored Map","Highlight Path","Minty Spire (QoL Compilation)","StSLib","The Marked"],"gold_per_floor":[113,113,130,148,148,148,148,183,183,215,233,233,265,265,265,265,265],"floor_reached":16,"language":"ENG","playtime":1474,"items_purged":[],"score":164,"play_id":"679086fc-1f80-49bb-8dc3-dca5bb2118a8","local_time":"20210213201321","is_ascension_mode":false,"campfire_choices":[{"floor":6,"key":"REST"},{"floor":15,"key":"REST"}],"circlet_count":0,"master_deck":["Venomology+1","Venomology+1","Venomology+1","Venomology+1","Venomology+1","Venomology+1","Venomology+1","Venomology+1","Venomology+1","Venomology+1","Venomology+1","Venomology+1","Venomology+1","Venomology+1","Venomology+1","Venomology+1","Venomology+1","Venomology+1","Venomology+1","Venomology+1"],"relics":["Ring of the Snake","Hammer of Thor","Seething Fire","Anvil of the Gods","Toy Ornithopter","Pear","InkBottle"],"acts_visited":["Exordium"],"potions_floor_usage":[2,2,2,2,2,2,3,3,3,3,3,3,3,4,4,4,4,4,4,4,5,5,5,5,5,5,5,5,5,5,8,8,8,8,8,8,8,8,8,8,8,8,8,8,8,8,8,10,10,10,10,10,10,10,10,10,10,10,11,11,11,11,11,11,11,11,11,11,11,11,11,11,13,13,13,13,13,13,13,13,16,16,16,16,16,16,16,16,16,16,16,16,16,16,16,16,16,16],"damage_taken":[{"damage":0,"enemies":"2 Louse","floor":1,"turns":4},{"damage":8,"enemies":"Small Slimes","floor":2,"turns":2},{"damage":0,"enemies":"Jaw Worm","floor":3,"turns":1},{"damage":0,"enemies":"Gremlin Gang","floor":4,"turns":1},{"damage":0,"enemies":"Large Slime","floor":5,"turns":2},{"damage":19,"enemies":"Lagavulin","floor":8,"turns":4},{"damage":1,"enemies":"3 Sentries","floor":10,"turns":6},{"damage":6,"enemies":"2 Fungi Beasts","floor":11,"turns":3},{"damage":0,"enemies":"Exordium Wildlife","floor":13,"turns":1},{"damage":8,"enemies":"The Guardian","floor":16,"turns":8}],"seed_played":"4697926723726411737","potions_obtained":[{"floor":3,"key":"GamblersBrew"},{"floor":13,"key":"FearPotion"}],"is_trial":false,"path_per_floor":["M","M","M","M","M","R","?","E","T","E","M","$","M","?","R","B"],"character_chosen":"THE_SILENT","items_purchased":[],"campfire_rested":2,"item_purchase_floors":[],"current_hp_per_floor":[77,69,69,69,69,77,77,63,73,86,87,87,87,87,87,87,87],"gold":265,"neow_bonus":"TEN_PERCENT_HP_BONUS","is_daily":false,"chose_seed":false,"campfire_upgraded":0,"win_rate":0.0,"timestamp":1613247201,"path_taken":["M","M","M","M","M","R","?","E","T","E","M","$","M","?","R","BOSS"],"items_purchased_type":[],"build_version":"2020-12-22","purchased_purges":0,"victory":false,"max_hp_per_floor":[77,77,77,77,77,77,77,77,87,87,87,87,87,87,87,87,87],"card_choices":[{"not_picked":["Blade Dance","Noxious Fumes","Riddle With Holes"],"picked":"SKIP","floor":1},{"not_picked":["Underhanded Strike","Acrobatics","Dodge and Roll"],"picked":"SKIP","floor":3},{"not_picked":["Deadly Poison","PiercingWail","Acrobatics"],"picked":"SKIP","floor":4},{"not_picked":["Tools of the Trade","Crippling Poison","Prepared"],"picked":"SKIP","floor":8},{"not_picked":["Dagger Throw","Noxious Fumes","Blur"],"picked":"SKIP","floor":10},{"not_picked":["Infinite Blades","Slice","Backflip"],"picked":"SKIP","floor":11},{"not_picked":["Prepared","Escape Plan","Flechettes"],"picked":"SKIP","floor":13}],"player_experience":1282,"relics_obtained":[{"floor":8,"key":"Toy Ornithopter"},{"floor":9,"key":"Pear"},{"floor":10,"key":"InkBottle"}],"event_choices":[{"cards_removed":["Venomology"],"damage_healed":0,"gold_gain":0,"player_choice":"Forget","damage_taken":0,"max_hp_gain":0,"max_hp_loss":0,"event_name":"Living Wall","floor":7,"gold_loss":0},{"damage_healed":0,"gold_gain":0,"player_choice":"Leave","damage_taken":0,"max_hp_gain":0,"max_hp_loss":0,"event_name":"The Cleric","floor":14,"gold_loss":0}],"is_beta":false,"boss_relics":[],"items_purged_floors":[],"is_endless":false,"potions_floor_spawned":[3,5,13],"killed_by":"The Guardian","ascension_level":0}}