{"host":"5z7rhcocprldured","time":1613244096,"event":{"mods":["2.2 Compatiblity","AchievementEnabler","AlwaysNeverKeys","BaseMod","Best Route Mod","Better Altar","Better Match","Better Note","Better Sensory Stone","Better Skull","Better Third Choice","BetterRewards","Block Reminder","Colored Map","Colored Powertips","Displayed Cursed Tome","Downfall","Emptier Cage","Energized Spire","Minty Spire (QoL Compilation)","Permanent Neow","Rare Cards Sparkle","SacredBarkPlus","Spicy Shops","StSLib","Synergy Search","Unceasing Turn Reminder"],"gold_per_floor":[99,116,116,128,146,157,227,285,313,313,313,13,47,147,161,263,263,263,263],"floor_reached":17,"language":"ENG","playtime":846,"items_purged":[],"score":215,"play_id":"8c995161-db57-4135-b1f9-bc5bc265dfb2","local_time":"20210213192136","is_ascension_mode":false,"campfire_choices":[{"data":"Slimebound:MassFeed","floor":1,"key":"SMITH"},{"data":"Slimebound:SplitLeeching","floor":12,"key":"SMITH"}],"circlet_count":0,"master_deck":["Slimebound:Strike_Slimebound","Slimebound:Strike_Slimebound","Slimebound:Strike_Slimebound","Slimebound:Tackle","Slimebound:Defend_Slimebound","Slimebound:Defend_Slimebound","Slimebound:Defend_Slimebound","Slimebound:Defend_Slimebound","Slimebound:Split","Slimebound:CorrosiveSpit","Slimebound:MassFeed+1","Slimebound:SplitMire","The Bomb","Slimebound:PressTheAttack","Slimebound:SplitLeeching+1","Slimebound:Equalize","Slimebound:Equalize","Slimebound:BestDefense","Slimebound:Split","Slimebound:Schlurp","Slimebound:Nibble","Slimebound:MinionMaster","Madness","Shame","Slimebound:LeechEnergy","Slimebound:MassRepurpose"],"relics":["Slimebound:AbsorbEndCombat","InkBottle","Anchor","Singing Bowl","Blood Vial","downfall:HeartBlessingRed","downfall:HeartBlessingGreen","downfall:HeartBlessingBlue","Potion Belt","downfall:GremlinSack","Coffee Dripper"],"acts_visited":["Exordium","TheCity"],"potions_floor_usage":[16],"damage_taken":[{"damage":5,"enemies":"Small Slimes","floor":2,"turns":5},{"damage":0,"enemies":"2 Louse","floor":4,"turns":1},{"damage":4,"enemies":"Cultist","floor":5,"turns":4},{"damage":18,"enemies":"Exordium Thugs","floor":6,"turns":3},{"damage":31,"enemies":"Lagavulin Event","floor":8,"turns":6},{"damage":15,"enemies":"3 Sentries","floor":9,"turns":4},{"damage":24,"enemies":"Lagavulin","floor":13,"turns":6},{"damage":41,"enemies":"Lagavulin","floor":14,"turns":5},{"damage":10,"enemies":"Exordium Wildlife","floor":15,"turns":3},{"damage":40,"enemies":"SI_SHIV_ARCHETYPE","floor":16,"turns":8}],"seed_played":"-4832601515496087580","potions_obtained":[{"floor":5,"key":"Dexterity Potion"},{"floor":8,"key":"champ:CounterPotion"},{"floor":13,"key":"Weak Potion"},{"floor":14,"key":"CultistPotion"}],"is_trial":false,"path_per_floor":["R","M","?","M","M","M","T","?","E","?","T","R","E","?","M","B",null],"character_chosen":"SLIMEBOUND","items_purchased":[],"campfire_rested":0,"item_purchase_floors":[],"current_hp_per_floor":[65,64,64,72,78,60,60,45,36,63,63,73,71,46,48,28,99,99,99],"gold":263,"neow_bonus":"ONE_RANDOM_RARE_CARD","is_daily":false,"chose_seed":false,"campfire_upgraded":2,"win_rate":0.0,"timestamp":1613244096,"path_taken":["R","M","?","M","M","M","T","?","E","?","?","R","E","?","M","BOSS"],"items_purchased_type":[],"build_version":"2020-12-22","purchased_purges":0,"victory":false,"max_hp_per_floor":[65,69,69,77,81,81,81,81,83,83,83,93,97,97,97,99,99,99,99],"card_choices":[{"not_picked":["Slimebound:ComboTackle","Slimebound:SlimeSpikes"],"picked":"Slimebound:SplitMire","floor":2},{"not_picked":["Thinking Ahead","Violence"],"picked":"The Bomb","floor":3},{"not_picked":["Slimebound:SplitMire","Slimebound:FinishingTackle"],"picked":"Slimebound:PressTheAttack","floor":4},{"not_picked":["Slimebound:SamplingLick","Slimebound:PressTheAttack"],"picked":"Slimebound:SplitLeeching","floor":5},{"not_picked":["Slimebound:HauntingLick","Slimebound:Gluttony"],"picked":"Slimebound:Equalize","floor":6},{"not_picked":["Slimebound:ProtectTheBoss","Slimebound:GoopTackle"],"picked":"Slimebound:Equalize","floor":8},{"not_picked":["Slimebound:HauntingLick","Slimebound:DisruptingSlam","Slimebound:GrowthPunch"],"picked":"Singing Bowl","floor":9},{"not_picked":["Slimebound:MegaLick","Slimebound:Grow"],"picked":"Slimebound:BestDefense","floor":13},{"not_picked":["Slimebound:SlimeSpikes","Slimebound:RejuvenatingLick"],"picked":"Slimebound:LeechEnergy","floor":14},{"not_picked":["Slimebound:SplitLeeching","Slimebound:HauntingLick"],"picked":"Slimebound:MassRepurpose","floor":15},{"not_picked":["Slimebound:FirmFortitude","Slimebound:DuplicatedForm","Slimebound:SlimeSlap"],"picked":"Singing Bowl","floor":16}],"player_experience":178288,"relics_obtained":[{"floor":7,"key":"InkBottle"},{"floor":9,"key":"Singing Bowl"},{"floor":11,"key":"Blood Vial"},{"floor":13,"key":"Potion Belt"},{"floor":14,"key":"downfall:GremlinSack"}],"event_choices":[{"damage_healed":0,"gold_gain":1,"player_choice":"1","damage_taken":0,"max_hp_gain":0,"max_hp_loss":0,"event_name":"betterStone:BetterStone","floor":3,"gold_loss":0},{"damage_healed":27,"gold_gain":0,"player_choice":"Banana","damage_taken":0,"max_hp_gain":0,"max_hp_loss":0,"event_name":"Big Fish","floor":10,"gold_loss":0}],"is_beta":false,"boss_relics":[{"not_picked":["energizedSpire:SpiderWeb","energizedSpire:CursedPentagram"],"picked":"Coffee Dripper"}],"items_purged_floors":[],"is_endless":false,"potions_floor_spawned":[5,8,13,14],"ascension_level":0}}