{"host":"rm0ctv8qd8mnbkg1","time":1613225951,"event":{"mods":["Act Like it!","BaseMod","Beaked The Cultist","BetterRewards","Colored Map","DNKmod","Dark Map","Defuse TimeMaze Blight","Downfall","Friendly Minions","Gensokyo","Hallownest","Hubris","Marisa????????","Minty Spire (QoL Compilation)","MostiFishMod","Permanent Neow","Quarter Circle Forward PUNCH!","RRrroohrrRGHHhhh!!","Rare Cards Sparkle","Relic Sorter","Reliquary","Replay The Spire","RumiaBox-????????","Shade Mod","Shop Mod","Spicy Shops","Spire Arcade","StSLib","The Construct","The Servant 0.9.4","TheVacant","Wandering Minibosses","??????REMEMod"],"gold_per_floor":[10000,10017,10027,10047,10047,9947,10026,10046,10060,9990,9990,10025,8745,8758,8775,8871,8871,8771,8783,8783,8794,6353,6373,6373,6385,6414,6414,6429,4971,4971,5056,5071,5174,5174,5174,5174,5174],"floor_reached":35,"language":"ENG","playtime":1754,"items_purged":[],"score":581,"play_id":"b776f79b-198f-437b-a4e7-44a0cf8eb97c","local_time":"20210213141911","is_ascension_mode":false,"campfire_choices":[{"floor":1,"key":"RECALL"},{"data":"Double Tap","floor":6,"key":"SMITH"},{"data":"Guardian:PrismaticBarrier","floor":18,"key":"SMITH"},{"data":"Guardian:FastForward","floor":35,"key":"SMITH"}],"circlet_count":0,"master_deck":["Guardian:Strike_Guardian+1","Guardian:Strike_Guardian","Guardian:Strike_Guardian","Guardian:Strike_Guardian","Guardian:Defend_Guardian","Guardian:Defend_Guardian+1","Guardian:Defend_Guardian+1","Guardian:Defend_Guardian","Guardian:CurlUp","Guardian:TwinSlam","Double Tap+1","Guardian:RefractedBeam","Guardian:Harden","Guardian:BronzeArmor","Guardian:PrismaticBarrier+1","Guardian:DecasProtection","Guardian:Suspension","Guardian:PrismaticBeam","Guardian:RevengeProtocol","Guardian:PrimingBeam+1","Guardian:ShieldCharger+1","Guardian:ConstructionForm","Guardian:MultiBeam+1","Guardian:FierceBash","Guardian:CrystalBeam","Guardian:CompilePackage+1","Guardian:FloatingOrbs","Normality","Guardian:GemFinder","Guardian:SpikerProtocol","Guardian:SpikerProtocol","Guardian:EvasiveProtocol","Guardian:Gem_Green","Guardian:Gem_Green","Guardian:FastForward+1","Clumsy","Shame","Pain"],"relics":["Guardian:ModeShifter","downfall:HeartBlessingRed","downfall:HeartBlessingGreen","REME_ComplimentaryCards","DaveBox","GuanYuAspect","wanderingMiniBosses:AbyssPearl","reliquary:HotPoker","qcfpunch:Chain_With_Nametags","reliquary:TuningFork","REME_LimitBreaker","HandDrill","PreservedInsect","reliquary:PurpleTingedLeaf","PlanX","hubris:Backtick","The Courier","hubris:CrystalStatue","Turnip","reliquary:Firecrackers","Lee\u0027s Waffle","Guardian:PickAxe","Anchor","hubris:Potato","Potion Belt","Ginger","Pantograph","SecretRecord","War Paint","Mirror","qcfpunch:White_Boots","Orichalcum","construct:FoamFinger","Art of War","Ice Cream","Frozen Egg 2","rorgmod:The Boot","hubris:GlazedTorus","Mango","Replay:Ancient Bell","Gremlin Food","Replay:WaspNest","Prayer Wheel"],"acts_visited":["Exordium","TheCity","TheBeyond"],"potions_floor_usage":[19,21,21,21,21,21],"damage_taken":[{"damage":0,"enemies":"Gensokyo:3_Fairies","floor":2,"turns":4},{"damage":0,"enemies":"Gensokyo:2_Kodama","floor":3,"turns":3},{"damage":9,"enemies":"Gensokyo:Gryphon","floor":4,"turns":24},{"damage":0,"enemies":"Gensokyo:2_Rabbits","floor":8,"turns":2},{"damage":0,"enemies":"Gensokyo:Python_and_Kodama","floor":9,"turns":3},{"damage":1,"enemies":"Gensokyo:Cirno","floor":12,"turns":7},{"damage":0,"enemies":"downfall:FleeingMerchant","floor":13,"turns":4},{"damage":0,"enemies":"Gensokyo:Kitsune","floor":14,"turns":2},{"damage":8,"enemies":"Gensokyo:VengefulSpirit","floor":15,"turns":4},{"damage":7,"enemies":"WA_ARCHETYPE_RETAIN","floor":16,"turns":6},{"damage":0,"enemies":"Spheric Guardian","floor":19,"turns":3},{"damage":0,"enemies":"3 Byrds","floor":21,"turns":2},{"damage":0,"enemies":"downfall:FleeingMerchant","floor":22,"turns":4},{"damage":0,"enemies":"Centurion and Healer","floor":23,"turns":3},{"damage":0,"enemies":"Snake Plant","floor":25,"turns":3},{"damage":0,"enemies":"REME_1_Revenger","floor":26,"turns":3},{"damage":0,"enemies":"Snecko","floor":28,"turns":3},{"damage":0,"enemies":"downfall:FleeingMerchant","floor":29,"turns":4},{"damage":0,"enemies":"3 Cultists","floor":32,"turns":3},{"damage":0,"enemies":"IC_MUSHROOM_ARCHETYPE","floor":33,"turns":5}],"seed_played":"7052245883104150408","potions_obtained":[{"floor":15,"key":"PowerPotion"},{"floor":16,"key":"EntropicBrew"},{"floor":19,"key":"Fruit Juice"},{"floor":28,"key":"ColorlessPotion"}],"is_trial":false,"path_per_floor":["R","M","M","M","?","R","T","M","M","?","T","E","$","M","M","B",null,"R","M","?","M","$","M","T","M","E","?","M","$","R","?","M","B",null,"R"],"character_chosen":"GUARDIAN","items_purchased":["REME_LimitBreaker","Guardian:Gem_Lightblue","HandDrill","PreservedInsect","Guardian:PrismaticBeam","reliquary:PurpleTingedLeaf","PlanX","Guardian:Gem_Cyan","Guardian:MultiBeam","Guardian:FierceBash","Guardian:CrystalBeam","hubris:CrystalStatue","Turnip","reliquary:Firecrackers","Lee\u0027s Waffle","Guardian:PickAxe","Anchor","hubris:Potato","Potion Belt","Ginger","Pantograph","SecretRecord","War Paint","Guardian:GemFinder","Guardian:SpikerProtocol","Guardian:SpikerProtocol","Guardian:EvasiveProtocol","Orichalcum","construct:FoamFinger","Art of War","Ice Cream","Frozen Egg 2","rorgmod:The Boot","hubris:GlazedTorus","Mango"],"campfire_rested":0,"item_purchase_floors":[13,13,13,13,13,13,13,22,22,22,22,22,22,22,22,22,22,22,22,22,22,22,22,29,29,29,29,29,29,29,29,29,29,29,29],"current_hp_per_floor":[525,536,546,550,550,550,550,550,550,550,550,549,550,550,548,550,550,550,553,553,555,562,562,562,562,562,562,562,569,569,553,576,576,576,576,576,576],"gold":5174,"neow_bonus":"TEN_PERCENT_HP_BONUS","is_daily":false,"chose_seed":false,"campfire_upgraded":3,"win_rate":0.0,"timestamp":1613225951,"path_taken":["R","M","M","M","?","R","T","?","?","?","?","E","$","M","M","BOSS","R","M","?","M","$","?","T","M","E","?","?","?","R","?","M","BOSS","R"],"items_purchased_type":["Relic","Card","Relic","Relic","Card","Relic","Relic","Card","Card","Card","Card","Relic","Relic","Relic","Relic","Relic","Relic","Relic","Relic","Relic","Relic","Relic","Relic","Card","Card","Card","Card","Relic","Relic","Relic","Relic","Relic","Relic","Relic","Relic"],"build_version":"2020-12-22","purchased_purges":0,"victory":false,"max_hp_per_floor":[550,550,550,550,550,550,550,550,550,550,550,550,550,550,550,550,550,550,555,555,555,562,562,562,562,562,562,562,576,576,576,576,576,576,576,576,576],"card_choices":[{"not_picked":["Guardian:Gem_Purple","Guardian:Gem_Green"],"picked":"Guardian:RefractedBeam","floor":2},{"not_picked":["Guardian:TemporalShield","Guardian:DonusPower"],"picked":"Guardian:Gem_Fragmented","floor":3},{"not_picked":["Guardian:WalkerClaw","Guardian:ArmoredProtocol"],"picked":"Guardian:Harden","floor":4},{"not_picked":["Guardian:Incinerate","Guardian:Gem_Yellow"],"picked":"Guardian:BronzeArmor","floor":8},{"not_picked":["Guardian:ArmoredProtocol","Guardian:Recover"],"picked":"Guardian:PrismaticBarrier","floor":9},{"not_picked":["Guardian:MultiBeam","Guardian:TemporalStrike"],"picked":"Guardian:DecasProtection","floor":12},{"not_picked":["Guardian:Incinerate","Guardian:GatlingBeam"],"picked":"Guardian:Suspension","floor":13},{"not_picked":["Guardian:MultiBeam","Guardian:FuturePlans"],"picked":"Guardian:Gem_Green","floor":14},{"not_picked":["Guardian:Gem_Lightblue","Guardian:Recover"],"picked":"Guardian:Gem_Red","floor":15},{"not_picked":["Guardian:HyperBeam_Guardian","Guardian:FastForward"],"picked":"Guardian:RevengeProtocol","floor":16},{"not_picked":["Guardian:RefractedBeam","Guardian:Repulse"],"picked":"Guardian:PrimingBeam+1","floor":19},{"not_picked":["Guardian:VentSteam","Guardian:WalkerClaw+1","Guardian:ShieldCharger"],"picked":"SKIP","floor":21},{"not_picked":["Guardian:VentSteam","Guardian:WalkerClaw+1"],"picked":"Guardian:ShieldCharger","floor":21},{"not_picked":["Guardian:Gem_Red","Guardian:Reroute"],"picked":"Guardian:ConstructionForm","floor":22},{"not_picked":["Guardian:Gem_Cyan","Guardian:PiercingHide+1"],"picked":"Guardian:Gem_Red","floor":23},{"not_picked":["Guardian:Incinerate","Guardian:Suspension"],"picked":"Guardian:CompilePackage","floor":25},{"not_picked":["Guardian:Harden","Guardian:TimeBomb+1"],"picked":"Guardian:FloatingOrbs","floor":26},{"not_picked":["Guardian:Clone","Guardian:ArmoredProtocol"],"picked":"Guardian:Gem_Fragmented","floor":28},{"not_picked":["Guardian:WalkerClaw","Guardian:PiercingHide","Guardian:CrystalBeam+1"],"picked":"SKIP","floor":29},{"not_picked":["Guardian:Suspension","Guardian:HyperBeam_Guardian"],"picked":"Guardian:Gem_Green","floor":32},{"not_picked":["Guardian:Gem_Green","Guardian:Gem_Cyan"],"picked":"Guardian:Gem_Red","floor":33},{"not_picked":["Guardian:Gem_Green","Guardian:Gem_Cyan"],"picked":"Guardian:Gem_Lightblue","floor":33},{"not_picked":["Guardian:StasisStrike","Guardian:CompilePackage"],"picked":"Guardian:FastForward","floor":33},{"not_picked":["hubris:Lust","hubris:Disease"],"picked":"Clumsy","floor":34},{"not_picked":["Gensokyo:AllTheWorldsEvil","rorgmod:Injury"],"picked":"Shame","floor":34},{"not_picked":["downfall:Aged","Hallownest:curseDreamersLament"],"picked":"Pain","floor":34}],"player_experience":359293,"relics_obtained":[{"floor":4,"key":"wanderingMiniBosses:AbyssPearl"},{"floor":7,"key":"reliquary:HotPoker"},{"floor":11,"key":"qcfpunch:Chain_With_Nametags"},{"floor":12,"key":"reliquary:TuningFork"},{"floor":24,"key":"Mirror"},{"floor":26,"key":"qcfpunch:White_Boots"}],"event_choices":[],"is_beta":false,"boss_relics":[{"not_picked":["EE1DDrone","REME_ChargedStone"],"picked":"hubris:Backtick"},{"not_picked":["reliquary:RedPaperclip","Snecko Heart"],"picked":"Replay:Ancient Bell"},{"not_picked":["Ccalipers","Nunchaku"],"picked":"Gremlin Food"},{"not_picked":["ImprovedEquipment","GodSword5"],"picked":"Replay:WaspNest"},{"not_picked":["DianPoetry","qcfpunch:Duffel_Bag"],"picked":"Prayer Wheel"}],"items_purged_floors":[],"is_endless":false,"potions_floor_spawned":[2,8,15,16,19,25,28],"ascension_level":0}}