{"host":"yx5rao87132cy5xq","time":1613224399,"event":{"mods":["2.2 Compatiblity","AchievementEnabler","BaseMod","Bestiary","Colored Map","Colored Powertips","Minty Spire (QoL Compilation)","Quick Restart","Relic Stats","Slay-I","SuperFastMode"],"gold_per_floor":[113,132,150,150,164,192,192,192,192],"floor_reached":8,"language":"ENG","playtime":1785,"items_purged":[],"score":110,"play_id":"3593c9d5-927d-4887-95b1-5f78e0827fdc","local_time":"20210213145319","is_ascension_mode":true,"campfire_choices":[{"floor":7,"key":"REST"}],"circlet_count":0,"master_deck":["AscendersBane","Strike_R","Strike_R","Strike_R","Strike_R","Strike_R","Defend_R","Defend_R","Defend_R","Defend_R","Bash","Shockwave+1","Headbutt","Iron Wave","Carnage","True Grit"],"relics":["Burning Blood","Toy Ornithopter"],"acts_visited":["Exordium"],"potions_floor_usage":[6,8],"damage_taken":[{"damage":11,"enemies":"Jaw Worm","floor":1,"turns":6},{"damage":17,"enemies":"Cultist","floor":2,"turns":4},{"damage":17,"enemies":"Small Slimes","floor":3,"turns":4},{"damage":10,"enemies":"2 Fungi Beasts","floor":5,"turns":4},{"damage":35,"enemies":"Lagavulin","floor":6,"turns":6},{"damage":51,"enemies":"3 Sentries","floor":8,"turns":11}],"seed_played":"4802480100140696783","potions_obtained":[{"floor":0,"key":"Swift Potion"},{"floor":0,"key":"Regen Potion"}],"is_trial":false,"path_per_floor":["M","M","M","?","M","E","R","E"],"character_chosen":"IRONCLAD","items_purchased":[],"campfire_rested":1,"item_purchase_floors":[],"current_hp_per_floor":[63,52,41,41,37,22,44,0,0],"gold":192,"neow_bonus":"THREE_SMALL_POTIONS","is_daily":false,"chose_seed":false,"campfire_upgraded":0,"win_rate":0.0,"timestamp":1613224399,"path_taken":["M","M","M","?","?","E","R","E"],"items_purchased_type":[],"build_version":"2020-12-22","purchased_purges":0,"victory":false,"max_hp_per_floor":[75,75,75,75,75,75,75,75,75],"relic_stats":{"counters":[6,35],"obtain_stats":[{"Burning Blood":0,"Toy Ornithopter":6},{"Burning Blood":0,"Toy Ornithopter":5},{"Burning Blood":0,"Toy Ornithopter":24}],"Burning Blood":30,"Toy Ornithopter":5},"card_choices":[{"not_picked":["Body Slam","Evolve"],"picked":"Shockwave","floor":1},{"not_picked":["Thunderclap","Shockwave"],"picked":"Headbutt","floor":2},{"not_picked":["Sword Boomerang","Flex"],"picked":"Iron Wave","floor":3},{"not_picked":["Rupture","Shockwave"],"picked":"Carnage","floor":5},{"not_picked":["Carnage","Flex"],"picked":"True Grit","floor":6}],"player_experience":1021702,"relics_obtained":[{"floor":6,"key":"Toy Ornithopter"}],"event_choices":[{"damage_healed":0,"gold_gain":0,"player_choice":"Upgraded","damage_taken":0,"max_hp_gain":0,"max_hp_loss":0,"event_name":"Upgrade Shrine","floor":4,"gold_loss":0,"cards_upgraded":["Shockwave"]}],"is_beta":false,"boss_relics":[],"items_purged_floors":[],"is_endless":false,"potions_floor_spawned":[1,5],"killed_by":"3 Sentries","ascension_level":18}}