{"host":"zwezhz46a5cjkxff","time":1613189839,"event":{"mods":["AchievementEnabler","BaseMod","Colored Map","Colored Powertips","DeckTracker","Minty Spire (QoL Compilation)","Permanent Neow","Quick Restart","Rare Cards Sparkle","Relic Stats","StSLib","SuperFastMode"],"gold_per_floor":[12,27,27,45,57,57,88,58,58,69,144,179,192,204,204,204,204],"floor_reached":16,"language":"ENG","playtime":408,"items_purged":[],"score":125,"play_id":"bb7533cd-e8b3-4c80-8bd0-304e2a59946e","local_time":"20210212221719","is_ascension_mode":true,"campfire_choices":[{"data":"Bouncing Flask","floor":6,"key":"SMITH"},{"floor":15,"key":"REST"}],"circlet_count":0,"master_deck":["Strike_G","Strike_G","Strike_G","Strike_G","Defend_G","Defend_G","Defend_G","Defend_G","Defend_G","Survivor","Neutralize","Slice","Bouncing Flask+1","Backflip","Crippling Poison","Bullet Time","Caltrops","Footwork","Well Laid Plans","Envenom","Poisoned Stab"],"relics":["Ring of the Snake","Prayer Wheel","Dead Branch","The Specimen","Torii"],"acts_visited":["Exordium"],"potions_floor_usage":[7,12,12,16,16],"damage_taken":[{"damage":6,"enemies":"Jaw Worm","floor":1,"turns":4},{"damage":0,"enemies":"2 Louse","floor":2,"turns":2},{"damage":0,"enemies":"Cultist","floor":4,"turns":3},{"damage":7,"enemies":"2 Fungi Beasts","floor":5,"turns":3},{"damage":3,"enemies":"Lagavulin","floor":7,"turns":5},{"damage":3,"enemies":"3 Louse","floor":10,"turns":3},{"damage":16,"enemies":"3 Sentries","floor":12,"turns":4},{"damage":6,"enemies":"Blue Slaver","floor":13,"turns":6},{"damage":9,"enemies":"Looter","floor":14,"turns":3},{"damage":30,"enemies":"The Guardian","floor":16,"turns":4}],"seed_played":"5281506141385827120","potions_obtained":[{"floor":2,"key":"FearPotion"},{"floor":7,"key":"Weak Potion"},{"floor":8,"key":"LiquidMemories"},{"floor":8,"key":"Explosive Potion"},{"floor":12,"key":"FearPotion"},{"floor":14,"key":"SpeedPotion"}],"is_trial":false,"path_per_floor":["M","M","?","M","M","R","E","?","T","M","?","E","M","M","R","B"],"character_chosen":"THE_SILENT","items_purchased":[],"campfire_rested":1,"item_purchase_floors":[],"current_hp_per_floor":[64,64,64,64,57,57,54,54,54,51,40,24,18,9,30,0,0],"gold":204,"neow_bonus":"ONE_RARE_RELIC","is_daily":false,"chose_seed":false,"campfire_upgraded":1,"win_rate":0.0,"timestamp":1613189839,"path_taken":["M","M","?","M","M","R","E","?","T","?","?","E","M","M","R","BOSS"],"items_purchased_type":[],"build_version":"2020-12-22","purchased_purges":0,"victory":false,"max_hp_per_floor":[70,70,70,70,70,70,70,70,70,70,70,70,70,70,70,70,70],"relic_stats":{"Torii":2,"counters":[10,37],"Dead Branch":[5],"Prayer Wheel":7,"obtain_stats":[{"The Specimen":9,"Torii":12,"Dead Branch":7,"Prayer Wheel":0,"Ring of the Snake":0},{"The Specimen":5,"Torii":7,"Dead Branch":5,"Prayer Wheel":0,"Ring of the Snake":0},{"The Specimen":17,"Torii":24,"Dead Branch":17,"Prayer Wheel":0,"Ring of the Snake":0}],"Ring of the Snake":[20]},"card_choices":[{"not_picked":["Deadly Poison","Flying Knee"],"picked":"Slice","floor":1},{"not_picked":["Quick Slash","Deadly Poison"],"picked":"Bouncing Flask","floor":1},{"not_picked":["Masterful Stab","Eviscerate","Tactician"],"picked":"SKIP","floor":2},{"not_picked":["Distraction","Flying Knee","Expertise"],"picked":"SKIP","floor":2},{"not_picked":["Choke","Quick Slash"],"picked":"Backflip","floor":4},{"not_picked":["PiercingWail","Backflip"],"picked":"Crippling Poison","floor":4},{"not_picked":["Dagger Throw","Backstab"],"picked":"Bullet Time","floor":5},{"not_picked":["Underhanded Strike","Accuracy"],"picked":"Caltrops","floor":5},{"not_picked":["Infinite Blades","Backstab"],"picked":"Footwork","floor":7},{"not_picked":["Footwork","Cloak And Dagger"],"picked":"Well Laid Plans","floor":10},{"not_picked":["Bane","Expertise","Eviscerate"],"picked":"SKIP","floor":10},{"not_picked":["Concentrate","Flying Knee"],"picked":"Envenom","floor":12},{"not_picked":["Deadly Poison","Backstab"],"picked":"Poisoned Stab","floor":13},{"not_picked":["Acrobatics","Deflect","Underhanded Strike"],"picked":"SKIP","floor":13},{"not_picked":["Quick Slash","Backflip","Cloak And Dagger"],"picked":"SKIP","floor":14},{"not_picked":["Dagger Spray","Sucker Punch","Backflip"],"picked":"SKIP","floor":14}],"player_experience":102477,"relics_obtained":[{"floor":7,"key":"Dead Branch"},{"floor":9,"key":"The Specimen"},{"floor":12,"key":"Torii"}],"event_choices":[{"cards_removed":["Strike_G"],"damage_healed":0,"gold_gain":0,"player_choice":"Forget","damage_taken":0,"max_hp_gain":0,"max_hp_loss":0,"event_name":"Living Wall","floor":3,"gold_loss":0},{"damage_healed":0,"gold_gain":0,"player_choice":"Bought 2 Potions","damage_taken":0,"max_hp_gain":0,"max_hp_loss":0,"event_name":"The Woman in Blue","floor":8,"gold_loss":0},{"damage_healed":0,"gold_gain":75,"player_choice":"Gather Gold","damage_taken":11,"max_hp_gain":0,"max_hp_loss":0,"event_name":"World of Goop","floor":11,"gold_loss":0}],"is_beta":false,"boss_relics":[],"items_purged_floors":[],"is_endless":false,"potions_floor_spawned":[2,7,12,14],"killed_by":"The Guardian","ascension_level":2}}