{"host":"ao8ok4k25npyixk7","time":1613224459,"event":{"mods":["BaseMod","Colored Map","Minty Spire (QoL Compilation)"],"gold_per_floor":[110,120,131,142,67,67,77,42,42,42,58,72,103,103,103,103,103],"floor_reached":16,"language":"ENG","playtime":571,"items_purged":["Strike_G"],"score":208,"play_id":"2f469cba-2c16-443b-9827-b40c70dd905b","local_time":"20210213145419","is_ascension_mode":true,"campfire_choices":[{"data":"Tactician","floor":6,"key":"SMITH"},{"data":"Dagger Throw","floor":10,"key":"SMITH"},{"data":"Bullet Time","floor":15,"key":"SMITH"}],"circlet_count":0,"master_deck":["AscendersBane","Strike_G","Strike_G","Strike_G","Strike_G","Defend_G","Defend_G","Defend_G","Defend_G","Defend_G","Survivor","Neutralize","CurseOfTheBell","Dagger Throw","Dagger Throw+1","Reflex","Tactician+1","Endless Agony","Slice","Bullet Time+1","Underhanded Strike"],"relics":["Calling Bell","Strawberry","Sundial","Tingsha","Lizard Tail","TungstenRod","Ice Cream"],"acts_visited":["Exordium"],"potions_floor_usage":[7,13],"damage_taken":[{"damage":1,"enemies":"2 Louse","floor":1,"turns":3},{"damage":2,"enemies":"Jaw Worm","floor":2,"turns":4},{"damage":4,"enemies":"Cultist","floor":3,"turns":4},{"damage":8,"enemies":"Looter","floor":4,"turns":3},{"damage":20,"enemies":"Exordium Thugs","floor":7,"turns":6},{"damage":8,"enemies":"Large Slime","floor":11,"turns":4},{"damage":12,"enemies":"Blue Slaver","floor":12,"turns":4},{"damage":29,"enemies":"Lagavulin","floor":13,"turns":9},{"damage":36,"enemies":"Slime Boss","floor":16,"turns":5}],"seed_played":"8481895924186995002","potions_obtained":[{"floor":3,"key":"GamblersBrew"},{"floor":7,"key":"SteroidPotion"},{"floor":11,"key":"Block Potion"}],"is_trial":false,"path_per_floor":["M","M","M","M","$","R","M","?","T","R","M","M","E","?","R","B"],"character_chosen":"THE_SILENT","items_purchased":[],"campfire_rested":0,"item_purchase_floors":[],"current_hp_per_floor":[65,63,59,51,51,51,31,49,49,49,41,29,36,36,36,0,0],"gold":103,"neow_bonus":"BOSS_RELIC","is_daily":false,"chose_seed":false,"campfire_upgraded":3,"win_rate":0.0,"timestamp":1613224459,"path_taken":["M","M","M","M","$","R","M","?","T","R","M","M","E","?","R","BOSS"],"items_purchased_type":[],"build_version":"2020-12-22","purchased_purges":1,"victory":false,"max_hp_per_floor":[73,73,73,73,73,73,73,73,73,73,73,73,73,73,73,73,73],"card_choices":[{"not_picked":["Skewer","Dash"],"picked":"Dagger Throw","floor":1},{"not_picked":["Backflip","Concentrate"],"picked":"Dagger Throw","floor":2},{"not_picked":["Blur","Bane"],"picked":"Reflex","floor":3},{"not_picked":["Dash","Bane"],"picked":"Tactician","floor":4},{"not_picked":["Heel Hook","Blade Dance"],"picked":"Endless Agony","floor":7},{"not_picked":["Expertise","Quick Slash"],"picked":"Slice","floor":11},{"not_picked":["Skewer","Deadly Poison"],"picked":"Bullet Time","floor":12},{"not_picked":["Catalyst","Choke"],"picked":"Underhanded Strike","floor":13}],"player_experience":269120,"relics_obtained":[{"floor":0,"key":"Strawberry"},{"floor":0,"key":"Sundial"},{"floor":0,"key":"Tingsha"},{"floor":9,"key":"Lizard Tail"},{"floor":13,"key":"TungstenRod"},{"floor":14,"key":"Ice Cream"}],"event_choices":[{"damage_healed":18,"gold_gain":0,"player_choice":"Healed","damage_taken":0,"max_hp_gain":0,"max_hp_loss":0,"event_name":"The Cleric","floor":8,"gold_loss":35},{"damage_healed":0,"gold_gain":0,"player_choice":"Relic","damage_taken":0,"max_hp_gain":0,"max_hp_loss":0,"event_name":"Wheel of Change","floor":14,"gold_loss":0}],"is_beta":false,"boss_relics":[],"items_purged_floors":[5],"is_endless":false,"potions_floor_spawned":[3,7,11],"killed_by":"Slime Boss","ascension_level":20}}