{"host":"xi9hztp74zq5zdao","time":1613181344,"event":{"mods":["2.2 Compatiblity","BaseMod","Colored Map","Conspire","Googly Eyes","Minty Spire (QoL Compilation)","Relic Sorter","StSLib","The Gatherer","The Hierophant","everything is the same but u backflip on backflip"],"gold_per_floor":[116,132,177,197,197,197,19,19,19,49,62,89,89,89,89,187,187,200,254,254,265,215,215,215,215,239,84,112,125,75,25,25,125,125,136,136,154,154,154,154,180,180,180,209,209,243,255,30,30,30],"floor_reached":51,"language":"ENG","playtime":1321,"items_purged":["Strike_G","Strike_G","Strike_G","Strike_G","Corpse Explosion"],"score":962,"play_id":"c12d1ca4-d33a-4b9e-8018-44dddd28c0fd","local_time":"20210212205544","is_ascension_mode":true,"campfire_choices":[{"data":"Neutralize","floor":6,"key":"SMITH"},{"data":"Finisher","floor":13,"key":"SMITH"},{"data":"Cloak And Dagger","floor":15,"key":"SMITH"},{"data":"Blade Dance","floor":23,"key":"SMITH"},{"data":"Blade Dance","floor":32,"key":"SMITH"},{"data":"Cloak And Dagger","floor":40,"key":"SMITH"},{"data":"A Thousand Cuts","floor":42,"key":"SMITH"},{"data":"Endless Agony","floor":45,"key":"SMITH"},{"data":"Dagger Spray","floor":49,"key":"SMITH"}],"circlet_count":0,"master_deck":["Defend_G","Defend_G+1","Defend_G+1","Defend_G","Survivor","Neutralize+1","Endless Agony+1","Finisher+1","Slice","Dagger Spray+1","Noxious Fumes+1","Backstab","Prepared+1","Dagger Spray","Cloak And Dagger+1","Endless Agony+1","Blade Dance+1","Backstab","Blade Dance+1","Cloak And Dagger+1","A Thousand Cuts+1","Slice+1","conspire:PoisonWeapons+1","Masterful Stab+1","conspire:DoublingDagger+1","Master of Strategy"],"relics":["Ring of the Snake","Tiny Chest","White Beast Statue","CaptainsWheel","StrikeDummy","Unceasing Top","Bag of Marbles","Smiling Mask","WristBlade","Omamori","Bottled Flame","Oddly Smooth Stone","Pantograph","Empty Cage","Pocketwatch","War Paint","Happy Flower","Blood Vial","Dream Catcher"],"acts_visited":["Exordium","TheCity","TheBeyond"],"potions_floor_usage":[3,10,16,33,50,50],"damage_taken":[{"damage":1,"enemies":"2 Louse","floor":1,"turns":3},{"damage":1,"enemies":"Jaw Worm","floor":2,"turns":4},{"damage":8,"enemies":"conspire:MimicChest","floor":3,"turns":7},{"damage":0,"enemies":"Cultist","floor":4,"turns":2},{"damage":1,"enemies":"3 Sentries","floor":10,"turns":4},{"damage":0,"enemies":"Large Slime","floor":11,"turns":2},{"damage":34,"enemies":"Hexaghost","floor":16,"turns":8},{"damage":0,"enemies":"Chosen","floor":18,"turns":2},{"damage":0,"enemies":"2 Thieves","floor":21,"turns":1},{"damage":0,"enemies":"Slavers","floor":28,"turns":1},{"damage":0,"enemies":"Cultist and Chosen","floor":29,"turns":1},{"damage":53,"enemies":"Champ","floor":33,"turns":7},{"damage":0,"enemies":"Orb Walker","floor":35,"turns":1},{"damage":0,"enemies":"3 Shapes","floor":37,"turns":3},{"damage":0,"enemies":"Nemesis","floor":41,"turns":1},{"damage":0,"enemies":"Giant Head","floor":44,"turns":5},{"damage":0,"enemies":"Nemesis","floor":46,"turns":1},{"damage":0,"enemies":"Transient","floor":47,"turns":5},{"damage":52,"enemies":"Awakened One","floor":50,"turns":7}],"seed_played":"-6311958235430960256","potions_obtained":[{"floor":2,"key":"Swift Potion"},{"floor":3,"key":"Explosive Potion"},{"floor":4,"key":"Energy Potion"},{"floor":10,"key":"PowerPotion"},{"floor":11,"key":"SpeedPotion"},{"floor":16,"key":"SneckoOil"},{"floor":18,"key":"Explosive Potion"},{"floor":21,"key":"CunningPotion"},{"floor":33,"key":"Fire Potion"}],"is_trial":false,"path_per_floor":["M","M","?","M","?","R","$","T","T","E","M","T","R","?","R","B",null,"M","T","?","M","$","R","?","T","T","$","E","M","$","$","R","B",null,"M","?","M","T","?","R","E","R","T","E","R","E","M","$","R","B",null],"character_chosen":"THE_SILENT","items_purchased":["Noxious Fumes","Backstab","Prepared","Backstab","Blade Dance","Master of Strategy"],"campfire_rested":0,"item_purchase_floors":[7,7,7,27,27,48],"current_hp_per_floor":[69,68,60,60,53,53,53,53,53,52,52,52,52,57,57,23,75,75,75,75,75,75,75,75,75,75,75,75,75,75,75,75,22,75,75,75,75,75,71,71,71,71,71,71,71,71,71,71,71,19],"gold":30,"neow_bonus":"RANDOM_COMMON_RELIC","is_daily":false,"chose_seed":false,"campfire_upgraded":9,"win_rate":0.0,"timestamp":1613181344,"path_taken":["M","M","?","M","?","R","?","?","T","E","?","?","R","?","R","BOSS","M","?","?","?","$","R","?","?","T","$","E","?","?","$","R","BOSS","M","?","M","?","?","R","E","R","T","E","R","E","M","?","R","BOSS"],"items_purchased_type":["Card","Card","Card","Card","Card","Card"],"build_version":"2020-12-22","purchased_purges":5,"victory":true,"max_hp_per_floor":[70,70,70,70,70,70,70,70,70,70,70,70,70,75,75,75,75,75,75,75,75,75,75,75,75,75,75,75,75,75,75,75,75,75,75,75,75,75,71,71,71,71,71,71,71,71,71,71,71,71],"card_choices":[{"not_picked":["Bane","Deflect"],"picked":"Endless Agony","floor":1},{"not_picked":["Setup","Flying Knee"],"picked":"Finisher","floor":2},{"not_picked":["Well Laid Plans","Calculated Gamble"],"picked":"Slice","floor":3},{"not_picked":["Flying Knee","Quick Slash"],"picked":"Dagger Spray","floor":4},{"not_picked":["Sucker Punch","conspire:PoisonWeapons"],"picked":"Dagger Spray","floor":10},{"not_picked":["Night Terror","Deadly Poison"],"picked":"Cloak And Dagger","floor":11},{"not_picked":["Wraith Form v2","A Thousand Cuts"],"picked":"Corpse Explosion","floor":16},{"not_picked":["All Out Attack","conspire:DoublingDagger"],"picked":"Endless Agony+1","floor":18},{"not_picked":["Underhanded Strike+1","Quick Slash"],"picked":"Blade Dance","floor":21},{"not_picked":["PiercingWail","Poisoned Stab","Underhanded Strike+1"],"picked":"SKIP","floor":28},{"not_picked":["Tactician+1","Poisoned Stab+1"],"picked":"Cloak And Dagger","floor":29},{"not_picked":["Grand Finale","Phantasmal Killer"],"picked":"A Thousand Cuts","floor":33},{"not_picked":["Sucker Punch","Dash+1","Acrobatics"],"picked":"SKIP","floor":35},{"not_picked":["Underhanded Strike+1","All Out Attack+1"],"picked":"Slice+1","floor":37},{"not_picked":["Outmaneuver+1","Footwork+1"],"picked":"conspire:PoisonWeapons+1","floor":41},{"not_picked":["Predator","Poisoned Stab","Burst"],"picked":"SKIP","floor":44},{"not_picked":["Calculated Gamble+1","Bouncing Flask+1"],"picked":"Masterful Stab+1","floor":46},{"not_picked":["Prepared","Blade Dance"],"picked":"conspire:DoublingDagger+1","floor":47}],"player_experience":1265632,"relics_obtained":[{"floor":3,"key":"White Beast Statue"},{"floor":8,"key":"StrikeDummy"},{"floor":9,"key":"Unceasing Top"},{"floor":10,"key":"Bag of Marbles"},{"floor":12,"key":"Smiling Mask"},{"floor":19,"key":"Omamori"},{"floor":25,"key":"Bottled Flame"},{"floor":26,"key":"Oddly Smooth Stone"},{"floor":28,"key":"Pantograph"},{"floor":38,"key":"Pocketwatch"},{"floor":41,"key":"War Paint"},{"floor":43,"key":"Happy Flower"},{"floor":44,"key":"Blood Vial"},{"floor":46,"key":"Dream Catcher"}],"event_choices":[{"damage_healed":0,"gold_gain":0,"player_choice":"Success","damage_taken":7,"relics_obtained":["CaptainsWheel"],"max_hp_gain":0,"max_hp_loss":0,"event_name":"Scrap Ooze","floor":5,"gold_loss":0},{"damage_healed":0,"gold_gain":0,"player_choice":"Donut","damage_taken":0,"max_hp_gain":5,"max_hp_loss":0,"event_name":"Big Fish","floor":14,"gold_loss":0},{"damage_healed":0,"gold_gain":0,"player_choice":"Forge","damage_taken":0,"max_hp_gain":0,"max_hp_loss":0,"event_name":"Accursed Blacksmith","floor":20,"gold_loss":0,"cards_upgraded":["Prepared"]},{"damage_healed":0,"gold_gain":0,"player_choice":"Upgraded","damage_taken":0,"max_hp_gain":0,"max_hp_loss":0,"event_name":"Upgrade Shrine","floor":24,"gold_loss":0,"cards_upgraded":["Noxious Fumes"]},{"damage_healed":0,"gold_gain":0,"player_choice":"Leave","damage_taken":0,"max_hp_gain":0,"max_hp_loss":0,"event_name":"conspire:Investor","floor":36,"gold_loss":0},{"damage_healed":0,"gold_gain":0,"player_choice":"Max HP","damage_taken":0,"max_hp_gain":0,"max_hp_loss":4,"event_name":"Winding Halls","floor":39,"gold_loss":0}],"is_beta":false,"boss_relics":[{"not_picked":["Coffee Dripper","SacredBark"],"picked":"WristBlade"},{"not_picked":["Philosopher\u0027s Stone","Pandora\u0027s Box"],"picked":"Empty Cage"}],"items_purged_floors":[22,27,30,31,48],"is_endless":false,"potions_floor_spawned":[2,3,4,10,11,16,18,21,28,29,33,35,37,41,44,46,47],"ascension_level":1}}