{"host":"5dk97cf2ubw2v967","time":1613229954,"event":{"mods":["AlwaysNeverKeys","BaseMod","Better Altar","Better Vampires","Block Reminder","Card Filter","Colored Powertips","Downfall","Googly Eyes","Highlight Path","Minty Spire (QoL Compilation)","Permanent Neow","Potion Indicator Mod","Quick Restart","Relic Filter","Relic Stats","Say the Spire","Spicy Shops","StSLib","Waifu the Spire","everything is the same but u backflip on backflip"],"gold_per_floor":[113,132,147,72,88,88,101,132,187,187,187,207,207,235,235,309,309,323,336,154,49,63,63,63,88,88,88,120,135,148,328,328,404,404,419,419,432,449,462,462,480,495,522,552,552,827,827,55,55,55,55,55],"floor_reached":51,"language":"ENG","playtime":2808,"items_purged":["Strike_R","Strike_R"],"score":1533,"play_id":"110d5ee5-3634-4695-b1e0-60dcfb4ed071","local_time":"20210213152554","is_ascension_mode":true,"campfire_choices":[{"data":"Twin Strike","floor":6,"key":"SMITH"},{"data":"Battle Trance","floor":10,"key":"SMITH"},{"data":"Sword Boomerang","floor":13,"key":"SMITH"},{"data":"Heavy Blade","floor":15,"key":"SMITH"},{"data":"Bash","floor":24,"key":"SMITH"},{"data":"Sever Soul","floor":27,"key":"SMITH"},{"data":"Dropkick","floor":32,"key":"SMITH"},{"data":"Evolve","floor":40,"key":"SMITH"},{"floor":47,"key":"REST"},{"floor":49,"key":"RECALL"}],"circlet_count":0,"master_deck":["AscendersBane","Strike_R","Strike_R","Defend_R","Defend_R","Defend_R","Defend_R","Headbutt","Twin Strike+1","Battle Trance+1","Sever Soul+1","Dropkick+1","Sword Boomerang+1","Seeing Red","Heavy Blade+1","Reaper","Dropkick","Doubt","Clumsy","Shrug It Off","Dropkick","Havoc+1","Offering","Pummel","Pain","Evolve+1","Shrug It Off","Shrug It Off+1","Regret","Burning Pact+1","Panacea+1","Pride"],"relics":["Burning Blood","Du-Vu Doll","Eternal Feather","Bronze Scales","FaceOfCleric","Lizard Tail","bronze:MakeshiftBattery","Pantograph","Self Forming Clay","Pen Nib","Gremlin Horn","InkBottle","SlaversCollar","WarpedTongs","Toxic Egg 2","Magic Flower","Prayer Wheel"],"acts_visited":["Exordium","TheCity","TheBeyond"],"potions_floor_usage":[8,18,22,25,29,33,33,41,50,51],"damage_taken":[{"damage":14,"enemies":"Small Slimes","floor":1,"turns":4},{"damage":15,"enemies":"2 Louse","floor":2,"turns":2},{"damage":1,"enemies":"Cultist","floor":3,"turns":3},{"damage":2,"enemies":"2 Fungi Beasts","floor":5,"turns":3},{"damage":1,"enemies":"Exordium Thugs","floor":7,"turns":3},{"damage":0,"enemies":"Gremlin Nob","floor":8,"turns":2},{"damage":0,"enemies":"Large Slime","floor":12,"turns":3},{"damage":20,"enemies":"3 Sentries","floor":14,"turns":5},{"damage":41,"enemies":"Slime Boss","floor":16,"turns":8},{"damage":32,"enemies":"Shell Parasite","floor":18,"turns":4},{"damage":12,"enemies":"Chosen","floor":19,"turns":3},{"damage":14,"enemies":"Centurion and Healer","floor":22,"turns":4},{"damage":1,"enemies":"Gremlin Leader","floor":25,"turns":5},{"damage":29,"enemies":"Book of Stabbing","floor":28,"turns":4},{"damage":4,"enemies":"Snake Plant","floor":29,"turns":2},{"damage":12,"enemies":"3 Cultists","floor":30,"turns":3},{"damage":85,"enemies":"Champ","floor":33,"turns":8},{"damage":44,"enemies":"3 Shapes","floor":35,"turns":4},{"damage":6,"enemies":"Orb Walker","floor":37,"turns":2},{"damage":39,"enemies":"Maw","floor":38,"turns":6},{"damage":46,"enemies":"Spire Growth","floor":39,"turns":3},{"damage":21,"enemies":"3 Darklings","floor":41,"turns":3},{"damage":37,"enemies":"Sphere and 2 Shapes","floor":42,"turns":4},{"damage":60,"enemies":"Nemesis","floor":44,"turns":7},{"damage":79,"enemies":"Awakened One","floor":50,"turns":13},{"damage":114,"enemies":"Donu and Deca","floor":51,"turns":8}],"seed_played":"-5188879461568538981","potions_obtained":[{"floor":2,"key":"LiquidMemories"},{"floor":8,"key":"Ancient Potion"},{"floor":16,"key":"bronze:BurnAndBuffPotion"},{"floor":19,"key":"FearPotion"},{"floor":25,"key":"SpeedPotion"},{"floor":28,"key":"Strength Potion"},{"floor":29,"key":"Regen Potion"},{"floor":37,"key":"Dexterity Potion"},{"floor":44,"key":"Fire Potion"}],"is_trial":false,"path_per_floor":["M","M","M","?","M","R","M","E","T","R","?","M","R","E","R","B",null,"M","M","$","$","M","?","R","E","T","R","E","M","M","?","R","B",null,"M","?","M","M","M","R","M","M","T","E","?","?","R","$","R","B","B"],"character_chosen":"IRONCLAD","items_purchased":["Pantograph","Self Forming Clay","Burning Pact+1","Magic Flower","Panacea+1","SpeedPotion","Prayer Wheel"],"campfire_rested":1,"item_purchase_floors":[20,21,48,48,48,48,48],"current_hp_per_floor":[60,51,56,56,60,60,65,68,68,68,68,69,69,56,65,31,61,43,38,38,38,41,41,53,68,68,75,53,56,54,35,47,13,63,50,50,51,25,48,63,76,63,63,19,19,19,62,62,80,32,0,0],"gold":55,"neow_bonus":"ONE_RARE_RELIC","is_daily":false,"chose_seed":false,"campfire_upgraded":8,"win_rate":0.0,"timestamp":1613229954,"path_taken":["M","M","M","?","M","R","M","E","T","R","?","M","R","E","R","BOSS","M","M","?","$","M","?","R","E","T","R","E","M","M","?","R","BOSS","M","?","?","M","M","R","M","M","T","E","?","?","R","$","R","BOSS","BOSS"],"items_purchased_type":["Relic","Relic","Card","Relic","Card","Potion","Relic"],"build_version":"2020-12-22","purchased_purges":2,"victory":false,"max_hp_per_floor":[68,68,68,68,68,68,68,68,68,68,68,69,69,70,70,71,71,72,73,73,73,74,74,74,75,75,75,76,77,78,78,78,79,79,80,80,81,82,83,83,84,85,85,86,86,86,86,86,86,87,87,87],"relic_stats":{"Gremlin Horn":[10,12],"counters":[26,116],"Self Forming Clay":[243],"Magic Flower":[27],"Eternal Feather":91,"Pen Nib":[17],"Burning Blood":144,"WarpedTongs":[40],"Lizard Tail":41,"FaceOfCleric":19,"Bronze Scales":[230],"Pantograph":69,"Prayer Wheel":0,"obtain_stats":[{"Gremlin Horn":26,"Self Forming Clay":21,"Magic Flower":48,"Eternal Feather":8,"Pen Nib":25,"Burning Blood":0,"WarpedTongs":36,"Du-Vu Doll":0,"SlaversCollar":34,"Lizard Tail":14,"FaceOfCleric":11,"Bronze Scales":9,"Pantograph":20,"Prayer Wheel":48,"Toxic Egg 2":44,"bronze:MakeshiftBattery":17,"InkBottle":28},{"Gremlin Horn":13,"Self Forming Clay":11,"Magic Flower":24,"Eternal Feather":6,"Pen Nib":13,"Burning Blood":0,"WarpedTongs":18,"Du-Vu Doll":0,"SlaversCollar":17,"Lizard Tail":8,"FaceOfCleric":6,"Bronze Scales":6,"Pantograph":11,"Prayer Wheel":24,"Toxic Egg 2":24,"bronze:MakeshiftBattery":9,"InkBottle":14},{"Gremlin Horn":49,"Self Forming Clay":40,"Magic Flower":95,"Eternal Feather":17,"Pen Nib":49,"Burning Blood":0,"WarpedTongs":70,"Du-Vu Doll":0,"SlaversCollar":66,"Lizard Tail":25,"FaceOfCleric":17,"Bronze Scales":17,"Pantograph":40,"Prayer Wheel":95,"Toxic Egg 2":95,"bronze:MakeshiftBattery":33,"InkBottle":53}],"InkBottle":[22]},"card_choices":[{"not_picked":["Perfected Strike","Clash"],"picked":"Headbutt","floor":1},{"not_picked":["Body Slam","Anger"],"picked":"Twin Strike","floor":2},{"not_picked":["Headbutt","Second Wind"],"picked":"Battle Trance","floor":3},{"not_picked":["Clothesline","Warcry"],"picked":"Sever Soul","floor":5},{"not_picked":["Demon Form","Havoc"],"picked":"Dropkick","floor":7},{"not_picked":["Sever Soul","Clash"],"picked":"Sword Boomerang","floor":8},{"not_picked":["Spot Weakness","True Grit"],"picked":"Seeing Red","floor":12},{"not_picked":["Anger","True Grit"],"picked":"Heavy Blade","floor":14},{"not_picked":["Bludgeon","Impervious"],"picked":"Reaper","floor":16},{"not_picked":["Anger","Cleave","Pommel Strike"],"picked":"SKIP","floor":18},{"not_picked":["Headbutt","Iron Wave"],"picked":"Dropkick","floor":19},{"not_picked":["Thunderclap","Body Slam"],"picked":"Shrug It Off","floor":22},{"not_picked":["Bludgeon","Searing Blow"],"picked":"Dropkick","floor":25},{"not_picked":["Infernal Blade","Iron Wave"],"picked":"Havoc+1","floor":28},{"not_picked":["Flex","Warcry","Hemokinesis"],"picked":"SKIP","floor":29},{"not_picked":["Twin Strike","Flex","Sword Boomerang"],"picked":"SKIP","floor":30},{"not_picked":["Twin Strike","Flex","Sword Boomerang"],"picked":"SKIP","floor":30},{"not_picked":["Impervious","Berserk"],"picked":"Offering","floor":33},{"not_picked":["Blood for Blood","Anger"],"picked":"Pummel","floor":35},{"not_picked":["Armaments","Dual Wield+1"],"picked":"Evolve","floor":37},{"not_picked":["Perfected Strike","Infernal Blade","Anger"],"picked":"SKIP","floor":38},{"not_picked":["Thunderclap","Intimidate"],"picked":"Shrug It Off","floor":39},{"not_picked":["Pommel Strike","Anger"],"picked":"Shrug It Off+1","floor":41},{"not_picked":["Heavy Blade","Feel No Pain+1","Blood for Blood"],"picked":"SKIP","floor":42},{"not_picked":["Combust","Blood for Blood","Feed"],"picked":"SKIP","floor":44}],"player_experience":1312886,"relics_obtained":[{"floor":8,"key":"Eternal Feather"},{"floor":9,"key":"Bronze Scales"},{"floor":14,"key":"Lizard Tail"},{"floor":25,"key":"Pen Nib"},{"floor":26,"key":"Gremlin Horn"},{"floor":28,"key":"InkBottle"},{"floor":44,"key":"Toxic Egg 2"}],"event_choices":[{"cards_removed":["Strike_R"],"damage_healed":0,"gold_gain":0,"player_choice":"Card Removal","damage_taken":0,"max_hp_gain":0,"max_hp_loss":0,"event_name":"The Cleric","floor":4,"gold_loss":75},{"damage_healed":0,"gold_gain":0,"player_choice":"Trade","damage_taken":0,"relics_obtained":["FaceOfCleric"],"max_hp_gain":0,"max_hp_loss":0,"event_name":"FaceTrader","floor":11,"gold_loss":0},{"damage_healed":0,"gold_gain":180,"player_choice":"GOLD GOLD ","damage_taken":19,"max_hp_gain":0,"max_hp_loss":0,"event_name":"Knowing Skull","floor":31,"potions_obtained":[],"gold_loss":0,"cards_obtained":[]},{"damage_healed":0,"gold_gain":0,"player_choice":"Rummage","damage_taken":0,"relics_obtained":["WarpedTongs"],"max_hp_gain":0,"max_hp_loss":0,"event_name":"Accursed Blacksmith","floor":36,"gold_loss":0,"cards_obtained":["Pain"]},{"cards_removed":["Bash"],"damage_healed":0,"gold_gain":0,"player_choice":"Removed Attack","damage_taken":0,"max_hp_gain":0,"max_hp_loss":0,"event_name":"Falling","floor":45,"gold_loss":0},{"damage_healed":0,"gold_gain":275,"player_choice":"Desecrate","damage_taken":0,"max_hp_gain":0,"max_hp_loss":0,"event_name":"Golden Shrine","floor":46,"gold_loss":0,"cards_obtained":["Regret"]}],"is_beta":false,"boss_relics":[{"not_picked":["Black Star","Snecko Eye"],"picked":"bronze:MakeshiftBattery"},{"not_picked":["Runic Cube","Black Blood"],"picked":"SlaversCollar"}],"items_purged_floors":[20,48],"is_endless":false,"potions_floor_spawned":[2,8,16,19,25,28,29,37,44],"killed_by":"Donu and Deca","ascension_level":20}}