{"host":"7tt2d6z13843lcxh","time":1613210914,"event":{"mods":["BaseMod","Colored Map","Downfall","Minty Spire (QoL Compilation)","Reliquary","Replay The Spire","StSLib","[IsaacMod]ÒÔÈö¼âËþ"],"gold_per_floor":[99,113,133,153,164,149,149,43,71,83,83,83,98,98,112,217,217,217,231,243,253,264,284,355,375,375,425,443,459,459,3,17,137,137,137,153,187,277,277,322,345,345,363,379,379,430,430,3,46,46],"floor_reached":51,"language":"ZHS","playtime":5234,"items_purged":["Guardian:Strike_Guardian","Guardian:Strike_Guardian","Guardian:Defend_Guardian"],"score":709,"play_id":"ed8210b6-5a79-4186-8a84-bd409605eb3e","local_time":"20210213180834","is_ascension_mode":false,"campfire_choices":[{"data":"Guardian:TwinSlam","floor":1.0,"key":"SMITH"},{"data":"Guardian:DonusPower","floor":12.0,"key":"SMITH"},{"data":"Guardian:ChargeCore","floor":18.0,"key":"SMITH"},{"data":"Guardian:ConstructionForm","floor":26.0,"key":"SMITH"},{"data":"Guardian:Repulse","floor":30.0,"key":"SMITH"},{"data":"expansioncontent:DashGenerateEvil","floor":35.0,"key":"SMITH"},{"data":"Guardian:TemporalShield","floor":42.0,"key":"SMITH"},{"data":"Guardian:TemporalShield","floor":47.0,"key":"SMITH"}],"circlet_count":0,"master_deck":["Guardian:Strike_Guardian","Guardian:Strike_Guardian","Guardian:Defend_Guardian","Guardian:Defend_Guardian","Guardian:CurlUp","Guardian:TwinSlam+1","EpicFetus","Guardian:EvasiveProtocol","Guardian:PiercingHide","Guardian:DonusPower+1","Guardian:ShieldCharger","Guardian:RevengeProtocol","Guardian:BronzeOrb","Bandage Up","Guardian:ConstructionForm+1","Guardian:ChargeCore+1","Guardian:Incinerate","Guardian:CrystalBeam+1","Guardian:Clone+1","Guardian:GuardianWhirl","Guardian:Repulse+1","Guardian:WalkerClaw","expansioncontent:DashGenerateEvil+1","Apotheosis","BettingIsNotGood","DoctorFetus","Guardian:ExploitGems","Guardian:FastForward","Guardian:TemporalShield+1","Guardian:TemporalShield+1","Guardian:Gem_Crimson","Guardian:Gem_White","Guardian:TemporalShield+1","Guardian:Recover+1"],"relics":["Guardian:ModeShifter","HushsDoor","PillsDrop","Lizard Tail","reliquary:WeakTea","downfall:ShatteredFragment","bronze:MakeshiftBattery","Succubus","Replay:Accelerometer","Garlic","Toy Ornithopter","ReplayTheSpireMod:ShopPack","Honey Jar","Omamori","BookOfRevelations","EdensBlessing","ReplayTheSpireMod:Shallot"],"acts_visited":["Exordium","TheCity","TheBeyond"],"potions_floor_usage":[50,50,50,50],"damage_taken":[{"damage":5.0,"enemies":"Cultist","floor":2.0,"turns":4.0},{"damage":1.0,"enemies":"Jaw Worm","floor":3.0,"turns":4.0},{"damage":2.0,"enemies":"Small Slimes","floor":4.0,"turns":4.0},{"damage":3.0,"enemies":"downfall:LooterAlt","floor":5.0,"turns":5.0},{"damage":0.0,"enemies":"downfall:FleeingMerchant","floor":6.0,"turns":4.0},{"damage":0.0,"enemies":"downfall:FleeingMerchant","floor":8.0,"turns":4.0},{"damage":0.0,"enemies":"Gremlin Nob","floor":9.0,"turns":5.0},{"damage":5.0,"enemies":"Exordium Wildlife","floor":10.0,"turns":5.0},{"damage":6.0,"enemies":"Gremlin Gang","floor":13.0,"turns":6.0},{"damage":5.0,"enemies":"Lots of Slimes","floor":15.0,"turns":4.0},{"damage":0.0,"enemies":"WA_ARCHETYPE_RETAIN","floor":16.0,"turns":7.0},{"damage":0.0,"enemies":"Chosen","floor":19.0,"turns":4.0},{"damage":4.0,"enemies":"downfall:LooterAlt2","floor":20.0,"turns":2.0},{"damage":14.0,"enemies":"Snake Plant","floor":21.0,"turns":5.0},{"damage":20.0,"enemies":"Centurion and Healer","floor":22.0,"turns":4.0},{"damage":3.0,"enemies":"Cultist and Chosen","floor":23.0,"turns":4.0},{"damage":3.0,"enemies":"Chosen and Byrds","floor":25.0,"turns":3.0},{"damage":6.0,"enemies":"Hiden Room Battle","floor":27.0,"turns":3.0},{"damage":3.0,"enemies":"Snecko","floor":28.0,"turns":3.0},{"damage":5.0,"enemies":"Snake Plant","floor":29.0,"turns":3.0},{"damage":10.0,"enemies":"downfall:FleeingMerchant","floor":31.0,"turns":4.0},{"damage":1.0,"enemies":"Shelled Parasite and Fungi","floor":32.0,"turns":3.0},{"damage":32.0,"enemies":"IC_MUSHROOM_ARCHETYPE","floor":33.0,"turns":6.0},{"damage":5.0,"enemies":"Orb Walker","floor":36.0,"turns":3.0},{"damage":9.0,"enemies":"3 Darklings","floor":37.0,"turns":3.0},{"damage":0.0,"enemies":"downfall:FleeingMerchant","floor":38.0,"turns":3.0},{"damage":3.0,"enemies":"Sphere and 2 Shapes","floor":40.0,"turns":5.0},{"damage":2.0,"enemies":"4 Shapes","floor":43.0,"turns":3.0},{"damage":3.0,"enemies":"Transient","floor":44.0,"turns":5.0},{"damage":0.0,"enemies":"2 Orb Walkers","floor":46.0,"turns":3.0},{"damage":0.0,"enemies":"Maw","floor":49.0,"turns":7.0},{"damage":26,"enemies":"DF_ARCHETYPE_ORBS","floor":50,"turns":6}],"seed_played":"-1146286547686796740","potions_obtained":[{"floor":2.0,"key":"Toxic Potion"},{"floor":5.0,"key":"Strength Potion"},{"floor":10.0,"key":"Swift Potion"},{"floor":13.0,"key":"Fire Potion"},{"floor":22.0,"key":"SpeedPotion"},{"floor":23.0,"key":"Explosive Potion"},{"floor":28.0,"key":"Fire Potion"},{"floor":33.0,"key":"DuplicationPotion"},{"floor":37.0,"key":"Ancient Potion"},{"floor":46.0,"key":"Fire Potion"},{"floor":49.0,"key":"Strength Potion"}],"is_trial":false,"path_per_floor":["R","M","M","M","M","$","T","$","E","M","?","R","M","?","M","B",null,"R","M","M","M","M","M","T","M","R","?","M","M","R","$","M","B",null,"R","M","M","$","?","M","T","R","M","M","?","?","R","$","M","B",null],"character_chosen":"GUARDIAN","items_purchased":["Bandage Up","Succubus","ReplayTheSpireMod:ShopPack","expansioncontent:DashGenerateEvil","Guardian:ExploitGems","Omamori","ReplayTheSpireMod:Shallot","PowerPotion"],"campfire_rested":0,"item_purchase_floors":[8,17,31,31,31,38,48,48],"current_hp_per_floor":[88,83,82,80,77,77,77,77,81,80,80,80,78,54,49,53,73,73,73,73,59,46,47,47,48,48,46,47,46,46,40,47,24,74,74,74,69,74,74,74,74,74,72,73,73,74,74,74,74,54],"gold":46,"neow_bonus":"TEN_PERCENT_HP_BONUS","is_daily":false,"chose_seed":false,"campfire_upgraded":8,"win_rate":0.0,"timestamp":1613210914,"path_taken":["R","M","M","M","?","$","T","$","E","M","?","R","M","?","M","BOSS","R","M","M","M","M","M","T","M","R","?","M","M","R","?","M","BOSS","R","M","?","$","?","M","T","R","M","M","?","?","R","$","M","BOSS"],"items_purchased_type":["Card","Relic","Relic","Card","Card","Relic","Relic","Potion"],"build_version":"2020-12-22","purchased_purges":3,"victory":true,"max_hp_per_floor":[88,88,88,88,88,88,88,88,88,88,88,88,88,88,88,88,73,73,73,73,73,76,76,76,76,76,76,71,71,71,71,74,74,74,74,74,74,74,74,74,74,74,74,74,74,74,74,74,74,74],"card_choices":[{"not_picked":[],"picked":"EpicFetus","floor":0.0},{"not_picked":["Guardian:PrimingBeam","Guardian:Preprogram"],"picked":"Guardian:EvasiveProtocol","floor":2.0},{"not_picked":["Guardian:Suspension","Guardian:VentSteam"],"picked":"Guardian:PiercingHide","floor":3.0},{"not_picked":["Guardian:Harden","Guardian:VentSteam"],"picked":"Guardian:DonusPower","floor":4.0},{"not_picked":["Guardian:SpikerProtocol","Guardian:TemporalShield"],"picked":"Guardian:ShieldCharger","floor":5.0},{"not_picked":["Guardian:BronzeArmor","Guardian:Gem_Green"],"picked":"Guardian:RevengeProtocol","floor":6.0},{"not_picked":["Guardian:TemporalShield","Guardian:RollAttack"],"picked":"Guardian:BronzeOrb","floor":8.0},{"not_picked":["Guardian:ShieldCharger","Guardian:Gem_Green"],"picked":"Guardian:ConstructionForm","floor":9.0},{"not_picked":["Guardian:TemporalShield","Guardian:Suspension"],"picked":"Guardian:Gem_Purple","floor":10.0},{"not_picked":["Guardian:SpikerProtocol","Bomb"],"picked":"Guardian:Gem_Red","floor":13.0},{"not_picked":["Guardian:DecasProtection","Guardian:RefractedBeam"],"picked":"Guardian:ChargeCore","floor":15.0},{"not_picked":["Guardian:Gem_Synthetic","Guardian:ExploitGems"],"picked":"Guardian:AncientConstruct","floor":16.0},{"not_picked":["Guardian:PiercingHide+1","Guardian:Gem_Crimson"],"picked":"Guardian:Incinerate","floor":19.0},{"not_picked":["Guardian:Suspension","Guardian:ArmoredProtocol","Guardian:PolyBeam"],"picked":"SKIP","floor":20.0},{"not_picked":["Guardian:RollAttack","Guardian:VentSteam"],"picked":"Guardian:CrystalBeam+1","floor":21.0},{"not_picked":["Guardian:Gem_Synthetic","Guardian:TemporalStrike"],"picked":"Guardian:Gem_White","floor":22.0},{"not_picked":["Guardian:TemporalStrike","Guardian:PrimingBeam"],"picked":"Guardian:Clone+1","floor":23.0},{"not_picked":["Guardian:Gem_Yellow","Guardian:Emergency+1","Guardian:Reroute"],"picked":"SKIP","floor":25.0},{"not_picked":["Guardian:Gem_Green","Guardian:ShieldCharger"],"picked":"Guardian:GuardianWhirl","floor":27.0},{"not_picked":["Guardian:Reroute+1","Guardian:PrimingBeam"],"picked":"Guardian:Repulse","floor":28.0},{"not_picked":["Guardian:RevengeProtocol","Guardian:RollAttack+1"],"picked":"Guardian:WalkerClaw","floor":29.0},{"not_picked":["Guardian:SentryBeam","Guardian:ShieldSpikes"],"picked":"Guardian:Gem_Cyan","floor":31.0},{"not_picked":["Secret Weapon","Master of Strategy"],"picked":"Apotheosis","floor":31.0},{"not_picked":["Replay:Sssssssssshield","Forethought"],"picked":"BettingIsNotGood","floor":31.0},{"not_picked":["Swift Strike","ReplayTheSpireMod:Uncanny Aura"],"picked":"DoctorFetus","floor":31.0},{"not_picked":["Guardian:TemporalShield","Guardian:PiercingHide"],"picked":"Guardian:Gem_White","floor":32.0},{"not_picked":["Guardian:RevengeProtocol","Guardian:Gem_Synthetic"],"picked":"Guardian:FastForward","floor":33.0},{"not_picked":["Guardian:PrimingBeam","Guardian:VentSteam","Guardian:Reroute"],"picked":"Guardian:TemporalShield+1","floor":36.0},{"not_picked":["Guardian:FastForward","Guardian:DonusPower+1","Guardian:Reroute"],"picked":"Guardian:Gem_Red","floor":37.0},{"not_picked":["Guardian:ShieldSpikes","Guardian:WalkerClaw+1","Guardian:Repulse"],"picked":"Guardian:TemporalShield","floor":38.0},{"not_picked":["Guardian:TemporalShield","Guardian:Emergency+1","Guardian:Planning+1"],"picked":"Guardian:Gem_Cyan","floor":40.0},{"not_picked":["Guardian:VentSteam","Guardian:Gem_Red","Guardian:TimeCapacitor+1"],"picked":"Guardian:Gem_Crimson","floor":43.0},{"not_picked":["Guardian:ConstructionForm","Guardian:Incinerate+1","Guardian:Suspension"],"picked":"Guardian:Gem_White","floor":44.0},{"not_picked":["Guardian:VentSteam","Guardian:RollAttack","Guardian:BronzeOrb+1"],"picked":"Guardian:TemporalShield","floor":46.0},{"not_picked":["Guardian:Harden","Guardian:FloatingOrbs","Guardian:BronzeOrb"],"picked":"Guardian:Recover+1","floor":49.0}],"player_experience":496994,"relics_obtained":[{"floor":7.0,"key":"Lizard Tail"},{"floor":9.0,"key":"reliquary:WeakTea"},{"floor":24.0,"key":"Replay:Accelerometer"},{"floor":27.0,"key":"Garlic"},{"floor":27.0,"key":"Toy Ornithopter"},{"floor":41.0,"key":"BookOfRevelations"},{"floor":46.0,"key":"EdensBlessing"}],"event_choices":[{"damage_healed":0.0,"max_hp_gain":0.0,"max_hp_loss":0.0,"gold_gain":0.0,"event_name":"HidenRoomEvent","player_choice":"Fight","floor":27.0,"gold_loss":0.0,"damage_taken":0.0},{"cards_removed":["Guardian:AncientConstruct"],"damage_healed":0.0,"max_hp_gain":0.0,"max_hp_loss":0.0,"gold_gain":0.0,"event_name":"Falling","player_choice":"Removed Power","floor":39.0,"gold_loss":0.0,"damage_taken":0.0},{"damage_healed":0.0,"max_hp_gain":0.0,"max_hp_loss":0.0,"gold_gain":0.0,"event_name":"Mysterious Sphere","player_choice":"Fight","floor":46.0,"gold_loss":0.0,"damage_taken":0.0}],"is_beta":false,"boss_relics":[{"not_picked":["Painkiller Herb","ReplayTheSpireMod:DimensionalGlitch"],"picked":"bronze:MakeshiftBattery"},{"not_picked":[]},{"not_picked":["reliquary:Ember","Runic Pyramid"],"picked":"Honey Jar"},{"not_picked":[]}],"items_purged_floors":[31,38,48],"is_endless":false,"potions_floor_spawned":[2,5,10,13,22,23,28,29,33,37,46,49],"ascension_level":0}}