{"host":"zxkjcgzis4pm3za5","time":1613224676,"event":{"mods":["AchievementEnabler","BaseMod","Colored Map","Colored Powertips","Minty Spire (QoL Compilation)","Quick Restart","Random Character Button","Relic Sorter","Relic Stats","StSLib"],"gold_per_floor":[117,267,317,44,56,56,81,96,96,110,128,144,144,144],"floor_reached":13,"language":"ENG","playtime":291,"items_purged":["Doubt"],"score":224,"play_id":"24c0b9cd-6bd6-4660-845e-bf257776ea1e","local_time":"20210213192756","is_ascension_mode":true,"campfire_choices":[{"data":"Bouncing Flask","floor":6.0,"key":"SMITH"}],"circlet_count":0,"master_deck":["AscendersBane","Strike_G","Strike_G","Strike_G","Strike_G","Strike_G","Defend_G","Defend_G","Defend_G","Defend_G","Defend_G","Survivor","Neutralize","Bouncing Flask+1","Deadly Poison","Sucker Punch","Deadly Poison","Deadly Poison","Flying Knee","Outmaneuver"],"relics":["Ring of the Snake","NeowsBlessing","Potion Belt","Du-Vu Doll"],"acts_visited":["Exordium"],"potions_floor_usage":[13],"damage_taken":[{"damage":0.0,"enemies":"Jaw Worm","floor":1.0,"turns":1.0},{"damage":0.0,"enemies":"Small Slimes","floor":5.0,"turns":1.0},{"damage":0.0,"enemies":"Lagavulin","floor":7.0,"turns":1.0},{"damage":0.0,"enemies":"Cultist","floor":8.0,"turns":3.0},{"damage":6.0,"enemies":"Looter","floor":10.0,"turns":3.0},{"damage":20,"enemies":"Large Slime","floor":11,"turns":6},{"damage":5,"enemies":"Blue Slaver","floor":12,"turns":3},{"damage":44,"enemies":"Gremlin Nob","floor":13,"turns":3}],"seed_played":"-7086640707393372490","potions_obtained":[{"floor":1.0,"key":"FearPotion"},{"floor":5.0,"key":"SteroidPotion"},{"floor":8.0,"key":"SpeedPotion"},{"floor":12,"key":"Swift Potion"}],"is_trial":false,"path_per_floor":["M","?","?","$","M","R","E","M","T","M","M","M","E"],"character_chosen":"THE_SILENT","items_purchased":["Deadly Poison","Potion Belt"],"campfire_rested":0,"item_purchase_floors":[4,4],"current_hp_per_floor":[59,59,53,53,53,53,53,53,53,47,27,22,0,0],"gold":144,"neow_bonus":"THREE_ENEMY_KILL","is_daily":false,"chose_seed":false,"campfire_upgraded":1,"win_rate":0.0,"timestamp":1613224676,"path_taken":["M","?","?","$","M","R","E","M","T","?","M","M","E"],"items_purchased_type":["Card","Relic"],"build_version":"2020-12-22","purchased_purges":1,"victory":false,"max_hp_per_floor":[66,66,66,66,66,66,66,66,66,66,66,66,66,66],"relic_stats":{"counters":[8,21],"obtain_stats":[{"Potion Belt":4,"Du-Vu Doll":7,"NeowsBlessing":0,"Ring of the Snake":0},{"Potion Belt":1,"Du-Vu Doll":3,"NeowsBlessing":0,"Ring of the Snake":0},{"Potion Belt":1,"Du-Vu Doll":3,"NeowsBlessing":0,"Ring of the Snake":0}],"Ring of the Snake":[16]},"card_choices":[{"not_picked":["Choke","Slice"],"picked":"Bouncing Flask","floor":1.0},{"not_picked":["Heel Hook","Dagger Throw"],"picked":"Sucker Punch","floor":5.0},{"not_picked":["Backstab","PiercingWail"],"picked":"Deadly Poison","floor":7.0},{"not_picked":["Underhanded Strike","Dagger Throw","Dodge and Roll"],"picked":"SKIP","floor":8.0},{"not_picked":["Tactician","Blade Dance"],"picked":"Deadly Poison","floor":10.0},{"not_picked":["Cloak And Dagger","Dodge and Roll"],"picked":"Flying Knee","floor":11},{"not_picked":["Dagger Throw","Underhanded Strike"],"picked":"Outmaneuver","floor":12}],"player_experience":362298,"relics_obtained":[{"floor":7.0,"key":"Du-Vu Doll"}],"event_choices":[{"damage_healed":0.0,"max_hp_gain":0.0,"max_hp_loss":0.0,"gold_gain":150.0,"event_name":"Liars Game","player_choice":"AGREE","floor":2.0,"gold_loss":0.0,"damage_taken":0.0,"cards_obtained":["Doubt"]},{"damage_healed":0.0,"max_hp_gain":0.0,"max_hp_loss":0.0,"gold_gain":50.0,"event_name":"FaceTrader","player_choice":"Touch","floor":3.0,"gold_loss":0.0,"damage_taken":6.0}],"is_beta":false,"boss_relics":[],"items_purged_floors":[4],"is_endless":false,"potions_floor_spawned":[1,5,8,12],"killed_by":"Gremlin Nob","ascension_level":20}}