{"host":"sav7uxregyirlf69","time":1613228157,"event":{"mods":["AchievementEnabler","BaseMod","Colored Map","DeckTracker","Keyboard Shortcuts","Minty Spire (QoL Compilation)","READ ME - Guardian Mod","StSLib","SuperFastMode"],"gold_per_floor":[118,118,118,74,86,117,130,149,204,204,204,239,254,254,254,254,254],"floor_reached":16,"language":"KOR","playtime":291,"items_purged":[],"score":220,"play_id":"56091d4f-0444-4b8f-b4a1-6f2c72aa5f0d","local_time":"20210213235557","is_ascension_mode":true,"campfire_choices":[{"floor":10.0,"key":"REST"},{"data":"Cloak And Dagger","floor":15,"key":"SMITH"}],"circlet_count":0,"master_deck":["AscendersBane","Strike_G","Strike_G","Strike_G","Strike_G","Strike_G","Defend_G","Defend_G","Defend_G","Defend_G","Defend_G","Survivor","Neutralize","Choke+1","Well Laid Plans","Footwork","Cloak And Dagger+1"],"relics":["Ring of the Snake","Mummified Hand","Blood Vial","Art of War"],"acts_visited":["Exordium"],"potions_floor_usage":[],"damage_taken":[{"damage":4.0,"enemies":"Small Slimes","floor":1.0,"turns":4.0},{"damage":1.0,"enemies":"Cultist","floor":5.0,"turns":3.0},{"damage":60.0,"enemies":"Lagavulin","floor":6.0,"turns":13.0},{"damage":0.0,"enemies":"2 Louse","floor":7.0,"turns":5.0},{"damage":0.0,"enemies":"Looter","floor":8.0,"turns":5.0},{"damage":23.0,"enemies":"Gremlin Nob","floor":12.0,"turns":4.0},{"damage":0.0,"enemies":"Large Slime","floor":13.0,"turns":6.0},{"damage":20,"enemies":"Hexaghost","floor":16,"turns":9}],"seed_played":"-294892552596036140","potions_obtained":[{"floor":5.0,"key":"Dexterity Potion"},{"floor":8.0,"key":"Fire Potion"},{"floor":13.0,"key":"DuplicationPotion"}],"is_trial":false,"path_per_floor":["M","?","?","$","M","E","M","M","T","R","?","E","M","?","R","B"],"character_chosen":"THE_SILENT","items_purchased":["Choke"],"campfire_rested":1,"item_purchase_floors":[4],"current_hp_per_floor":[40,40,76,76,75,15,15,15,15,37,37,16,18,18,18,0,0],"gold":254,"neow_bonus":"RANDOM_COLORLESS_2","is_daily":false,"chose_seed":false,"campfire_upgraded":1,"win_rate":0.0,"timestamp":1613228157,"path_taken":["M","?","?","$","M","E","M","?","T","R","?","E","M","?","R","BOSS"],"items_purchased_type":["Card"],"build_version":"2020-12-22","purchased_purges":0,"victory":false,"max_hp_per_floor":[66,66,76,76,76,76,76,76,76,76,76,76,76,76,76,76,76],"card_choices":[{"not_picked":["Violence","Transmutation"],"picked":"Master of Strategy","floor":0.0},{"not_picked":["Acrobatics","Expertise","Choke"],"picked":"SKIP","floor":1.0},{"not_picked":["Distraction","Tactician"],"picked":"Well Laid Plans","floor":5.0},{"not_picked":["Quick Slash","Dagger Spray"],"picked":"Footwork","floor":6.0},{"not_picked":["Deadly Poison","Prepared"],"picked":"Cloak And Dagger","floor":7.0},{"not_picked":["Endless Agony","Distraction","PiercingWail"],"picked":"SKIP","floor":8.0},{"not_picked":["Cloak And Dagger","Night Terror","Sucker Punch"],"picked":"SKIP","floor":12.0},{"not_picked":["Deadly Poison","Bane","Slice"],"picked":"SKIP","floor":13.0}],"player_experience":1566451,"relics_obtained":[{"floor":6.0,"key":"Mummified Hand"},{"floor":9.0,"key":"Blood Vial"},{"floor":12.0,"key":"Art of War"}],"event_choices":[{"damage_healed":0.0,"max_hp_gain":0.0,"max_hp_loss":0.0,"gold_gain":0.0,"event_name":"Liars Game","player_choice":"Ignored","floor":2.0,"gold_loss":0.0,"damage_taken":0.0},{"cards_removed":["Master of Strategy"],"damage_healed":26.0,"max_hp_gain":10.0,"max_hp_loss":0.0,"gold_gain":0.0,"event_name":"Bonfire Elementals","player_choice":"Offered Rare","floor":3.0,"gold_loss":0.0,"damage_taken":0.0},{"damage_healed":0.0,"max_hp_gain":0.0,"max_hp_loss":0.0,"gold_gain":0.0,"event_name":"Living Wall","player_choice":"Grow","floor":11.0,"gold_loss":0.0,"damage_taken":0.0,"cards_upgraded":["Choke"]},{"damage_healed":0,"gold_gain":0,"player_choice":"Fled","damage_taken":0,"max_hp_gain":0,"max_hp_loss":0,"event_name":"Scrap Ooze","floor":14,"gold_loss":0}],"is_beta":false,"boss_relics":[],"items_purged_floors":[],"is_endless":false,"potions_floor_spawned":[5,8,13],"killed_by":"Hexaghost","ascension_level":20}}