{"host":"zxkjcgzis4pm3za5","time":1613226579,"event":{"mods":["AchievementEnabler","BaseMod","Colored Map","Colored Powertips","Minty Spire (QoL Compilation)","Quick Restart","Random Character Button","Relic Sorter","Relic Stats","StSLib"],"gold_per_floor":[111,36,54,204,204,204,21,48,48,76,101,121,136,11,11,11,11],"floor_reached":16,"language":"ENG","playtime":316,"items_purged":["Defend_G","Doubt","Strike_G"],"score":266,"play_id":"6270638e-44d2-4573-a4c9-684c5bfbb675","local_time":"20210213195939","is_ascension_mode":true,"campfire_choices":[{"data":"Neutralize","floor":6,"key":"SMITH"},{"data":"Footwork","floor":15,"key":"SMITH"}],"circlet_count":0,"master_deck":["AscendersBane","Strike_G","Strike_G","Strike_G","Strike_G+1","Defend_G","Defend_G","Defend_G","Defend_G+1","Survivor","Neutralize+1","Predator","Flying Knee","Footwork+1","Blade Dance","Malaise","Slice"],"relics":["Ring of the Snake","NeowsBlessing","Mummified Hand","Potion Belt","Toy Ornithopter"],"acts_visited":["Exordium"],"potions_floor_usage":[16],"damage_taken":[{"damage":0.0,"enemies":"Cultist","floor":1.0,"turns":1.0},{"damage":0.0,"enemies":"Small Slimes","floor":3.0,"turns":1.0},{"damage":0,"enemies":"Lagavulin","floor":8,"turns":1},{"damage":22,"enemies":"Gremlin Nob","floor":10,"turns":4},{"damage":0,"enemies":"2 Louse","floor":12,"turns":2},{"damage":0,"enemies":"Red Slaver","floor":13,"turns":4},{"damage":55,"enemies":"Slime Boss","floor":16,"turns":8}],"seed_played":"2440054554956377912","potions_obtained":[{"floor":10,"key":"Fire Potion"},{"floor":12,"key":"FairyPotion"}],"is_trial":false,"path_per_floor":["M","$","M","?","?","R","$","E","T","E","T","M","M","$","R","B"],"character_chosen":"THE_SILENT","items_purchased":["Footwork"],"campfire_rested":0,"item_purchase_floors":[7],"current_hp_per_floor":[59,59,59,59,39,39,39,39,39,17,17,17,17,17,17,0,0],"gold":11,"neow_bonus":"THREE_ENEMY_KILL","is_daily":false,"chose_seed":false,"campfire_upgraded":2,"win_rate":0.0,"timestamp":1613226579,"path_taken":["M","?","M","?","?","R","$","E","T","E","?","?","M","?","R","BOSS"],"items_purchased_type":["Card"],"build_version":"2020-12-22","purchased_purges":3,"victory":false,"max_hp_per_floor":[66,66,66,66,66,66,66,66,66,66,66,66,66,66,66,66,66],"relic_stats":{"counters":[7,21],"Mummified Hand":[3],"obtain_stats":[{"Potion Belt":10,"NeowsBlessing":0,"Mummified Hand":8,"Toy Ornithopter":11,"Ring of the Snake":0},{"Potion Belt":4,"NeowsBlessing":0,"Mummified Hand":3,"Toy Ornithopter":4,"Ring of the Snake":0},{"Potion Belt":7,"NeowsBlessing":0,"Mummified Hand":3,"Toy Ornithopter":7,"Ring of the Snake":0}],"Toy Ornithopter":5,"Ring of the Snake":[14]},"card_choices":[{"not_picked":["Dagger Throw","Poisoned Stab"],"picked":"Predator","floor":1.0},{"not_picked":["Underhanded Strike","Escape Plan"],"picked":"Flying Knee","floor":3.0},{"not_picked":["Finisher","Poisoned Stab"],"picked":"Blade Dance","floor":8},{"not_picked":["Flying Knee","Dodge and Roll"],"picked":"Malaise","floor":10},{"not_picked":["Sucker Punch","Bane"],"picked":"Slice","floor":12},{"not_picked":["PiercingWail","Choke","Flying Knee"],"picked":"SKIP","floor":13}],"player_experience":364029,"relics_obtained":[{"floor":8,"key":"Mummified Hand"},{"floor":10,"key":"Potion Belt"},{"floor":11,"key":"Toy Ornithopter"}],"event_choices":[{"damage_healed":0.0,"max_hp_gain":0.0,"max_hp_loss":0.0,"gold_gain":150.0,"event_name":"Liars Game","player_choice":"AGREE","floor":4.0,"gold_loss":0.0,"damage_taken":0.0,"cards_obtained":["Doubt"]},{"damage_healed":0,"gold_gain":0,"player_choice":"Entered Light","damage_taken":20,"max_hp_gain":0,"max_hp_loss":0,"event_name":"Shining Light","floor":5,"gold_loss":0,"cards_upgraded":["Strike_G","Defend_G"]}],"is_beta":false,"boss_relics":[],"items_purged_floors":[2,7,14],"is_endless":false,"potions_floor_spawned":[10,12],"killed_by":"Slime Boss","ascension_level":20}}