{"host":"js2su9tbbk4rmjfl","time":1613177207,"event":{"mods":["AchievementEnabler","BaseMod","Block Reminder","Colored Map","Colored Powertips","Highlight Path","Minty Spire (QoL Compilation)","Relic Stats"],"gold_per_floor":[109,126,126,145,161,174,191,191,191,217,217,61,61,93,93,194,194,214,214,230,230,244,343,96,96,119,147,147,165,165,179,179,284,284,298,9,9,22,22,22,22,22,22,42,0,50,75,91,91,91],"floor_reached":51,"language":"ENG","playtime":2877,"items_purged":[],"score":830,"play_id":"0f4d7c6b-4af1-46c9-8028-df8f6246392b","local_time":"20210213014647","is_ascension_mode":false,"campfire_choices":[{"data":"Cloak And Dagger","floor":8,"key":"SMITH"},{"data":"Cloak And Dagger","floor":11,"key":"SMITH"},{"data":"Cloak And Dagger","floor":13,"key":"SMITH"},{"data":"After Image","floor":15,"key":"SMITH"},{"data":"A Thousand Cuts","floor":25,"key":"SMITH"},{"data":"Accuracy","floor":28,"key":"SMITH"},{"data":"Blur","floor":30,"key":"SMITH"},{"data":"Neutralize","floor":32,"key":"SMITH"},{"data":"1","floor":40,"key":"LIFT"},{"data":"2","floor":42,"key":"LIFT"},{"data":"3","floor":49,"key":"LIFT"}],"circlet_count":0,"master_deck":["Strike_G","Strike_G","Strike_G","Strike_G","Strike_G","Defend_G","Defend_G","Defend_G","Defend_G","Survivor","Neutralize+1","Cloak And Dagger+1","Footwork+1","Cloak And Dagger+1","Cloak And Dagger+1","After Image+1","A Thousand Cuts+1","Blade Dance+1","Blur+1","Accuracy+1","Secret Technique"],"relics":["Ring of the Snake","Shuriken","Juzu Bracelet","Vajra","Anchor","SlaversCollar","Kunai","Omamori","Mango","WristBlade","Girya","Sundial","Red Mask","Ginger","Gremlin Horn"],"acts_visited":["Exordium","TheCity","TheBeyond"],"potions_floor_usage":[50,50],"damage_taken":[{"damage":0,"enemies":"Cultist","floor":1,"turns":5},{"damage":0,"enemies":"Small Slimes","floor":2,"turns":6},{"damage":0,"enemies":"Jaw Worm","floor":4,"turns":6},{"damage":0,"enemies":"Gremlin Gang","floor":5,"turns":9},{"damage":0,"enemies":"3 Louse","floor":6,"turns":4},{"damage":0,"enemies":"Blue Slaver","floor":7,"turns":5},{"damage":9,"enemies":"3 Sentries","floor":10,"turns":10},{"damage":6,"enemies":"Gremlin Nob","floor":14,"turns":4},{"damage":4,"enemies":"Hexaghost","floor":16,"turns":12},{"damage":1,"enemies":"Chosen","floor":18,"turns":7},{"damage":0,"enemies":"3 Byrds","floor":20,"turns":6},{"damage":0,"enemies":"Centurion and Healer","floor":22,"turns":7},{"damage":0,"enemies":"Book of Stabbing","floor":27,"turns":5},{"damage":0,"enemies":"Sentry and Sphere","floor":29,"turns":5},{"damage":0,"enemies":"Cultist and Chosen","floor":31,"turns":6},{"damage":0,"enemies":"Automaton","floor":33,"turns":6},{"damage":0,"enemies":"3 Shapes","floor":35,"turns":6},{"damage":0,"enemies":"3 Darklings","floor":38,"turns":5},{"damage":15,"enemies":"Spire Growth","floor":44,"turns":5},{"damage":0,"enemies":"Mind Bloom Boss Battle","floor":46,"turns":6},{"damage":0,"enemies":"Nemesis","floor":47,"turns":5},{"damage":0,"enemies":"4 Shapes","floor":48,"turns":4},{"damage":0,"enemies":"Time Eater","floor":50,"turns":9}],"seed_played":"1925698976559272795","potions_obtained":[{"floor":1,"key":"Regen Potion"},{"floor":6,"key":"BlessingOfTheForge"},{"floor":7,"key":"Block Potion"}],"is_trial":false,"path_per_floor":["M","M","?","M","M","M","M","R","T","E","R","$","R","E","R","B",null,"M","?","M","?","M","?","$","R","T","E","R","M","R","M","R","B",null,"M","$","?","M","?","R","?","R","T","M","?","?","E","M","R","B",null],"character_chosen":"THE_SILENT","items_purchased":["Vajra","Kunai","Girya"],"campfire_rested":0,"item_purchase_floors":[12,24,36],"current_hp_per_floor":[70,70,70,70,70,70,70,70,70,61,61,61,61,55,55,51,70,69,69,69,69,69,69,69,69,69,83,83,83,83,83,83,83,84,84,84,84,84,84,84,84,84,84,69,69,69,69,69,69,74],"gold":91,"neow_bonus":"THREE_CARDS","is_daily":false,"chose_seed":false,"campfire_upgraded":8,"win_rate":0.0,"timestamp":1613177207,"path_taken":["M","?","?","M","M","M","M","R","T","E","R","$","R","E","R","BOSS","M","?","M","?","M","?","$","R","T","E","R","M","R","M","R","BOSS","M","$","?","M","?","R","?","R","T","M","?","?","E","M","R","BOSS"],"items_purchased_type":["Relic","Relic","Relic"],"build_version":"2020-12-22","purchased_purges":0,"victory":true,"max_hp_per_floor":[70,70,70,70,70,70,70,70,70,70,70,70,70,70,70,70,70,70,70,70,70,70,70,70,70,70,84,84,84,84,84,84,84,84,84,84,84,84,84,84,84,84,84,84,84,84,84,84,84,84],"relic_stats":{"Gremlin Horn":[3,3],"counters":[23,143],"Shuriken":[67],"Sundial":[2],"Juzu Bracelet":2,"Kunai":[44],"Ginger":[2],"obtain_stats":[{"Girya":36,"Gremlin Horn":47,"Vajra":12,"Mango":27,"Juzu Bracelet":10,"Omamori":26,"Ginger":46,"SlaversCollar":17,"Anchor":14,"WristBlade":34,"Shuriken":9,"Sundial":43,"Red Mask":45,"Kunai":24,"Ring of the Snake":0},{"Girya":17,"Gremlin Horn":21,"Vajra":7,"Mango":13,"Juzu Bracelet":7,"Omamori":12,"Ginger":20,"SlaversCollar":9,"Anchor":8,"WristBlade":16,"Shuriken":6,"Sundial":18,"Red Mask":19,"Kunai":12,"Ring of the Snake":0},{"Girya":109,"Gremlin Horn":130,"Vajra":45,"Mango":86,"Juzu Bracelet":45,"Omamori":81,"Ginger":125,"SlaversCollar":61,"Anchor":49,"WristBlade":103,"Shuriken":35,"Sundial":114,"Red Mask":119,"Kunai":81,"Ring of the Snake":0}],"Ring of the Snake":[46]},"card_choices":[{"not_picked":["Slice","Deadly Poison"],"picked":"Cloak And Dagger","floor":0},{"not_picked":["Caltrops","Underhanded Strike"],"picked":"Footwork","floor":1},{"not_picked":["Flechettes","Underhanded Strike"],"picked":"Cloak And Dagger","floor":2},{"not_picked":["Expertise","Infinite Blades"],"picked":"Cloak And Dagger","floor":4},{"not_picked":["Distraction","Noxious Fumes","Flying Knee"],"picked":"SKIP","floor":5},{"not_picked":["Dagger Throw","Quick Slash"],"picked":"After Image","floor":6},{"not_picked":["Tactician","Dagger Spray","PiercingWail"],"picked":"SKIP","floor":7},{"not_picked":["Quick Slash","Acrobatics","Caltrops"],"picked":"SKIP","floor":10},{"not_picked":["Skewer","Flechettes","Slice"],"picked":"SKIP","floor":14},{"not_picked":["Adrenaline","Die Die Die"],"picked":"A Thousand Cuts","floor":16},{"not_picked":["Endless Agony","Blur+1"],"picked":"Blade Dance+1","floor":18},{"not_picked":["Backflip","Distraction","Catalyst"],"picked":"SKIP","floor":20},{"not_picked":["Backflip+1","Outmaneuver","Poisoned Stab"],"picked":"SKIP","floor":22},{"not_picked":["Poisoned Stab","Catalyst"],"picked":"Accuracy","floor":27},{"not_picked":["Reflex","Blur","Sucker Punch"],"picked":"SKIP","floor":29},{"not_picked":["Dagger Spray+1","Blade Dance","Noxious Fumes+1"],"picked":"SKIP","floor":31},{"not_picked":["Deflect","Prepared","Flechettes+1"],"picked":"SKIP","floor":35},{"not_picked":["Acrobatics","Dagger Spray","Dagger Throw"],"picked":"SKIP","floor":38},{"not_picked":["Purity","Dramatic Entrance"],"picked":"Secret Technique","floor":39},{"not_picked":["Footwork+1","Blade Dance+1","Backflip+1"],"picked":"SKIP","floor":44},{"not_picked":["Choke","Footwork+1","Deadly Poison"],"picked":"SKIP","floor":47},{"not_picked":["Underhanded Strike+1","Blade Dance","Backflip+1"],"picked":"SKIP","floor":48}],"player_experience":805911,"relics_obtained":[{"floor":9,"key":"Shuriken"},{"floor":10,"key":"Juzu Bracelet"},{"floor":14,"key":"Anchor"},{"floor":26,"key":"Omamori"},{"floor":27,"key":"Mango"},{"floor":43,"key":"Sundial"},{"floor":46,"key":"Ginger"},{"floor":47,"key":"Gremlin Horn"}],"event_choices":[{"damage_healed":0,"gold_gain":0,"player_choice":"Grow","damage_taken":0,"max_hp_gain":0,"max_hp_loss":0,"event_name":"Living Wall","floor":3,"gold_loss":0,"cards_upgraded":["Footwork"]},{"damage_healed":0,"gold_gain":0,"player_choice":"Read","damage_taken":0,"max_hp_gain":0,"max_hp_loss":0,"event_name":"The Library","floor":19,"gold_loss":0,"cards_obtained":["Blur"]},{"damage_healed":0,"gold_gain":0,"player_choice":"Ignored","damage_taken":0,"max_hp_gain":0,"max_hp_loss":0,"event_name":"Transmorgrifier","floor":21,"gold_loss":0},{"damage_healed":0,"gold_gain":99,"player_choice":"Stole From Cult","damage_taken":0,"max_hp_gain":0,"max_hp_loss":0,"event_name":"Nest","floor":23,"gold_loss":0},{"cards_removed":["Defend_G"],"damage_healed":0,"gold_gain":0,"player_choice":"Removed Skill","damage_taken":0,"max_hp_gain":0,"max_hp_loss":0,"event_name":"Falling","floor":37,"gold_loss":0},{"damage_healed":0,"gold_gain":0,"player_choice":"Memory 1","damage_taken":0,"max_hp_gain":0,"max_hp_loss":0,"event_name":"SensoryStone","floor":39,"gold_loss":0},{"damage_healed":0,"gold_gain":0,"player_choice":"Ignored","damage_taken":0,"max_hp_gain":0,"max_hp_loss":0,"event_name":"SecretPortal","floor":41,"gold_loss":0},{"damage_healed":0,"gold_gain":0,"player_choice":"Paid","damage_taken":0,"relics_obtained":["Red Mask"],"max_hp_gain":0,"max_hp_loss":0,"event_name":"Tomb of Lord Red Mask","floor":45,"gold_loss":42},{"damage_healed":0,"gold_gain":0,"player_choice":"Fight","damage_taken":0,"max_hp_gain":0,"max_hp_loss":0,"event_name":"MindBloom","floor":46,"gold_loss":0}],"is_beta":false,"boss_relics":[{"not_picked":["Pandora\u0027s Box","Cursed Key"],"picked":"SlaversCollar"},{"not_picked":["Runic Dome","Busted Crown"],"picked":"WristBlade"}],"items_purged_floors":[],"is_endless":false,"potions_floor_spawned":[1,6,7,10,16,18,22,29,31,33,35,46,48],"ascension_level":0}}