{"host":"fkig9nrckec4xsh0","time":1613183513,"event":{"mods":["Act Like it!","BaseMod","Colored Map","Gensokyo","Hermit","Marisa????????","Minty Spire (QoL Compilation)","Quick Restart","Replay The Spire","StSLib"],"gold_per_floor":[115,115,134,0,150,179,179,179,179],"floor_reached":8,"language":"ENG","playtime":280,"items_purged":[],"score":97,"play_id":"96e3608b-97aa-4b44-9709-d890a873b62d","local_time":"20210212213153","is_ascension_mode":true,"campfire_choices":[{"data":"Secret Technique","floor":7.0,"key":"SMITH"}],"circlet_count":0,"master_deck":["AscendersBane","Strike_G","Strike_G","Strike_G","Strike_G","Defend_G","Defend_G+1","Defend_G","Defend_G+1","Defend_G","Survivor","Neutralize","Secret Technique+1","Hidden Blade","Blade Dance","ReplayTheSpireMod:The Works","Hidden Blade","Doubt","Hidden Blade"],"relics":["Ring of the Snake","Simple Rune"],"acts_visited":["Exordium"],"potions_floor_usage":[],"damage_taken":[{"damage":7.0,"enemies":"Jaw Worm","floor":1.0,"turns":5.0},{"damage":0.0,"enemies":"2 Louse","floor":3.0,"turns":3.0},{"damage":17.0,"enemies":"3 Sentries","floor":6.0,"turns":10.0},{"damage":0,"enemies":"Lagavulin","floor":8,"turns":3}],"seed_played":"1025277851067218310","potions_obtained":[{"floor":1.0,"key":"Poison Potion"}],"is_trial":false,"path_per_floor":["M","?","M","$","?","E","R","E"],"character_chosen":"THE_SILENT","items_purchased":["ReplayTheSpireMod:The Works","Hidden Blade"],"campfire_rested":0,"item_purchase_floors":[4,4],"current_hp_per_floor":[52,45,45,45,45,28,28,28,28],"gold":179,"neow_bonus":"RANDOM_COLORLESS_2","is_daily":false,"chose_seed":false,"campfire_upgraded":1,"win_rate":0.0,"timestamp":1613183513,"path_taken":["M","?","M","$","?","E","R","E"],"items_purchased_type":["Card","Card"],"build_version":"2020-12-22","purchased_purges":0,"victory":false,"max_hp_per_floor":[60,60,60,60,60,60,60,60,60],"card_choices":[{"not_picked":["Midas Touch","Apotheosis"],"picked":"Secret Technique","floor":0.0},{"not_picked":["Setup","Cloak And Dagger"],"picked":"Hidden Blade","floor":1.0},{"not_picked":["ReplayTheSpireMod:Speed Training","All Out Attack"],"picked":"Blade Dance","floor":3.0},{"not_picked":["Slice","Venomology"],"picked":"Hidden Blade","floor":6.0}],"player_experience":435472,"relics_obtained":[{"floor":6.0,"key":"Simple Rune"}],"event_choices":[{"cards_removed":["Strike_G"],"damage_healed":0.0,"max_hp_gain":0.0,"max_hp_loss":0.0,"gold_gain":0.0,"event_name":"Golden Wing","player_choice":"Card Removal","floor":2.0,"gold_loss":0.0,"damage_taken":7.0},{"damage_healed":0.0,"max_hp_gain":0.0,"max_hp_loss":0.0,"gold_gain":150.0,"event_name":"Liars Game","player_choice":"AGREE","floor":5.0,"gold_loss":0.0,"damage_taken":0.0,"cards_obtained":["Doubt"]}],"is_beta":false,"boss_relics":[],"items_purged_floors":[],"is_endless":false,"potions_floor_spawned":[1],"killed_by":"Lagavulin","ascension_level":16}}