{"host":"bf5upntvbdompq33","time":1613245517,"event":{"mods":["BaseMod","Bestiary","Colored Map","Colored Powertips","Curses Come First","Minty Spire (QoL Compilation)","StSLib","ojb\u0027s Info Mod"],"gold_per_floor":[114,39,39,4,19,45,59,69,92,92,111,111,146,165,165,165,165],"floor_reached":16,"language":"ENG","playtime":931,"items_purged":[],"score":212,"play_id":"04a2a2b0-b678-4092-90cc-54316b25110f","local_time":"20210213124517","is_ascension_mode":true,"campfire_choices":[{"data":"Beam Cell","floor":10,"key":"SMITH"},{"data":"Genetic Algorithm","floor":12,"key":"SMITH"},{"floor":15,"key":"REST"}],"circlet_count":0,"master_deck":["AscendersBane","Strike_B","Strike_B","Strike_B","Strike_B","Defend_B","Defend_B","Defend_B","Defend_B","Zap","Dualcast","Genetic Algorithm+1","Leap","Beam Cell+1","FTL","FTL","Rip and Tear","Gash","Hyperbeam","Conserve Battery"],"relics":["Cracked Core","NeowsBlessing","PreservedInsect","Ancient Tea Set","Nunchaku","White Beast Statue"],"acts_visited":["Exordium"],"potions_floor_usage":[13,16,16],"damage_taken":[{"damage":0,"enemies":"Jaw Worm","floor":1,"turns":1},{"damage":0,"enemies":"2 Louse","floor":5,"turns":1},{"damage":0,"enemies":"3 Sentries","floor":6,"turns":1},{"damage":0,"enemies":"Small Slimes","floor":7,"turns":3},{"damage":37,"enemies":"Exordium Thugs","floor":8,"turns":5},{"damage":1,"enemies":"Gremlin Gang","floor":11,"turns":3},{"damage":16,"enemies":"Lagavulin","floor":13,"turns":4},{"damage":0,"enemies":"Lots of Slimes","floor":14,"turns":1},{"damage":40,"enemies":"Hexaghost","floor":16,"turns":9}],"seed_played":"1873335981864255025","potions_obtained":[{"floor":1,"key":"ColorlessPotion"},{"floor":11,"key":"BlessingOfTheForge"},{"floor":13,"key":"ColorlessPotion"},{"floor":14,"key":"Explosive Potion"}],"is_trial":false,"path_per_floor":["M","$","?","?","M","E","M","M","T","R","M","R","E","M","R","B"],"character_chosen":"DEFECT","items_purchased":["Leap","Beam Cell"],"campfire_rested":1,"item_purchase_floors":[2,2],"current_hp_per_floor":[68,68,50,68,68,68,68,31,31,31,30,30,14,14,36,0,0],"gold":165,"neow_bonus":"THREE_ENEMY_KILL","is_daily":false,"chose_seed":false,"campfire_upgraded":2,"win_rate":0.0,"timestamp":1613245517,"path_taken":["M","$","?","?","M","E","M","M","T","R","M","R","E","M","R","BOSS"],"items_purchased_type":["Card","Card"],"build_version":"2020-12-22","purchased_purges":0,"victory":false,"max_hp_per_floor":[75,75,75,75,75,75,75,75,75,75,75,75,75,75,75,75,75],"card_choices":[{"not_picked":["Redo","Hologram"],"picked":"Genetic Algorithm","floor":1},{"not_picked":["Defragment","Redo"],"picked":"FTL","floor":5},{"not_picked":["Steam","Compile Driver"],"picked":"FTL","floor":6},{"not_picked":["Defragment","Ball Lightning"],"picked":"Rip and Tear","floor":7},{"not_picked":["Barrage","Static Discharge"],"picked":"Gash","floor":8},{"not_picked":["Darkness","Cold Snap","Coolheaded"],"picked":"SKIP","floor":11},{"not_picked":["Loop","Reinforced Body"],"picked":"Hyperbeam","floor":13},{"not_picked":["Cold Snap","Aggregate"],"picked":"Conserve Battery","floor":14}],"player_experience":1576927,"relics_obtained":[{"floor":6,"key":"Ancient Tea Set"},{"floor":9,"key":"Nunchaku"},{"floor":13,"key":"White Beast Statue"}],"event_choices":[{"damage_healed":0,"gold_gain":0,"player_choice":"Success","damage_taken":18,"relics_obtained":["PreservedInsect"],"max_hp_gain":0,"max_hp_loss":0,"event_name":"Scrap Ooze","floor":3,"gold_loss":0},{"damage_healed":18,"gold_gain":0,"player_choice":"Healed","damage_taken":0,"max_hp_gain":0,"max_hp_loss":0,"event_name":"The Cleric","floor":4,"gold_loss":35}],"is_beta":false,"boss_relics":[],"items_purged_floors":[],"is_endless":false,"potions_floor_spawned":[1,11,13,14],"killed_by":"Hexaghost","ascension_level":11}}