{"host":"yml0ux6c8lqydjlc","time":1613252524,"event":{"mods":["Aspiration","BaseMod","Conspire","Downfall","Hermit","Jedi Mod","Minty Spire (QoL Compilation)","Robot Space Explorer","StSLib"],"gold_per_floor":[112,112,127,147,72,72,85,101,101,120,181,181,4,4,4,101,101,119,119,218,232,242,272,272,290,339,356,356,383,112,137,137,137,137],"floor_reached":33,"language":"ENG","playtime":4856,"items_purged":["Strike_R","Strike_R","Strike_R"],"score":297,"play_id":"5d8b4695-655f-4585-b10f-158a8fdbbe0c","local_time":"20210213164204","is_ascension_mode":false,"campfire_choices":[{"data":"conspire:Charge","floor":6,"key":"SMITH"},{"data":"Headbutt","floor":12,"key":"SMITH"},{"data":"conspire:Charge","floor":15,"key":"SMITH"},{"floor":24,"key":"REST"},{"floor":28,"key":"REST"},{"floor":32,"key":"REST"}],"circlet_count":0,"master_deck":["Strike_R","Strike_R+1","Defend_R","Defend_R","Defend_R","Defend_R","Bash","conspire:ExplosiveBarrier","conspire:Charge+1","Twin Strike","Flex","Headbutt+1","Hemokinesis","Thunderclap","conspire:Charge+1","Regret","Shrug It Off","conspire:Charge+1","Armaments+1","Disarm+1","Clash","Seeing Red","Headbutt+1"],"relics":["Burning Blood","Ginger","jedi:kaleidoscope","Bronze Scales","Philosopher\u0027s Stone","Omamori","Whetstone","Frozen Egg 2","Nunchaku","Mercury Hourglass"],"acts_visited":["Exordium","TheCity"],"potions_floor_usage":[22,23,23,31],"damage_taken":[{"damage":3,"enemies":"Small Slimes","floor":1,"turns":4},{"damage":3,"enemies":"2 Louse","floor":3,"turns":3},{"damage":0,"enemies":"Cultist","floor":4,"turns":4},{"damage":2,"enemies":"Blue Slaver","floor":7,"turns":3},{"damage":0,"enemies":"3 Louse","floor":8,"turns":4},{"damage":4,"enemies":"Large Slime","floor":10,"turns":3},{"damage":10,"enemies":"Gremlin Nob","floor":11,"turns":4},{"damage":54,"enemies":"The Guardian","floor":16,"turns":8},{"damage":11,"enemies":"3 Byrds","floor":18,"turns":2},{"damage":44,"enemies":"conspire:FuzzyDice","floor":21,"turns":3},{"damage":9,"enemies":"Cultist and Chosen","floor":22,"turns":4},{"damage":41,"enemies":"conspire:SneckoGhost","floor":23,"turns":6},{"damage":14,"enemies":"Snake Plant","floor":25,"turns":3},{"damage":14,"enemies":"Centurion and Healer","floor":27,"turns":5},{"damage":27,"enemies":"Slavers","floor":29,"turns":5},{"damage":26,"enemies":"conspire:SneckoGhost","floor":31,"turns":6},{"damage":52,"enemies":"Collector","floor":33,"turns":5}],"seed_played":"-1584519077001338263","potions_obtained":[{"floor":1,"key":"jedi:wingpotion"},{"floor":3,"key":"jedi:mysterypotion"},{"floor":10,"key":"SteroidPotion"},{"floor":11,"key":"SkillPotion"},{"floor":18,"key":"ElixirPotion"},{"floor":22,"key":"Regen Potion"},{"floor":27,"key":"LiquidBronze"}],"is_trial":false,"path_per_floor":["M","?","M","M","$","R","M","M","T","M","?","R","$","?","R","B",null,"M","?","?","M","M","E","R","M","T","M","R","E","$","E","R","B"],"character_chosen":"IRONCLAD","items_purchased":["conspire:Charge","Nunchaku"],"campfire_rested":3,"item_purchase_floors":[13,30],"current_hp_per_floor":[88,81,84,88,88,88,88,88,88,88,84,84,84,84,84,36,88,83,83,83,45,42,22,48,40,40,32,58,37,37,17,43,0,0],"gold":137,"neow_bonus":"TEN_PERCENT_HP_BONUS","is_daily":false,"chose_seed":false,"campfire_upgraded":3,"win_rate":0.0,"timestamp":1613252524,"path_taken":["M","?","M","M","$","R","M","M","T","M","?","R","$","?","R","BOSS","M","?","?","M","M","E","R","M","T","M","R","E","$","E","R","BOSS"],"items_purchased_type":["Card","Relic"],"build_version":"2020-12-22","purchased_purges":3,"victory":false,"max_hp_per_floor":[88,88,88,88,88,88,88,88,88,88,88,88,88,88,88,88,88,88,88,88,88,88,88,88,88,88,88,88,88,88,88,88,88,88],"card_choices":[{"not_picked":["jedi:collectorstrike","Blood for Blood"],"picked":"conspire:ExplosiveBarrier","floor":1},{"not_picked":["Warcry","Pommel Strike"],"picked":"conspire:Charge","floor":3},{"not_picked":["Dark Embrace","Anger"],"picked":"Twin Strike","floor":4},{"not_picked":["jedi:fear","Twin Strike"],"picked":"Flex","floor":7},{"not_picked":["Anger","Sword Boomerang"],"picked":"Headbutt","floor":8},{"not_picked":["Perfected Strike","Demon Form"],"picked":"Hemokinesis","floor":10},{"not_picked":["Anger","Carnage"],"picked":"Thunderclap","floor":11},{"not_picked":["Heavy Blade","Sword Boomerang"],"picked":"Shrug It Off","floor":18},{"not_picked":["True Grit","jedi:hate+1"],"picked":"conspire:Charge","floor":21},{"not_picked":["Cleave","jedi:fear"],"picked":"Armaments+1","floor":22},{"not_picked":["Body Slam","True Grit+1"],"picked":"Disarm+1","floor":23},{"not_picked":["Shrug It Off","Flex+1"],"picked":"Clash","floor":25},{"not_picked":["Searing Blow","Second Wind"],"picked":"Seeing Red","floor":27},{"not_picked":["Dropkick","Twin Strike"],"picked":"Headbutt+1","floor":29},{"not_picked":["Heavy Blade","Body Slam","jedi:strikingstrike"],"picked":"SKIP","floor":31}],"player_experience":73184,"relics_obtained":[{"floor":9,"key":"jedi:kaleidoscope"},{"floor":11,"key":"Bronze Scales"},{"floor":23,"key":"Omamori"},{"floor":26,"key":"Whetstone"},{"floor":29,"key":"Frozen Egg 2"},{"floor":31,"key":"Mercury Hourglass"}],"event_choices":[{"damage_healed":0,"gold_gain":0,"player_choice":"Success","damage_taken":7,"relics_obtained":["Ginger"],"max_hp_gain":0,"max_hp_loss":0,"event_name":"Scrap Ooze","floor":2,"gold_loss":0},{"damage_healed":0,"gold_gain":0,"player_choice":"Searched \u00271\u0027 times","damage_taken":0,"max_hp_gain":0,"max_hp_loss":0,"event_name":"Dead Adventurer","floor":11,"gold_loss":0},{"damage_healed":0,"gold_gain":0,"player_choice":"1 cards matched","damage_taken":0,"max_hp_gain":0,"max_hp_loss":0,"event_name":"Match and Keep!","floor":14,"gold_loss":0,"cards_obtained":["Regret"]},{"damage_healed":0,"gold_gain":0,"player_choice":"Ignored","damage_taken":0,"max_hp_gain":0,"max_hp_loss":0,"event_name":"Vampires","floor":19,"gold_loss":0},{"damage_healed":0,"gold_gain":99,"player_choice":"Stole From Cult","damage_taken":0,"max_hp_gain":0,"max_hp_loss":0,"event_name":"Nest","floor":20,"gold_loss":0}],"is_beta":false,"boss_relics":[{"not_picked":["aspiration:SecretTechniqueScroll","Coffee Dripper"],"picked":"Philosopher\u0027s Stone"}],"items_purged_floors":[5,13,30],"is_endless":false,"potions_floor_spawned":[1,3,10,11,18,22,27],"killed_by":"Collector","ascension_level":0}}