{"host":"c6u7e77myxvw4d0m","time":1613199010,"event":{"mods":["AchievementEnabler","BaseMod","Bestiary","Colored Map","Colored Powertips","Minty Spire (QoL Compilation)","Rare Cards Sparkle","Relic Stats","everything is the same but u backflip on backflip"],"gold_per_floor":[118,130,149,162,28,28,60,60,113,113,125,125,158,173,173,245,245,264,280,291,10,28,28,28],"floor_reached":23,"language":"ENG","playtime":2597,"items_purged":["Strike_G"],"score":410,"play_id":"d2245382-5b03-4116-aa6e-708d1f0f5fd2","local_time":"20210213085010","is_ascension_mode":true,"campfire_choices":[{"data":"Dash","floor":6,"key":"SMITH"},{"floor":8,"key":"REST"},{"data":"Bouncing Flask","floor":10,"key":"SMITH"},{"data":"A Thousand Cuts","floor":15,"key":"SMITH"}],"circlet_count":0,"master_deck":["AscendersBane","Strike_G","Defend_G","Defend_G","Defend_G","Defend_G","Defend_G","Survivor","Neutralize","Bouncing Flask+1","Infinite Blades","Underhanded Strike","Dodge and Roll","Dash+1","Predator","Blade Dance","Poisoned Stab","A Thousand Cuts+1","Venomology","Corpse Explosion+1","Setup+1","Prepared+1","Crippling Poison","Blur+1","Panache","Catalyst"],"relics":["Snecko Eye","Eternal Feather","Juzu Bracelet","Dream Catcher","Art of War","Astrolabe"],"acts_visited":["Exordium","TheCity"],"potions_floor_usage":[4,7,13,14,16,19,19,19,19,22,23,23],"damage_taken":[{"damage":0,"enemies":"Cultist","floor":1,"turns":4},{"damage":2,"enemies":"Jaw Worm","floor":2,"turns":4},{"damage":10,"enemies":"2 Louse","floor":3,"turns":3},{"damage":25,"enemies":"Lots of Slimes","floor":4,"turns":5},{"damage":36,"enemies":"Gremlin Nob","floor":7,"turns":4},{"damage":0,"enemies":"3 Louse","floor":11,"turns":3},{"damage":12,"enemies":"3 Sentries","floor":13,"turns":8},{"damage":6,"enemies":"2 Fungi Beasts","floor":14,"turns":3},{"damage":13,"enemies":"The Guardian","floor":16,"turns":7},{"damage":19,"enemies":"Shell Parasite","floor":18,"turns":3},{"damage":6,"enemies":"2 Thieves","floor":19,"turns":2},{"damage":7,"enemies":"Centurion and Healer","floor":20,"turns":4},{"damage":1,"enemies":"Snake Plant","floor":22,"turns":4},{"damage":28,"enemies":"Slavers","floor":23,"turns":2}],"seed_played":"-3282680370469152675","potions_obtained":[{"floor":1,"key":"Ancient Potion"},{"floor":3,"key":"Regen Potion"},{"floor":11,"key":"DuplicationPotion"},{"floor":13,"key":"CunningPotion"},{"floor":14,"key":"AttackPotion"},{"floor":18,"key":"EntropicBrew"},{"floor":19,"key":"Fruit Juice"}],"is_trial":false,"path_per_floor":["M","M","M","M","$","R","E","R","T","R","M","?","E","M","R","B",null,"M","M","M","$","M","E"],"character_chosen":"THE_SILENT","items_purchased":["Dash","Poison Potion","Panache"],"campfire_rested":1,"item_purchase_floors":[5,5,21],"current_hp_per_floor":[59,57,47,37,37,37,1,29,29,38,38,33,21,15,27,14,53,34,33,26,26,25,0,0],"gold":28,"neow_bonus":"BOSS_RELIC","is_daily":false,"chose_seed":false,"campfire_upgraded":3,"win_rate":0.0,"timestamp":1613199010,"path_taken":["M","M","M","M","$","R","E","R","T","R","M","?","E","M","R","BOSS","M","M","M","$","M","E"],"items_purchased_type":["Card","Potion","Card"],"build_version":"2020-12-22","purchased_purges":1,"victory":false,"max_hp_per_floor":[66,66,66,66,66,66,66,66,66,66,66,66,66,66,66,66,66,66,71,71,71,71,71,71],"relic_stats":{"Dream Catcher":0,"counters":[14,56],"Astrolabe":["Corpse Explosion","Setup","Prepared"],"Snecko Eye":[91,84,100,105],"Eternal Feather":30,"Juzu Bracelet":0,"Art of War":[5],"obtain_stats":[{"Dream Catcher":12,"Astrolabe":17,"Snecko Eye":0,"Eternal Feather":7,"Juzu Bracelet":9,"Art of War":13,"Ring of the Snake":0},{"Dream Catcher":6,"Astrolabe":9,"Snecko Eye":0,"Eternal Feather":5,"Juzu Bracelet":5,"Art of War":7,"Ring of the Snake":0},{"Dream Catcher":23,"Astrolabe":41,"Snecko Eye":0,"Eternal Feather":20,"Juzu Bracelet":20,"Art of War":31,"Ring of the Snake":0}]},"card_choices":[{"not_picked":["Dodge and Roll","PiercingWail"],"picked":"Bouncing Flask","floor":1},{"not_picked":["Slice","Deflect"],"picked":"Infinite Blades","floor":2},{"not_picked":["Finisher","Riddle With Holes"],"picked":"Underhanded Strike","floor":3},{"not_picked":["Deflect","Outmaneuver"],"picked":"Dodge and Roll","floor":4},{"not_picked":["Escape Plan","PiercingWail"],"picked":"Predator","floor":7},{"not_picked":["Prepared","PiercingWail"],"picked":"Blade Dance","floor":11},{"not_picked":["Sucker Punch","Deadly Poison"],"picked":"Poisoned Stab","floor":13},{"not_picked":["Terror","Dagger Throw"],"picked":"A Thousand Cuts","floor":14},{"not_picked":["Storm of Steel","A Thousand Cuts"],"picked":"Venomology","floor":16},{"not_picked":["Dagger Throw","Quick Slash","Tactician"],"picked":"SKIP","floor":18},{"not_picked":["Bane+1","Poisoned Stab"],"picked":"Crippling Poison","floor":19},{"not_picked":["Masterful Stab","Outmaneuver"],"picked":"Blur+1","floor":20},{"not_picked":["Outmaneuver","PiercingWail"],"picked":"Catalyst","floor":22}],"player_experience":805162,"relics_obtained":[{"floor":7,"key":"Eternal Feather"},{"floor":9,"key":"Juzu Bracelet"},{"floor":13,"key":"Art of War"}],"event_choices":[{"damage_healed":0,"gold_gain":0,"player_choice":"Success","damage_taken":5,"relics_obtained":["Dream Catcher"],"max_hp_gain":0,"max_hp_loss":0,"event_name":"Scrap Ooze","floor":12,"gold_loss":0}],"is_beta":false,"boss_relics":[{"not_picked":["HoveringKite","Tiny House"],"picked":"Astrolabe"}],"items_purged_floors":[21],"is_endless":false,"potions_floor_spawned":[1,3,11,13,14,18,19],"killed_by":"Slavers","ascension_level":20}}