{"host":"5cyixbtuml7aoyg5","time":1613193856,"event":{"mods":["Act Like it!","BaseMod","Gensokyo","GifTheSpireLib","Hallownest","Infinite Spire","KomeijiMod","Marisa£®ÏF”Í°°ƒß¿Ì…≥£©","Minty Spire (QoL Compilation)","Pale of the Ancients","Quick Restart","Reimu£®≤©¿ˆ¡È√Œ£©","StSLib","The Administrix","The Bug Knight","Yuyuko"],"gold_per_floor":[117,117,134,45,45,45,65,65,65,97,119,131,143,155,167,276,288,300,300],"floor_reached":18,"language":"ZHS","playtime":744,"items_purged":[],"score":180,"play_id":"fe5d313d-11ec-4c6a-80eb-d4eb54695387","local_time":"20210213132416","is_ascension_mode":true,"campfire_choices":[{"floor":6,"key":"REST"},{"floor":8,"key":"RECALL"},{"data":"FairyDestructionRay","floor":12,"key":"SMITH"},{"floor":15,"key":"REST"}],"circlet_count":0,"master_deck":["Strike_MRS","Strike_MRS+1","Strike_MRS","Strike_MRS","Defend_MRS","Defend_MRS","Defend_MRS","Defend_MRS","Gensokyo:AllTheWorldsEvil","BigCrunch","EnergyFlow","DC+1","SuperPerseids","Bandage Up","FairyDestructionRay+1","OrrerysSun","WitchLeyline","JA"],"relics":["MiniHakkero","Hallownest:DreamNailRelic","Darkstone Periapt","MawBank","Pear","RampagingMagicTools"],"acts_visited":["Hallownest:Greenpath","Hallownest:CityofTears"],"potions_floor_usage":[],"damage_taken":[{"damage":16,"enemies":"Hallownest:2_Baldur","floor":1,"turns":4},{"damage":13,"enemies":"Hallownest:monsterHuskWarrior","floor":3,"turns":3},{"damage":6,"enemies":"Hallownest:2_MossCreeps","floor":7,"turns":4},{"damage":16,"enemies":"Hallownest:eliteCrystalGuardian","floor":10,"turns":5},{"damage":1,"enemies":"Hallownest:MossCreep_and_Mosskin","floor":11,"turns":4},{"damage":82,"enemies":"Hallownest:BossFalseKnight","floor":16,"turns":8},{"damage":30,"enemies":"Hallownest:3_Youths","floor":18,"turns":3}],"seed_played":"6674164593195084446","potions_obtained":[{"floor":11,"key":"SkillPotion"}],"is_trial":false,"path_per_floor":["M","?","M","$","?","R","M","R","T","?","M","R","?","T","R","B",null,"M"],"character_chosen":"MARISA","items_purchased":["Bandage Up"],"campfire_rested":2,"item_purchase_floors":[4],"current_hp_per_floor":[59,59,46,46,46,68,66,66,66,54,57,57,48,58,83,5,85,55,55],"gold":300,"neow_bonus":"TRANSFORM_TWO_CARDS","is_daily":false,"chose_seed":false,"campfire_upgraded":1,"win_rate":0.0,"timestamp":1613193856,"path_taken":["M","?","M","?","?","R","M","R","T","?","?","R","?","?","R","BOSS","M"],"items_purchased_type":["Card"],"build_version":"2020-12-22","purchased_purges":0,"victory":false,"max_hp_per_floor":[75,75,75,75,75,75,75,75,75,75,75,75,75,85,85,85,85,85,85],"card_choices":[{"not_picked":["IllusionStar","6A"],"picked":"DC","floor":1},{"not_picked":["ShootingEcho","OrrerysSun"],"picked":"SuperPerseids","floor":3},{"not_picked":["NonDirectionalLaser","ChargeUpSpray"],"picked":"FairyDestructionRay","floor":7},{"not_picked":["SporeBomb","MilkyWay"],"picked":"OrrerysSun","floor":10},{"not_picked":["MagicAbsorber","UnstableBomb"],"picked":"WitchLeyline","floor":11},{"not_picked":["SatelliteIllusion","BigCrunch"],"picked":"JA","floor":16}],"player_experience":166586,"relics_obtained":[{"floor":9,"key":"Darkstone Periapt"},{"floor":10,"key":"MawBank"},{"floor":14,"key":"Pear"}],"event_choices":[],"is_beta":false,"boss_relics":[{"not_picked":["Cursed Key","Busted Crown"],"picked":"RampagingMagicTools"}],"items_purged_floors":[],"is_endless":false,"potions_floor_spawned":[11],"killed_by":"Hallownest:3_Youths","ascension_level":3}}