{"host":"zksvs3x2ysy9npnz","time":1613180987,"event":{"mods":["Aspiration","BaseMod","Beaked The Cultist","BetterRewards","Clockwork Mod","Colored Map","Conspire","Downfall","Halation","Highlight Path","Hubris","Infinite Spire","Jedi Mod","Magitek Elite","Minty Spire (QoL Compilation)","Permanent Neow","Quick Restart","Relic Stats","Shop Mod","StSLib","The Runesmith","The Witch"],"gold_per_floor":[110,110,124,139,152,152,165,165,246,259,284,284,309,0,0,74,74,90,100,0,0,0,30,45,72,95,123,139,155,155,174,174,248,248,264,264,264,279,279,279,311,311,311,322,334,366,376,411,411,411],"floor_reached":51,"language":"FRA","playtime":3248,"items_purged":["Finisher","Strike_L","Flechettes+1"],"score":1358,"play_id":"fd40b88e-d649-4c2b-8f09-733e39714647","local_time":"20210213024947","is_ascension_mode":true,"campfire_choices":[{"data":"Balance","floor":6.0,"key":"SMITH"},{"data":"Fire2","floor":8.0,"key":"SMITH"},{"data":"Cure","floor":12.0,"key":"SMITH"},{"floor":15.0,"key":"REST"},{"data":"Dispel","floor":30.0,"key":"SMITH"},{"data":"Transfusion","floor":32.0,"key":"SMITH"},{"data":"infinitespire:SevenWalls","floor":40,"key":"SMITH"},{"data":"Trance","floor":42,"key":"SMITH"},{"data":"Blood_Hilt","floor":49,"key":"SMITH"}],"circlet_count":0,"master_deck":["AscendersBane","Defend_L","Defend_L","Defend_L","Defend_L","Defend_L","Fire2+2","Cure","Rune_Blade","Poisoned Stab","Quake","Balance+1","Transfusion+1","Icebrand","Blood_Hilt+1","Force_Armor","Good Instincts","Falchion","Quake","Trance+1","Mirage_Vest","Rasp","Dispel+1","Magus_Robe+1","Force_Armor","Remember","infinitespire:SevenWalls+1","FTL","Reinforced Body+1"],"relics":["Pendant","aspiration:Nostalgia","infinitespire:DarkRift","infinitespire:Bottled Soul","aspiration:HatOfInfinitePower","aspiration:DSix","halation:LostSnail","hubris:Backtick","beaked:MendingPlumage","aspiration:RitualStick","Runesmith:Nanobots","Pear","Whetstone","StrikeDummy","aspiration:MobileForge","Toolbox","aspiration:DefectSkillbook","hubris:Icosahedron","jedi:cryingmask","Nunchaku","Gremlin Horn","conspire:TopHat"],"acts_visited":["Exordium","TheCity","TheBeyond"],"potions_floor_usage":[],"damage_taken":[{"damage":2.0,"enemies":"2 Louse","floor":1.0,"turns":6.0},{"damage":6.0,"enemies":"Cultist","floor":3.0,"turns":4.0},{"damage":11.0,"enemies":"conspire:RoseBush","floor":4.0,"turns":5.0},{"damage":0.0,"enemies":"Large Slime","floor":5.0,"turns":6.0},{"damage":7.0,"enemies":"2 Fungi Beasts","floor":7.0,"turns":4.0},{"damage":1.0,"enemies":"Exordium Thugs","floor":10.0,"turns":5.0},{"damage":60.0,"enemies":"3 Sentries","floor":11.0,"turns":9.0},{"damage":13.0,"enemies":"Gremlin Nob","floor":13.0,"turns":3.0},{"damage":22.0,"enemies":"The Guardian","floor":16.0,"turns":12.0},{"damage":11.0,"enemies":"conspire:FuzzyDice","floor":18.0,"turns":8.0},{"damage":20.0,"enemies":"Chosen","floor":19.0,"turns":7.0},{"damage":45.0,"enemies":"Book of Stabbing","floor":23.0,"turns":9.0},{"damage":19.0,"enemies":"Snake Plant","floor":24.0,"turns":5.0},{"damage":36.0,"enemies":"conspire:Head Lice","floor":25.0,"turns":6.0},{"damage":28.0,"enemies":"Gremlin Leader","floor":27.0,"turns":7.0},{"damage":12.0,"enemies":"Sentry and Sphere","floor":28.0,"turns":5.0},{"damage":11.0,"enemies":"Shelled Parasite and Fungi","floor":29.0,"turns":6.0},{"damage":12.0,"enemies":"Cultist and Chosen","floor":31.0,"turns":6.0},{"damage":21.0,"enemies":"Automaton","floor":33.0,"turns":9.0},{"damage":27,"enemies":"Orb Walker","floor":35,"turns":6},{"damage":16,"enemies":"3 Darklings","floor":38,"turns":6},{"damage":0,"enemies":"Giant Head","floor":41,"turns":11},{"damage":9,"enemies":"Maw","floor":44,"turns":6},{"damage":20,"enemies":"4 Shapes","floor":45,"turns":6},{"damage":5,"enemies":"Reptomancer","floor":46,"turns":3},{"damage":0,"enemies":"Sphere and 2 Shapes","floor":47,"turns":4},{"damage":5,"enemies":"Nightmare","floor":48,"turns":8},{"damage":11,"enemies":"Awakened One","floor":50,"turns":9}],"seed_played":"1332294661274757140","potions_obtained":[{"floor":4.0,"key":"DistilledChaos"},{"floor":5.0,"key":"Fruit Juice"},{"floor":7.0,"key":"conspire:TimeTravelPotion"},{"floor":16.0,"key":"CultistPotion"},{"floor":23.0,"key":"SpeedPotion"},{"floor":38,"key":"Fire Potion"}],"is_trial":false,"path_per_floor":["M","?","M","M","M","R","M","R","T","M","E","R","E","$","R","B",null,"M","M","$","?","?","E","M","E","T","E","M","M","R","M","R","B",null,"M","?","AVR","M","?","R","E","R","T","M","M","E","M","NM","R","B",null],"character_chosen":"MAGITEKELITE","items_purchased":["halation:LostSnail","Good Instincts","Falchion","Quake"],"campfire_rested":1,"item_purchase_floors":[14,14,14,14],"current_hp_per_floor":[57,57,53,48,59,59,52,52,52,51,32,32,28,28,47,45,59,64,64,64,51,51,47,55,62,62,71,73,74,74,74,74,62,71,64,46,46,70,70,70,74,74,74,74,69,74,74,74,74,74],"gold":411,"neow_bonus":"NOSTALGIA","is_daily":false,"chose_seed":false,"campfire_upgraded":8,"win_rate":0.0,"timestamp":1613180987,"path_taken":["M","?","M","M","?","R","M","R","T","M","E","R","E","$","R","BOSS","M","?","$","?","?","E","M","E","T","E","M","M","R","?","R","BOSS","M","?","AVR","M","?","R","E","R","T","M","M","E","M","NM","R","BOSS"],"items_purchased_type":["Relic","Card","Card","Card"],"build_version":"2020-12-22","purchased_purges":3,"victory":true,"max_hp_per_floor":[59,59,59,59,64,64,64,64,64,64,64,64,64,64,64,64,64,64,64,64,64,64,64,64,74,74,74,74,74,74,74,74,74,74,74,74,74,74,74,74,74,74,74,74,74,74,74,74,74,74],"relic_stats":{"Nunchaku":[5],"Gremlin Horn":[5,5],"counters":[28,179],"Whetstone":["Fire2","Flechettes"],"obtain_stats":[{"Runesmith:Nanobots":23,"Pear":25,"Gremlin Horn":46,"aspiration:Nostalgia":0,"Whetstone":26,"aspiration:RitualStick":21,"conspire:TopHat":48,"infinitespire:DarkRift":0,"Nunchaku":43,"hubris:Backtick":17,"hubris:Icosahedron":39,"aspiration:DefectSkillbook":37,"Pendant":0,"infinitespire:Bottled Soul":9,"aspiration:MobileForge":34,"Toolbox":37,"jedi:cryingmask":41,"halation:LostSnail":14,"beaked:MendingPlumage":17,"aspiration:HatOfInfinitePower":11,"aspiration:DSix":13,"StrikeDummy":27},{"Runesmith:Nanobots":12,"Pear":14,"Gremlin Horn":25,"aspiration:Nostalgia":0,"Whetstone":14,"aspiration:RitualStick":11,"conspire:TopHat":27,"infinitespire:DarkRift":0,"Nunchaku":22,"hubris:Backtick":9,"hubris:Icosahedron":21,"aspiration:DefectSkillbook":20,"Pendant":0,"infinitespire:Bottled Soul":5,"aspiration:MobileForge":19,"Toolbox":20,"jedi:cryingmask":22,"halation:LostSnail":8,"beaked:MendingPlumage":9,"aspiration:HatOfInfinitePower":7,"aspiration:DSix":8,"StrikeDummy":15},{"Runesmith:Nanobots":77,"Pear":88,"Gremlin Horn":159,"aspiration:Nostalgia":0,"Whetstone":88,"aspiration:RitualStick":69,"conspire:TopHat":170,"infinitespire:DarkRift":0,"Nunchaku":144,"hubris:Backtick":54,"hubris:Icosahedron":133,"aspiration:DefectSkillbook":127,"Pendant":0,"infinitespire:Bottled Soul":25,"aspiration:MobileForge":121,"Toolbox":127,"jedi:cryingmask":144,"halation:LostSnail":42,"beaked:MendingPlumage":54,"aspiration:HatOfInfinitePower":39,"aspiration:DSix":42,"StrikeDummy":95}],"aspiration:RitualStick":[9]},"card_choices":[{"not_picked":["Flare","Aero"],"picked":"Rune_Blade","floor":1.0},{"not_picked":["Wall","Barrier"],"picked":"Quake","floor":3.0},{"not_picked":["Crystal_Sword","Vox"],"picked":"Balance","floor":4.0},{"not_picked":["Thunder_P","Enhancer"],"picked":"Transfusion","floor":5.0},{"not_picked":["Poisona","Mirage_Vest"],"picked":"Icebrand","floor":7.0},{"not_picked":["Crystal_Sword","Thunder_Blade"],"picked":"Blood_Hilt","floor":10.0},{"not_picked":["Valor","Gaia_Gear"],"picked":"Force_Armor","floor":11.0},{"not_picked":["Transpose2","Shell","Crystal_Sword"],"picked":"SKIP","floor":13.0},{"not_picked":["Quick","Diamond_Shield2"],"picked":"Trance","floor":16.0},{"not_picked":["Gaia_Gear","Rune_Blade"],"picked":"Mirage_Vest","floor":18.0},{"not_picked":["Icebrand","Falchion"],"picked":"Rasp","floor":19.0},{"not_picked":["Man_Eater","Wall"],"picked":"Magus_Robe+1","floor":23.0},{"not_picked":["Haste","Dark"],"picked":"Force_Armor","floor":24.0},{"not_picked":["Diamond_Shield2","Dark","Heavy_Shield"],"picked":"SKIP","floor":25.0},{"not_picked":["Holy","Throw","Transpose_P"],"picked":"SKIP","floor":27.0},{"not_picked":["Circlet","Thunder_P","Water"],"picked":"SKIP","floor":28.0},{"not_picked":["Gaia_Gear","Throw","Gladius"],"picked":"SKIP","floor":29.0},{"not_picked":["Gladius+1","Mystery_Veil","Water"],"picked":"SKIP","floor":31.0},{"not_picked":["Fake_Moustache","Diamond_Shield2"],"picked":"Remember","floor":33.0},{"not_picked":["Transpose2","Force_Armor","Circlet"],"picked":"SKIP","floor":35},{"not_picked":["infinitespire:NeuralNetwork","infinitespire:Punishment"],"picked":"infinitespire:SevenWalls","floor":36},{"not_picked":["Go for the Eyes+1","Transpose_P","Static Discharge"],"picked":"FTL","floor":38},{"not_picked":["Falchion+1","Quake","Turbo+1","Coolheaded"],"picked":"SKIP","floor":41},{"not_picked":["Chill","Man_Eater","Transpose2+1"],"picked":"Reinforced Body+1","floor":44},{"not_picked":["Poisona","Gash","Meltdown","Compile Driver"],"picked":"SKIP","floor":45},{"not_picked":["jedi:BurstLightning+1","Steam Power","Falchion","Redo+1"],"picked":"SKIP","floor":46},{"not_picked":["Fake_Moustache","Astra","Thornlet","Wall"],"picked":"SKIP","floor":47},{"not_picked":["Fission","Doom and Gloom+1","jedi:locknload","Gladius"],"picked":"SKIP","floor":48}],"player_experience":1898275,"relics_obtained":[{"floor":9.0,"key":"infinitespire:Bottled Soul"},{"floor":11.0,"key":"aspiration:HatOfInfinitePower"},{"floor":13.0,"key":"aspiration:DSix"},{"floor":23.0,"key":"Runesmith:Nanobots"},{"floor":25.0,"key":"Pear"},{"floor":26.0,"key":"Whetstone"},{"floor":27.0,"key":"StrikeDummy"},{"floor":41,"key":"jedi:cryingmask"},{"floor":43,"key":"Nunchaku"},{"floor":46,"key":"Gremlin Horn"},{"floor":48,"key":"conspire:TopHat"}],"event_choices":[{"damage_healed":0.0,"max_hp_gain":0.0,"max_hp_loss":0.0,"gold_gain":0.0,"event_name":"The Library","player_choice":"Read","floor":22.0,"gold_loss":0.0,"damage_taken":0.0,"cards_obtained":["Dispel"]}],"is_beta":false,"boss_relics":[{"not_picked":["aspiration:PoetsPen_weak","halation:LoveArrow"],"picked":"hubris:Backtick"},{"not_picked":["aspiration:FutureDiary","halation:HeavySnake"],"picked":"aspiration:MobileForge"}],"items_purged_floors":[14,20,37],"is_endless":false,"potions_floor_spawned":[4,5,7,16,23,25,28,31,38,44,46,47],"ascension_level":14}}