{"host":"3pgt7cyequ6zy3lm","time":1613246212,"event":{"mods":["Aspiration","BaseMod","Beaked The Cultist","Better Synergies","Bossed Relics","Colored Powertips","Conspire","Displayed Cursed Tome","Downfall","Ekko","Energized Spire","Halation","Hubris","Infinite Spire","Minty Spire (QoL Compilation)","Quick Restart","Reliquary","Replay The Spire","Shop Mod","StSLib","SuperFastMode","The Construct","everything is the same but u backflip on backflip"],"gold_per_floor":[113,113,128,172,172,216,240,255,255,278,58,58,58,58,58,189,189,204,204,204,222,322,322,361,361,361,386,401,401,401,422,422,548,548,562,418,418,418,442,481,481,481,481,516,541,541,191,209,209,209],"floor_reached":51,"language":"RUS","playtime":2649,"items_purged":["Injury"],"score":873,"play_id":"bd356ab1-247c-44b4-be3c-d5af2c2f0039","local_time":"20210213225652","is_ascension_mode":false,"campfire_choices":[{"data":"ekkoTheBoyWhoShatteredTime:TrueDamageTendency","floor":23,"key":"SMITH"},{"floor":25,"key":"REST"},{"floor":30,"key":"REST"},{"data":"ekkoTheBoyWhoShatteredTime:Powered","floor":32,"key":"SMITH"},{"data":"ekkoTheBoyWhoShatteredTime:PulsefirePooling","floor":41,"key":"SMITH"},{"floor":46,"key":"REST"},{"data":"ekkoTheBoyWhoShatteredTime:MicCheck","floor":49,"key":"SMITH"}],"circlet_count":0,"master_deck":["ekkoTheBoyWhoShatteredTime:Strike","ekkoTheBoyWhoShatteredTime:Strike","ekkoTheBoyWhoShatteredTime:Strike","ekkoTheBoyWhoShatteredTime:Strike","ekkoTheBoyWhoShatteredTime:Strike","ekkoTheBoyWhoShatteredTime:Defend","ekkoTheBoyWhoShatteredTime:Defend","ekkoTheBoyWhoShatteredTime:Defend","ekkoTheBoyWhoShatteredTime:Defend","ekkoTheBoyWhoShatteredTime:TimeMaster","ekkoTheBoyWhoShatteredTime:Powered+1","ekkoTheBoyWhoShatteredTime:PhaseDive+1","ekkoTheBoyWhoShatteredTime:HailOfBlades","ekkoTheBoyWhoShatteredTime:NaggingBlow","ekkoTheBoyWhoShatteredTime:Periocharge+1","ekkoTheBoyWhoShatteredTime:TrueDamageTendency+1","ekkoTheBoyWhoShatteredTime:MicCheck+1","ekkoTheBoyWhoShatteredTime:Leap","ekkoTheBoyWhoShatteredTime:Confident+1","ekkoTheBoyWhoShatteredTime:Greed+1","ekkoTheBoyWhoShatteredTime:PulsefirePooling+1","ekkoTheBoyWhoShatteredTime:IcebornGauntlet+1"],"relics":["ekkoTheBoyWhoShatteredTime:zDriveResonance","NeowsBlessing","Golden Idol","halation:BottledLove","Replay:Mystery Machine","halation:AfternoonTea","Medical Kit","halation:EternalFortune","aspiration:RitualDagger","construct:WeddingRing","reliquary:RoseTintedGlasses","Simple Rune","Replay:Bottled Steam","Bottled Lightning","halation:PinkAlligatorPlush","halation:PapillonHeart","hubris:64BitClover","conspire:Dentures","Orichalcum","HornCleat"],"acts_visited":["Exordium","TheCity","TheBeyond"],"potions_floor_usage":[6,33,33,33,50,50,50],"damage_taken":[{"damage":0,"enemies":"Jaw Worm","floor":1,"turns":1},{"damage":0,"enemies":"Small Slimes","floor":3,"turns":2},{"damage":0,"enemies":"conspire:MimicChest","floor":4,"turns":1},{"damage":16,"enemies":"Lagavulin","floor":6,"turns":7},{"damage":5,"enemies":"2 Louse","floor":7,"turns":2},{"damage":5,"enemies":"Large Slime","floor":8,"turns":7},{"damage":4,"enemies":"Gremlin Gang","floor":10,"turns":4},{"damage":12,"enemies":"Fading Forest","floor":16,"turns":11},{"damage":35,"enemies":"2 Thieves","floor":18,"turns":4},{"damage":9,"enemies":"Spheric Guardian","floor":21,"turns":3},{"damage":27,"enemies":"conspire:SneckoGhost","floor":24,"turns":5},{"damage":20,"enemies":"Shelled Parasite and Fungi","floor":27,"turns":4},{"damage":9,"enemies":"Snecko","floor":28,"turns":3},{"damage":18,"enemies":"Cultist and Chosen","floor":31,"turns":4},{"damage":50,"enemies":"Collector","floor":33,"turns":8},{"damage":46,"enemies":"3 Darklings","floor":35,"turns":7},{"damage":11,"enemies":"Orb Walker","floor":39,"turns":2},{"damage":26,"enemies":"Giant Head","floor":40,"turns":5},{"damage":31,"enemies":"Reptomancer","floor":44,"turns":5},{"damage":20,"enemies":"3 Darklings","floor":45,"turns":4},{"damage":19,"enemies":"Spire Growth","floor":48,"turns":4},{"damage":93,"enemies":"conspire:OrnateMirror","floor":50,"turns":9}],"seed_played":"5659778884122254922","potions_obtained":[{"floor":4,"key":"sneckomod:MuddlingPotion"},{"floor":5,"key":"LifebloodPotion"},{"floor":5,"key":"Doom Potion"},{"floor":5,"key":"SteroidPotion"},{"floor":6,"key":"Regen Potion"},{"floor":8,"key":"ekkoTheBoyWhoShatteredTime:BottledSheen"},{"floor":10,"key":"Block Potion"},{"floor":31,"key":"Regen Potion"},{"floor":35,"key":"ColorlessPotion"},{"floor":44,"key":"ekkoTheBoyWhoShatteredTime:ResonatingPotion"}],"is_trial":false,"path_per_floor":["M","?","M","?","?","E","M","M","T","M","$","$","?","?","R","B",null,"M","?","AVR","M","?","R","E","R","T","M","M","T","R","M","R","B",null,"M","$","?","?","M","E","R","?","T","E","M","R","$","M","R","B",null],"character_chosen":"EKKO_THE_BOY_WHO_SHATTERED_TIME","items_purchased":["Medical Kit","ekkoTheBoyWhoShatteredTime:PulsefirePooling","HornCleat","Flashbang"],"campfire_rested":3,"item_purchase_floors":[11,36,47,47],"current_hp_per_floor":[78,78,78,78,78,62,57,52,52,48,48,48,48,51,75,69,81,49,49,49,40,40,40,13,37,37,29,23,23,47,41,41,40,81,35,35,35,35,24,77,77,77,77,46,26,49,49,42,42,57],"gold":209,"neow_bonus":"THREE_ENEMY_KILL","is_daily":false,"chose_seed":false,"campfire_upgraded":4,"win_rate":0.0,"timestamp":1613246212,"path_taken":["M","?","M","?","?","E","M","M","T","?","?","$","?","?","R","BOSS","M","?","AVR","?","?","R","E","R","T","M","?","?","R","?","R","BOSS","M","$","?","?","?","E","R","?","T","E","M","R","?","M","R","BOSS"],"items_purchased_type":["Relic","Card","Relic","Potion"],"build_version":"2020-12-22","purchased_purges":1,"victory":true,"max_hp_per_floor":[78,78,78,78,78,78,78,78,78,78,78,78,78,81,81,81,81,81,81,81,81,81,81,81,81,81,81,81,81,81,81,81,81,81,81,81,77,77,77,77,77,77,77,77,77,77,77,77,77,77],"card_choices":[{"not_picked":["ekkoTheBoyWhoShatteredTime:LichBane","ekkoTheBoyWhoShatteredTime:TimeRecall"],"picked":"ekkoTheBoyWhoShatteredTime:PhaseDive","floor":1},{"not_picked":["ekkoTheBoyWhoShatteredTime:TimeRecall","ekkoTheBoyWhoShatteredTime:HauntedAfterimage","ekkoTheBoyWhoShatteredTime:Overflow"],"picked":"SKIP","floor":3},{"not_picked":["ekkoTheBoyWhoShatteredTime:AfterimageTease","ekkoTheBoyWhoShatteredTime:WideSlice"],"picked":"ekkoTheBoyWhoShatteredTime:HailOfBlades","floor":4},{"not_picked":["ekkoTheBoyWhoShatteredTime:QuickBreak","ekkoTheBoyWhoShatteredTime:DelayedWork"],"picked":"ekkoTheBoyWhoShatteredTime:NaggingBlow","floor":6},{"not_picked":["ekkoTheBoyWhoShatteredTime:FeelIt","ekkoTheBoyWhoShatteredTime:Acceleration","ekkoTheBoyWhoShatteredTime:NeedlesslyLargeRod"],"picked":"SKIP","floor":7},{"not_picked":["ekkoTheBoyWhoShatteredTime:SneakHit","ekkoTheBoyWhoShatteredTime:LoadUp"],"picked":"ekkoTheBoyWhoShatteredTime:DefensiveStance","floor":8},{"not_picked":["ekkoTheBoyWhoShatteredTime:WaitForKeyTiming","ekkoTheBoyWhoShatteredTime:AfterimageHit"],"picked":"ekkoTheBoyWhoShatteredTime:Periocharge","floor":10},{"not_picked":["ekkoTheBoyWhoShatteredTime:Chronobreak","ekkoTheBoyWhoShatteredTime:CatchUpTime"],"picked":"ekkoTheBoyWhoShatteredTime:TrueDamageTendency","floor":16},{"not_picked":["ekkoTheBoyWhoShatteredTime:Resocharge","ekkoTheBoyWhoShatteredTime:NeedlesslyLargeRod"],"picked":"ekkoTheBoyWhoShatteredTime:MicCheck","floor":18},{"not_picked":["ekkoTheBoyWhoShatteredTime:PhaseDive+1","ekkoTheBoyWhoShatteredTime:AfterimageBait"],"picked":"ekkoTheBoyWhoShatteredTime:Leap","floor":21},{"not_picked":["ekkoTheBoyWhoShatteredTime:Discharge","ekkoTheBoyWhoShatteredTime:SpHit+1","ekkoTheBoyWhoShatteredTime:VelocityConsuming"],"picked":"SKIP","floor":24},{"not_picked":["ekkoTheBoyWhoShatteredTime:WideSlice+1","ekkoTheBoyWhoShatteredTime:CalmingWaves+1"],"picked":"ekkoTheBoyWhoShatteredTime:Confident+1","floor":27},{"not_picked":["ekkoTheBoyWhoShatteredTime:Greed","ekkoTheBoyWhoShatteredTime:Dash","ekkoTheBoyWhoShatteredTime:PhaseDive"],"picked":"SKIP","floor":28},{"not_picked":["ekkoTheBoyWhoShatteredTime:Greed","ekkoTheBoyWhoShatteredTime:Process","ekkoTheBoyWhoShatteredTime:NeedlesslyLargeRod+1"],"picked":"SKIP","floor":31},{"not_picked":["ekkoTheBoyWhoShatteredTime:Backtrack+1","ekkoTheBoyWhoShatteredTime:PhaseDive+1"],"picked":"ekkoTheBoyWhoShatteredTime:Greed+1","floor":35},{"not_picked":["ekkoTheBoyWhoShatteredTime:Backtrack+1","ekkoTheBoyWhoShatteredTime:Resocharge"],"picked":"ekkoTheBoyWhoShatteredTime:IcebornGauntlet+1","floor":39},{"not_picked":["ekkoTheBoyWhoShatteredTime:CalmingWaves+1","ekkoTheBoyWhoShatteredTime:Greed+1","ekkoTheBoyWhoShatteredTime:AfterimageBait"],"picked":"SKIP","floor":40},{"not_picked":["ekkoTheBoyWhoShatteredTime:Acceleration","ekkoTheBoyWhoShatteredTime:HauntingGuise","ekkoTheBoyWhoShatteredTime:PhaseDive"],"picked":"SKIP","floor":44},{"not_picked":["ekkoTheBoyWhoShatteredTime:NeedlesslyLargeRod+1","ekkoTheBoyWhoShatteredTime:SktSynergy","ekkoTheBoyWhoShatteredTime:AfterimageTimeWrap+1"],"picked":"SKIP","floor":45},{"not_picked":["ekkoTheBoyWhoShatteredTime:WaitForKeyTiming","ekkoTheBoyWhoShatteredTime:SneakHit+1","ekkoTheBoyWhoShatteredTime:HauntedAfterimage+1"],"picked":"SKIP","floor":48}],"player_experience":161130,"relics_obtained":[{"floor":4,"key":"halation:BottledLove"},{"floor":6,"key":"Replay:Mystery Machine"},{"floor":9,"key":"halation:AfternoonTea"},{"floor":24,"key":"Simple Rune"},{"floor":26,"key":"Replay:Bottled Steam"},{"floor":29,"key":"Bottled Lightning"},{"floor":40,"key":"hubris:64BitClover"},{"floor":43,"key":"conspire:Dentures"},{"floor":44,"key":"Orichalcum"}],"event_choices":[{"damage_healed":0,"gold_gain":0,"player_choice":"Take Wound","damage_taken":0,"relics_obtained":["Golden Idol"],"max_hp_gain":0,"max_hp_loss":0,"event_name":"Golden Idol","floor":2,"gold_loss":0,"cards_obtained":["Injury"]},{"damage_healed":0,"gold_gain":0,"player_choice":"Got Potions","damage_taken":0,"max_hp_gain":0,"max_hp_loss":0,"event_name":"Lab","floor":5,"gold_loss":0},{"cards_removed":["ekkoTheBoyWhoShatteredTime:DefensiveStance"],"damage_healed":0,"gold_gain":0,"player_choice":"Purged","damage_taken":0,"max_hp_gain":0,"max_hp_loss":0,"event_name":"Purifier","floor":19,"gold_loss":0},{"damage_healed":0,"gold_gain":100,"player_choice":"Pray","damage_taken":0,"max_hp_gain":0,"max_hp_loss":0,"event_name":"Golden Shrine","floor":22,"gold_loss":0},{"damage_healed":0,"gold_gain":0,"player_choice":"Ignored","damage_taken":0,"max_hp_gain":0,"max_hp_loss":0,"event_name":"SecretPortal","floor":38,"gold_loss":0},{"damage_healed":0,"gold_gain":0,"player_choice":"Ignored","damage_taken":0,"max_hp_gain":0,"max_hp_loss":0,"event_name":"Transmorgrifier","floor":42,"gold_loss":0}],"is_beta":false,"boss_relics":[{"not_picked":["Abe\u0027s Treasure","reliquary:Ember"],"picked":"aspiration:RitualDagger"},{"not_picked":["hubris:GrandSneckoEye","hubris:RunicObelisk"],"picked":"halation:PinkAlligatorPlush"}],"items_purged_floors":[11],"is_endless":false,"potions_floor_spawned":[4,6,8,10,21,28,31,35,44],"ascension_level":0}}