{"host":"dth0zvmc1sacm2fc","time":1613259022,"event":{"mods":["BaseMod","DeckTracker","Downfall","Googly Eyes","Marisa????????","Minty Spire (QoL Compilation)","StSLib","The Mystic","The Servant 0.9.4"],"gold_per_floor":[99,99,99,112,129,164,200,227,266,278,290,325,337,349,372,479,491,503,526,523,546,571,583,583],"floor_reached":23,"language":"ENG","playtime":4919,"items_purged":[],"score":201,"play_id":"1a18f7f3-fd05-400b-8b75-4719707b29fc","local_time":"20210214003022","is_ascension_mode":false,"campfire_choices":[{"data":"KidneyShot","floor":1,"key":"SMITH"},{"floor":10,"key":"REST"},{"floor":13,"key":"REST"},{"data":"SurpressingFire","floor":18,"key":"SMITH"}],"circlet_count":0,"master_deck":["Strike_S","Strike_S","Strike_S","Strike_S","Defend_S","Defend_S","Defend_S","Defend_S","KidneyShot+1","Exchange","Starlight","Starlight","SurpressingFire+1","Potential","Revamp","Gouge","Ricochet","MurderousAura+1","Advance","ShiftingGears","Rearm","KillingDoll","Ricochet","MoonPhase","FastForward","GearUp"],"relics":["Uniform","MawBank","Dream Catcher","CaptainsWheel","Odd Mushroom","Velvet Choker"],"acts_visited":["Exordium","TheCity"],"potions_floor_usage":[9],"damage_taken":[{"damage":5,"enemies":"2 Louse","floor":2,"turns":3},{"damage":0,"enemies":"Cultist","floor":4,"turns":3},{"damage":0,"enemies":"Small Slimes","floor":5,"turns":5},{"damage":13,"enemies":"3 Sentries","floor":6,"turns":10},{"damage":11,"enemies":"2 Fungi Beasts","floor":8,"turns":4},{"damage":15,"enemies":"Lagavulin","floor":9,"turns":6},{"damage":15,"enemies":"The Mushroom Lair","floor":12,"turns":3},{"damage":7,"enemies":"Exordium Thugs","floor":15,"turns":4},{"damage":20,"enemies":"IC_STATUS_ARCHETYPE","floor":16,"turns":7},{"damage":14,"enemies":"Shell Parasite","floor":19,"turns":4},{"damage":0,"enemies":"downfall:FleeingMerchant","floor":20,"turns":4},{"damage":5,"enemies":"Spheric Guardian","floor":21,"turns":4},{"damage":8,"enemies":"Centurion and Healer","floor":22,"turns":6}],"seed_played":"3860177595337875576","potions_obtained":[{"floor":5,"key":"Fire Potion"},{"floor":6,"key":"SteroidPotion"},{"floor":8,"key":"sneckomod:MuddlingPotion"},{"floor":16,"key":"Weak Potion"},{"floor":22,"key":"SteroidPotion"}],"is_trial":false,"path_per_floor":["R","M","?","M","M","E","T","M","E","R","?","?","R","?","M","B",null,"R","M","$","M","M","?"],"character_chosen":"THE_SERVANT","items_purchased":[],"campfire_rested":2,"item_purchase_floors":[],"current_hp_per_floor":[71,66,66,66,66,53,53,42,27,48,48,33,54,54,47,27,71,71,57,57,52,44,44,44],"gold":583,"neow_bonus":"TEN_PERCENT_HP_BONUS","is_daily":false,"chose_seed":false,"campfire_upgraded":2,"win_rate":0.0,"timestamp":1613259022,"path_taken":["R","M","?","?","M","E","T","M","E","R","?","?","R","?","M","BOSS","R","M","$","M","M","?"],"items_purchased_type":[],"build_version":"2020-12-22","purchased_purges":0,"victory":false,"max_hp_per_floor":[71,71,71,71,71,71,71,71,71,71,71,71,71,71,71,71,71,71,71,71,71,71,71,71],"card_choices":[{"not_picked":["WasteNot","Collapse"],"picked":"Starlight","floor":2},{"not_picked":["Revamp","Defy"],"picked":"SurpressingFire","floor":4},{"not_picked":["Replace","SurpressingFire"],"picked":"Potential","floor":5},{"not_picked":["Alleviate","DoubleEdge"],"picked":"Revamp","floor":6},{"not_picked":["Replace","TimeWarp"],"picked":"Gouge","floor":8},{"not_picked":["Alleviate","RealityMarble"],"picked":"Ricochet","floor":9},{"not_picked":["Revamp","Ricochet"],"picked":"MurderousAura","floor":10},{"not_picked":["Replace","DoubleEdge"],"picked":"Advance","floor":12},{"not_picked":["Rewind","Potential"],"picked":"ShiftingGears","floor":13},{"not_picked":["BestPractice","Defy"],"picked":"Rearm","floor":15},{"not_picked":["Duplication","FloweringNight"],"picked":"KillingDoll","floor":16},{"not_picked":["Revamp+1","DoubleEdge"],"picked":"Ricochet","floor":19},{"not_picked":["Spin","Sabotage+1"],"picked":"MoonPhase","floor":20},{"not_picked":["Rewind+1","Sabotage"],"picked":"FastForward","floor":21},{"not_picked":["MoonPhase","DualDimension"],"picked":"GearUp","floor":22}],"player_experience":154905,"relics_obtained":[{"floor":6,"key":"MawBank"},{"floor":7,"key":"Dream Catcher"},{"floor":9,"key":"CaptainsWheel"},{"floor":12,"key":"Odd Mushroom"}],"event_choices":[{"damage_healed":0,"gold_gain":0,"player_choice":"Fought Mushrooms","damage_taken":0,"max_hp_gain":0,"max_hp_loss":0,"event_name":"Mushrooms","floor":12,"gold_loss":0},{"damage_healed":0,"gold_gain":0,"player_choice":"Grow","damage_taken":0,"max_hp_gain":0,"max_hp_loss":0,"event_name":"Living Wall","floor":14,"gold_loss":0,"cards_upgraded":["MurderousAura"]},{"damage_healed":0,"gold_gain":0,"player_choice":"Ignored","damage_taken":0,"max_hp_gain":0,"max_hp_loss":0,"event_name":"NoteForYourself","floor":23,"gold_loss":0}],"is_beta":false,"boss_relics":[{"not_picked":["Pandora\u0027s Box","SacredBark"],"picked":"Velvet Choker"}],"items_purged_floors":[],"is_endless":false,"potions_floor_spawned":[2,5,6,8,16,22],"ascension_level":0}}