{"host":"qc8p2flj7wsy3zpg","time":1613246610,"event":{"mods":["BaseMod","Highlight Path","Minty Spire (QoL Compilation)","Relic Stats","StSLib"],"gold_per_floor":[110,110,127,143,4,4,30,42,42,77,88,113,113,140,140,215,215,226,226,242,71,71,97,97,115,115,115,127,127,52,65,65,142,142,153,178,178,178,196,226,244,244,313,313,330,348,377,394,394,394,394,394,394,79,113,113,113],"floor_reached":56,"language":"ENG","playtime":5539,"items_purged":["Strike_B+1","Strike_B+1"],"score":2014,"play_id":"b6e5b5b6-f453-4cae-803e-9f1d289a84d8","local_time":"20210213140330","is_ascension_mode":true,"campfire_choices":[{"floor":6.0,"key":"REST"},{"floor":13.0,"key":"REST"},{"data":"Consume","floor":15.0,"key":"SMITH"},{"floor":24.0,"key":"REST"},{"floor":27.0,"key":"REST"},{"data":"Buffer","floor":29.0,"key":"SMITH"},{"data":"Loop","floor":32.0,"key":"SMITH"},{"floor":42.0,"key":"RECALL"},{"data":"Buffer","floor":49.0,"key":"SMITH"},{"data":"Hologram","floor":53.0,"key":"SMITH"}],"circlet_count":0,"master_deck":["AscendersBane","Strike_B+1","Defend_B+1","Defend_B+1","Defend_B+1","Defend_B+1","Zap+1","Dualcast","Genetic Algorithm","Consume+1","Cold Snap","Doom and Gloom","Cold Snap","Buffer+1","Sweeping Beam","Ball Lightning","Compile Driver","Hologram+1","Self Repair","Core Surge","Genetic Algorithm","Loop+1","Auto Shields","Amplify","Undo+1","Doubt","Glacier","Buffer+1","Loop","Static Discharge"],"relics":["Cracked Core","CaptainsWheel","Dream Catcher","Orichalcum","StrikeDummy","Toy Ornithopter","InkBottle","Inserter","OrangePellets","Mango","Torii","Cursed Key","Thread and Needle","Juzu Bracelet","Boot","Ornamental Fan"],"acts_visited":["Exordium","TheCity","TheBeyond","TheEnding"],"potions_floor_usage":[55,56],"damage_taken":[{"damage":2.0,"enemies":"2 Louse","floor":1.0,"turns":2.0},{"damage":2.0,"enemies":"Jaw Worm","floor":3.0,"turns":4.0},{"damage":0.0,"enemies":"Cultist","floor":4.0,"turns":3.0},{"damage":12.0,"enemies":"Lagavulin","floor":7.0,"turns":7.0},{"damage":8.0,"enemies":"Exordium Wildlife","floor":8.0,"turns":6.0},{"damage":15.0,"enemies":"Gremlin Nob","floor":10.0,"turns":5.0},{"damage":0.0,"enemies":"2 Fungi Beasts","floor":11.0,"turns":4.0},{"damage":0.0,"enemies":"Lagavulin","floor":12.0,"turns":5.0},{"damage":2.0,"enemies":"3 Sentries","floor":14.0,"turns":5.0},{"damage":20.0,"enemies":"Hexaghost","floor":16.0,"turns":8.0},{"damage":3.0,"enemies":"Chosen","floor":18.0,"turns":6.0},{"damage":16.0,"enemies":"Shell Parasite","floor":20.0,"turns":6.0},{"damage":36.0,"enemies":"Gremlin Leader","floor":23.0,"turns":7.0},{"damage":18.0,"enemies":"Snake Plant","floor":25.0,"turns":5.0},{"damage":25.0,"enemies":"Shelled Parasite and Fungi","floor":28.0,"turns":9.0},{"damage":0.0,"enemies":"Snecko","floor":31.0,"turns":5.0},{"damage":12.0,"enemies":"Champ","floor":33.0,"turns":17.0},{"damage":0.0,"enemies":"Orb Walker","floor":35.0,"turns":5.0},{"damage":0.0,"enemies":"Mind Bloom Boss Battle","floor":36.0,"turns":9.0},{"damage":7.0,"enemies":"3 Darklings","floor":39.0,"turns":9.0},{"damage":0.0,"enemies":"Giant Head","floor":40.0,"turns":21.0},{"damage":0.0,"enemies":"4 Shapes","floor":41.0,"turns":9.0},{"damage":1.0,"enemies":"Transient","floor":45.0,"turns":6.0},{"damage":21.0,"enemies":"Maw","floor":46.0,"turns":11.0},{"damage":9.0,"enemies":"Nemesis","floor":47.0,"turns":13.0},{"damage":0.0,"enemies":"Jaw Worm Horde","floor":48.0,"turns":6.0},{"damage":15.0,"enemies":"Time Eater","floor":50.0,"turns":33.0},{"damage":1.0,"enemies":"Donu and Deca","floor":51.0,"turns":24.0},{"damage":60,"enemies":"Shield and Spear","floor":55,"turns":15},{"damage":46,"enemies":"The Heart","floor":56,"turns":8}],"seed_played":"-3593174934589618","potions_obtained":[{"floor":1.0,"key":"Explosive Potion"},{"floor":7.0,"key":"SkillPotion"},{"floor":10.0,"key":"LiquidBronze"},{"floor":11.0,"key":"BlessingOfTheForge"},{"floor":16.0,"key":"LiquidMemories"},{"floor":18.0,"key":"Weak Potion"},{"floor":31.0,"key":"DistilledChaos"},{"floor":33.0,"key":"PowerPotion"},{"floor":40.0,"key":"Swift Potion"},{"floor":47.0,"key":"EssenceOfSteel"}],"is_trial":false,"path_per_floor":["M","?","M","M","$","R","E","M","T","E","M","E","R","E","R","B",null,"M","?","M","$","?","E","R","M","T","R","M","R","$","M","R","B",null,"M","?","?","?","M","E","M","R","T","?","M","M","E","M","R","B","B",null,"R","$","E","B"],"character_chosen":"DEFECT","items_purchased":["Doom and Gloom","Cold Snap","OrangePellets","Loop","Regen Potion","SkillPotion"],"campfire_rested":4,"item_purchase_floors":[5,5,21,54,54,54],"current_hp_per_floor":[44,44,42,42,42,63,51,43,43,28,28,28,49,47,47,39,63,67,67,58,58,38,33,60,49,49,76,58,58,58,65,65,60,83,90,90,90,90,90,90,90,90,90,85,85,71,67,79,79,83,85,85,85,85,25,0,0],"gold":113,"neow_bonus":"ONE_RARE_RELIC","is_daily":false,"chose_seed":false,"campfire_upgraded":5,"win_rate":0.0,"timestamp":1613246610,"path_taken":["M","?","M","M","$","R","E","M","T","E","M","E","R","E","R","BOSS","M","?","M","$","?","E","R","M","T","R","?","R","?","M","R","BOSS","M","?","?","?","M","E","M","R","T","?","M","M","E","M","R","BOSS","BOSS","R","$","E","BOSS"],"items_purchased_type":["Card","Card","Relic","Card","Potion","Potion"],"build_version":"2020-12-22","purchased_purges":2,"victory":false,"max_hp_per_floor":[71,71,71,71,71,71,71,71,71,71,71,71,71,71,71,71,71,71,71,71,71,76,90,90,90,90,90,90,90,90,90,90,90,90,90,90,90,90,90,90,90,90,90,85,85,85,85,85,85,85,85,85,85,85,85,85,85],"relic_stats":{"Inserter":[109],"Torii":41,"counters":[30,271],"Juzu Bracelet":1,"Orichalcum":[372],"Cursed Key":1,"Boot":[31],"OrangePellets":[7],"Dream Catcher":3,"Ornamental Fan":[0],"obtain_stats":[{"Inserter":17,"Torii":26,"Mango":23,"Thread and Needle":36,"Juzu Bracelet":40,"Orichalcum":9,"Cursed Key":34,"Boot":47,"OrangePellets":21,"CaptainsWheel":0,"Dream Catcher":7,"Ornamental Fan":55,"Cracked Core":0,"StrikeDummy":10,"Toy Ornithopter":12,"InkBottle":14},{"Inserter":10,"Torii":14,"Mango":13,"Thread and Needle":19,"Juzu Bracelet":21,"Orichalcum":5,"Cursed Key":17,"Boot":25,"OrangePellets":12,"CaptainsWheel":0,"Dream Catcher":4,"Ornamental Fan":29,"Cracked Core":0,"StrikeDummy":6,"Toy Ornithopter":8,"InkBottle":9},{"Inserter":49,"Torii":73,"Mango":68,"Thread and Needle":117,"Juzu Bracelet":147,"Orichalcum":22,"Cursed Key":104,"Boot":185,"OrangePellets":61,"CaptainsWheel":0,"Dream Catcher":16,"Ornamental Fan":263,"Cracked Core":0,"StrikeDummy":27,"Toy Ornithopter":36,"InkBottle":41}],"Toy Ornithopter":40,"InkBottle":[58]},"card_choices":[{"not_picked":["Skim","Beam Cell"],"picked":"Genetic Algorithm","floor":1.0},{"not_picked":["Leap","Static Discharge"],"picked":"Consume","floor":3.0},{"not_picked":["Conserve Battery","FTL"],"picked":"Cold Snap","floor":4.0},{"not_picked":["BootSequence","Heatsinks"],"picked":"Buffer","floor":7.0},{"not_picked":["Auto Shields","Turbo"],"picked":"Sweeping Beam","floor":8.0},{"not_picked":["Scrape","Steam"],"picked":"Ball Lightning","floor":10.0},{"not_picked":["Beam Cell","Chaos"],"picked":"Compile Driver","floor":11.0},{"not_picked":["Streamline","Leap"],"picked":"Hologram","floor":12.0},{"not_picked":["Scrape","Gash"],"picked":"Self Repair","floor":14.0},{"not_picked":["Machine Learning","All For One"],"picked":"Core Surge","floor":16.0},{"not_picked":["Cold Snap+1","Thunder Strike"],"picked":"Genetic Algorithm","floor":24.0},{"not_picked":["Darkness","Reprogram"],"picked":"Loop","floor":31.0},{"not_picked":["Conserve Battery","Sweeping Beam"],"picked":"Amplify","floor":39.0},{"not_picked":["Force Field","Compile Driver"],"picked":"Undo+1","floor":40.0},{"not_picked":["Streamline+1","Leap"],"picked":"Glacier","floor":46.0},{"not_picked":["Aggregate","FTL+1"],"picked":"Buffer","floor":47.0},{"not_picked":["Machine Learning","Melter"],"picked":"Static Discharge","floor":55}],"player_experience":2373817,"relics_obtained":[{"floor":7.0,"key":"Dream Catcher"},{"floor":9.0,"key":"Orichalcum"},{"floor":10.0,"key":"StrikeDummy"},{"floor":12.0,"key":"Toy Ornithopter"},{"floor":14.0,"key":"InkBottle"},{"floor":23.0,"key":"Mango"},{"floor":26.0,"key":"Torii"},{"floor":36.0,"key":"Thread and Needle"},{"floor":40.0,"key":"Juzu Bracelet"},{"floor":47.0,"key":"Boot"},{"floor":55,"key":"Ornamental Fan"}],"event_choices":[{"damage_healed":0.0,"max_hp_gain":0.0,"max_hp_loss":0.0,"gold_gain":0.0,"event_name":"Living Wall","player_choice":"Grow","floor":2.0,"gold_loss":0.0,"damage_taken":0.0,"cards_upgraded":["Zap"]},{"damage_healed":0.0,"max_hp_gain":0.0,"max_hp_loss":0.0,"gold_gain":0.0,"event_name":"Back to Basics","player_choice":"Simplicity","floor":19.0,"gold_loss":0.0,"damage_taken":0.0,"cards_upgraded":["Strike_B","Strike_B","Strike_B","Strike_B","Defend_B","Defend_B","Defend_B","Defend_B"]},{"damage_healed":0.0,"max_hp_gain":5.0,"max_hp_loss":0.0,"gold_gain":0.0,"event_name":"Forgotten Altar","player_choice":"Shed Blood","floor":22.0,"gold_loss":0.0,"damage_taken":25.0},{"damage_healed":0.0,"max_hp_gain":0.0,"max_hp_loss":0.0,"gold_gain":0.0,"event_name":"MindBloom","player_choice":"Fight","floor":36.0,"gold_loss":0.0,"damage_taken":0.0},{"damage_healed":0.0,"max_hp_gain":0.0,"max_hp_loss":0.0,"gold_gain":0.0,"event_name":"Tomb of Lord Red Mask","player_choice":"Ignored","floor":37.0,"gold_loss":0.0,"damage_taken":0.0},{"damage_healed":0.0,"max_hp_gain":0.0,"max_hp_loss":0.0,"gold_gain":0.0,"cards_transformed":["Strike_B"],"event_name":"Transmorgrifier","player_choice":"Transformed","floor":38.0,"gold_loss":0.0,"damage_taken":0.0,"cards_obtained":["Auto Shields"]},{"damage_healed":0.0,"max_hp_gain":0.0,"max_hp_loss":5.0,"gold_gain":0.0,"event_name":"Winding Halls","player_choice":"Max HP","floor":44.0,"gold_loss":0.0,"damage_taken":0.0}],"is_beta":false,"boss_relics":[{"not_picked":["Coffee Dripper","Philosopher\u0027s Stone"],"picked":"Inserter"},{"not_picked":["Tiny House","Runic Dome"],"picked":"Cursed Key"}],"items_purged_floors":[30,54],"is_endless":false,"potions_floor_spawned":[1,7,10,11,16,18,31,33,40,41,47],"killed_by":"The Heart","ascension_level":20}}