{"host":"oigynbtg272c19pw","time":1613212487,"event":{"mods":["BaseMod","Colored Map","Minty Spire (QoL Compilation)","Relic Stats","Slay the Relics Exporter","StSLib"],"gold_per_floor":[111,72,85,6,6,6,32,32,57,82,117,42,42,59,59,130,130,145,45,45,45,45,70,70,103,103,103,135,152,166,186,186,262,262,272,284,76,93,139,139,168,168,192,211,239,239,269,269,269,269,269,269],"floor_reached":51,"playtime":3044,"items_purged":["Strike_P","Strike_P","Normality"],"score":1819,"play_id":"14e72149-b5ea-4cb5-a907-a9ea154d5de5","local_time":"20210213113447","is_ascension_mode":true,"campfire_choices":[{"data":"TalkToTheHand","floor":6.0,"key":"SMITH"},{"data":"EmptyFist","floor":8.0,"key":"SMITH"},{"data":"LessonLearned","floor":13.0,"key":"SMITH"},{"data":"Tantrum","floor":15.0,"key":"SMITH"},{"data":"Vault","floor":24.0,"key":"SMITH"},{"floor":27.0,"key":"REST"},{"floor":32.0,"key":"REST"},{"floor":40,"key":"RECALL"},{"floor":42,"key":"REST"},{"data":"Vault","floor":46,"key":"SMITH"},{"floor":49,"key":"REST"}],"circlet_count":0,"master_deck":["AscendersBane","Strike_P+1","Defend_P+1","Defend_P+1","Defend_P+1","Eruption+1","Vigilance+1","Tantrum+1","TalkToTheHand+1","WheelKick+1","FearNoEvil+1","EmptyFist+1","LessonLearned+1","Wireheading+1","Vault+1","Weave+1","Meditate+1","TalkToTheHand+1","Devotion+1","LikeWater+1","Scrawl+1","Doubt","Vault+1"],"relics":["PureWater","NeowsBlessing","Meat on the Bone","Damaru","Odd Mushroom","Strawberry","Cursed Key","Anchor","Toy Ornithopter","Singing Bowl","Smiling Mask","Runic Pyramid","Bag of Preparation","Ginger","Bottled Flame","Potion Belt","Dead Branch"],"acts_visited":["Exordium","TheCity","TheBeyond"],"potions_floor_usage":[50,50],"damage_taken":[{"damage":0.0,"enemies":"Jaw Worm","floor":1.0,"turns":1.0},{"damage":0.0,"enemies":"Small Slimes","floor":3.0,"turns":1.0},{"damage":0.0,"enemies":"3 Sentries","floor":7.0,"turns":2.0},{"damage":0.0,"enemies":"The Mushroom Lair","floor":10.0,"turns":2.0},{"damage":0.0,"enemies":"Lagavulin","floor":11.0,"turns":5.0},{"damage":0.0,"enemies":"Cultist","floor":14.0,"turns":2.0},{"damage":11.0,"enemies":"Slime Boss","floor":16.0,"turns":8.0},{"damage":6.0,"enemies":"Spheric Guardian","floor":18.0,"turns":4.0},{"damage":24.0,"enemies":"Slavers","floor":23.0,"turns":5.0},{"damage":10.0,"enemies":"Gremlin Leader","floor":25.0,"turns":6.0},{"damage":34.0,"enemies":"Slavers","floor":28.0,"turns":6.0},{"damage":1.0,"enemies":"Chosen","floor":29.0,"turns":5.0},{"damage":12.0,"enemies":"3 Cultists","floor":30.0,"turns":6.0},{"damage":0.0,"enemies":"Snecko","floor":31.0,"turns":3.0},{"damage":47.0,"enemies":"Collector","floor":33.0,"turns":13.0},{"damage":1.0,"enemies":"Orb Walker","floor":35.0,"turns":3.0},{"damage":1,"enemies":"3 Shapes","floor":36,"turns":6},{"damage":0,"enemies":"Writhing Mass","floor":38,"turns":5},{"damage":5,"enemies":"2 Orb Walkers","floor":39,"turns":6},{"damage":0,"enemies":"Giant Head","floor":41,"turns":5},{"damage":0,"enemies":"Transient","floor":44,"turns":7},{"damage":0,"enemies":"Nemesis","floor":45,"turns":6},{"damage":0,"enemies":"Giant Head","floor":47,"turns":5},{"damage":86,"enemies":"Awakened One","floor":50,"turns":12},{"damage":27,"enemies":"Donu and Deca","floor":51,"turns":5}],"seed_played":"-2694554764961565767","potions_obtained":[{"floor":1.0,"key":"AttackPotion"},{"floor":10.0,"key":"LiquidBronze"},{"floor":29.0,"key":"ColorlessPotion"},{"floor":30.0,"key":"Weak Potion"},{"floor":31.0,"key":"Swift Potion"},{"floor":38,"key":"SpeedPotion"},{"floor":41,"key":"ColorlessPotion"},{"floor":45,"key":"SteroidPotion"}],"is_trial":false,"path_per_floor":["M","$","M","$","?","R","E","R","T","?","E","$","R","M","R","B",null,"M","$","?","$","?","E","R","E","T","R","E","M","M","M","R","B",null,"M","M","$","M","?","R","E","R","T","M","E","R","E","?","R","B","B"],"character_chosen":"WATCHER","items_purchased":["TalkToTheHand","FearNoEvil","Bag of Preparation"],"campfire_rested":4,"item_purchase_floors":[2,4,37],"current_hp_per_floor":[61,61,61,61,61,61,61,61,61,61,68,68,68,68,68,57,71,65,65,65,65,65,41,41,43,43,65,45,44,44,44,67,42,68,69,70,70,72,69,69,71,87,87,89,89,89,91,91,91,27,0,0],"gold":269,"neow_bonus":"THREE_ENEMY_KILL","is_daily":false,"chose_seed":false,"campfire_upgraded":6,"win_rate":0.0,"timestamp":1613212487,"path_taken":["M","$","M","$","?","R","E","R","T","?","E","$","R","M","R","BOSS","M","$","?","?","?","E","R","E","T","R","E","M","M","M","R","BOSS","M","M","$","M","?","R","E","R","T","M","E","R","E","?","R","BOSS","BOSS"],"items_purchased_type":["Card","Card","Relic"],"build_version":"2020-12-13","purchased_purges":3,"victory":false,"max_hp_per_floor":[68,68,68,68,68,68,68,68,68,68,75,75,75,75,75,75,75,75,75,75,75,75,75,75,75,75,75,77,77,77,77,77,77,77,79,81,81,83,85,85,87,87,87,89,89,89,91,91,91,91,91,91],"relic_stats":{"Singing Bowl":16,"counters":[25,129],"Dead Branch":[21],"Bag of Preparation":[16],"Ginger":[13],"Cursed Key":2,"Smiling Mask":75,"obtain_stats":[{"Potion Belt":45,"NeowsBlessing":0,"Singing Bowl":26,"Dead Branch":47,"Damaru":9,"Bag of Preparation":37,"Ginger":39,"Odd Mushroom":10,"Cursed Key":17,"Smiling Mask":28,"Anchor":23,"Bottled Flame":41,"Strawberry":11,"PureWater":0,"Toy Ornithopter":25,"Meat on the Bone":7,"Runic Pyramid":34},{"Potion Belt":22,"NeowsBlessing":0,"Singing Bowl":10,"Dead Branch":23,"Damaru":3,"Bag of Preparation":17,"Ginger":19,"Odd Mushroom":4,"Cursed Key":7,"Smiling Mask":11,"Anchor":9,"Bottled Flame":20,"Strawberry":5,"PureWater":0,"Toy Ornithopter":10,"Meat on the Bone":3,"Runic Pyramid":15},{"Potion Belt":107,"NeowsBlessing":0,"Singing Bowl":36,"Dead Branch":112,"Damaru":4,"Bag of Preparation":78,"Ginger":89,"Odd Mushroom":6,"Cursed Key":21,"Smiling Mask":42,"Anchor":30,"Bottled Flame":94,"Strawberry":11,"PureWater":0,"Toy Ornithopter":36,"Meat on the Bone":4,"Runic Pyramid":69}],"Toy Ornithopter":20,"Meat on the Bone":60},"card_choices":[{"not_picked":["Conclude","Wallop"],"picked":"Tantrum","floor":1.0},{"not_picked":["Halt","EmptyBody"],"picked":"WheelKick","floor":3.0},{"not_picked":["Protect","SignatureMove"],"picked":"EmptyFist","floor":7.0},{"not_picked":["Prostrate","BowlingBash"],"picked":"LessonLearned","floor":11.0},{"not_picked":["BowlingBash","Consecrate"],"picked":"Wireheading","floor":14.0},{"not_picked":["MasterReality","Alpha"],"picked":"Vault","floor":16.0},{"not_picked":["Tantrum","WreathOfFlame","EmptyFist"],"picked":"SKIP","floor":18.0},{"not_picked":["Prostrate","Vengeance"],"picked":"Weave+1","floor":23.0},{"not_picked":["SashWhip","PathToVictory+1"],"picked":"Meditate+1","floor":25.0},{"not_picked":["WindmillStrike+1","ClearTheMind","FlyingSleeves"],"picked":"Singing Bowl","floor":28.0},{"not_picked":["Halt","FlurryOfBlows"],"picked":"TalkToTheHand","floor":29.0},{"not_picked":["CrushJoints","BowlingBash"],"picked":"Devotion","floor":30.0},{"not_picked":["EmptyFist","ThirdEye"],"picked":"LikeWater+1","floor":31.0},{"not_picked":["DeusExMachina","Blasphemy"],"picked":"Scrawl","floor":33.0},{"not_picked":["Sanctity","EmptyFist","Prostrate+1"],"picked":"Singing Bowl","floor":35.0},{"not_picked":["EmptyMind","FollowUp","Halt"],"picked":"Singing Bowl","floor":36},{"not_picked":["ClearTheMind","JustLucky","Nirvana"],"picked":"Singing Bowl","floor":38},{"not_picked":["Protect","Consecrate","ClearTheMind"],"picked":"Singing Bowl","floor":39},{"not_picked":["Pray","Halt","CutThroughFate"],"picked":"Singing Bowl","floor":41},{"not_picked":["Evaluate","FollowUp","Protect"],"picked":"Singing Bowl","floor":44},{"not_picked":["SignatureMove","CutThroughFate+1"],"picked":"Vault","floor":45},{"not_picked":["PathToVictory","Devotion","ReachHeaven"],"picked":"Singing Bowl","floor":47}],"player_experience":1591220,"relics_obtained":[{"floor":7.0,"key":"Meat on the Bone"},{"floor":9.0,"key":"Damaru"},{"floor":10.0,"key":"Odd Mushroom"},{"floor":11.0,"key":"Strawberry"},{"floor":23.0,"key":"Anchor"},{"floor":25.0,"key":"Toy Ornithopter"},{"floor":26.0,"key":"Singing Bowl"},{"floor":28.0,"key":"Smiling Mask"},{"floor":39,"key":"Ginger"},{"floor":41,"key":"Bottled Flame"},{"floor":45,"key":"Potion Belt"},{"floor":47,"key":"Dead Branch"}],"event_choices":[{"cards_removed":["Strike_P"],"damage_healed":0.0,"max_hp_gain":0.0,"max_hp_loss":0.0,"gold_gain":0.0,"event_name":"Living Wall","player_choice":"Forget","floor":5.0,"gold_loss":0.0,"damage_taken":0.0},{"damage_healed":0.0,"max_hp_gain":0.0,"max_hp_loss":0.0,"gold_gain":0.0,"event_name":"Mushrooms","player_choice":"Fought Mushrooms","floor":10.0,"gold_loss":0.0,"damage_taken":0.0},{"cards_removed":["Defend_P"],"damage_healed":0.0,"max_hp_gain":0.0,"max_hp_loss":0.0,"gold_gain":0.0,"event_name":"Purifier","player_choice":"Purged","floor":20.0,"gold_loss":0.0,"damage_taken":0.0},{"damage_healed":0.0,"max_hp_gain":0.0,"max_hp_loss":0.0,"gold_gain":0.0,"event_name":"Vampires","player_choice":"Ignored","floor":22.0,"gold_loss":0.0,"damage_taken":0.0},{"damage_healed":0,"gold_gain":0,"player_choice":"Fight","damage_taken":0,"max_hp_gain":0,"max_hp_loss":0,"event_name":"Mysterious Sphere","floor":39,"gold_loss":0},{"damage_healed":0,"gold_gain":0,"player_choice":"Ignored","damage_taken":0,"max_hp_gain":0,"max_hp_loss":0,"event_name":"Tomb of Lord Red Mask","floor":48,"gold_loss":0}],"is_beta":false,"boss_relics":[{"not_picked":["Velvet Choker","HolyWater"],"picked":"Cursed Key"},{"not_picked":["Calling Bell","Tiny House"],"picked":"Runic Pyramid"}],"items_purged_floors":[12,19,37],"is_endless":false,"potions_floor_spawned":[1,10,29,30,31,38,41,44,45],"killed_by":"Donu and Deca","ascension_level":20}}