{"host":"uexz8m6e0pxi7xat","time":1613187702,"event":{"mods":["BaseMod","Bestiary","Minty Spire (QoL Compilation)","Relic Stats","ojb\u0027s Info Mod"],"gold_per_floor":[219,56,73,73,91,121,121,121,121,25,35,35,61,61,61,61,61],"floor_reached":16,"language":"ENG","playtime":3200,"items_purged":[],"score":216,"play_id":"3d5f85ee-6c09-434a-8435-ae7a65c405d3","local_time":"20210213164142","is_ascension_mode":true,"campfire_choices":[{"data":"Hemokinesis","floor":7,"key":"SMITH"},{"data":"Bash","floor":15,"key":"SMITH"}],"circlet_count":0,"master_deck":["AscendersBane","Strike_R","Strike_R","Strike_R","Strike_R","Strike_R","Defend_R","Defend_R","Defend_R","Defend_R","Bash+1","Pommel Strike","Hemokinesis+1","True Grit","Sever Soul","Blind","Anger","Cleave+1"],"relics":["Burning Blood","Centennial Puzzle","Pantograph","Molten Egg 2"],"acts_visited":[],"potions_floor_usage":[6,16],"damage_taken":[{"damage":7.0,"enemies":"2 Louse","floor":1.0,"turns":4.0},{"damage":7.0,"enemies":"Small Slimes","floor":3.0,"turns":3.0},{"damage":3,"enemies":"Cultist","floor":5,"turns":3},{"damage":22,"enemies":"Gremlin Nob","floor":6,"turns":4},{"damage":12,"enemies":"Large Slime","floor":11,"turns":5},{"damage":32,"enemies":"Lagavulin","floor":13,"turns":5},{"damage":34,"enemies":"Hexaghost","floor":16,"turns":9}],"seed_played":"-6589028082060344091","potions_obtained":[{"floor":1.0,"key":"Block Potion"},{"floor":3,"key":"Block Potion"}],"is_trial":false,"path_per_floor":["M","$","M","?","M","E","R","?","T","$","M","?","E","?","R","B"],"character_chosen":"IRONCLAD","items_purchased":["Centennial Puzzle","Blind"],"campfire_rested":0,"item_purchase_floors":[2,10],"current_hp_per_floor":[67,67,66,71,74,58,58,58,58,58,52,52,26,8,8,0,0],"gold":61,"neow_bonus":"HUNDRED_GOLD","is_daily":false,"chose_seed":false,"campfire_upgraded":2,"win_rate":0.0,"timestamp":1613187702,"path_taken":["M","$","M","?","M","E","R","?","T","$","M","?","E","?","R","BOSS"],"items_purchased_type":["Relic","Card"],"build_version":"2020-12-22","purchased_purges":0,"victory":false,"max_hp_per_floor":[75,75,75,80,80,80,80,80,80,80,80,80,80,80,80,80,80],"relic_stats":{"Centennial Puzzle":[15],"counters":[5,26],"Pantograph":25,"obtain_stats":[{"Centennial Puzzle":0,"Pantograph":6,"Molten Egg 2":13,"Burning Blood":0},{"Centennial Puzzle":0,"Pantograph":2,"Molten Egg 2":4,"Burning Blood":0},{"Centennial Puzzle":0,"Pantograph":7,"Molten Egg 2":17,"Burning Blood":0}],"Burning Blood":24},"card_choices":[{"not_picked":["Seeing Red","Sentinel"],"picked":"Pommel Strike","floor":1.0},{"not_picked":["Wild Strike","Twin Strike"],"picked":"Hemokinesis","floor":3},{"not_picked":["Body Slam","Clash"],"picked":"True Grit","floor":5},{"not_picked":["Burning Pact","Limit Break"],"picked":"Sever Soul","floor":6},{"not_picked":["True Grit","Cleave"],"picked":"Anger","floor":11},{"not_picked":["Metallicize","Rage"],"picked":"Cleave+1","floor":13}],"player_experience":987815,"relics_obtained":[{"floor":6,"key":"Pantograph"},{"floor":13,"key":"Molten Egg 2"}],"event_choices":[{"damage_healed":0,"gold_gain":0,"player_choice":"Donut","damage_taken":0,"max_hp_gain":5,"max_hp_loss":0,"event_name":"Big Fish","floor":4,"gold_loss":0},{"damage_healed":0,"gold_gain":0,"player_choice":"Leave","damage_taken":0,"max_hp_gain":0,"max_hp_loss":0,"event_name":"The Cleric","floor":8,"gold_loss":0},{"damage_healed":0,"gold_gain":0,"player_choice":"Ignored","damage_taken":0,"max_hp_gain":0,"max_hp_loss":0,"event_name":"Liars Game","floor":12,"gold_loss":0},{"damage_healed":0,"gold_gain":0,"player_choice":"Fled","damage_taken":18,"max_hp_gain":0,"max_hp_loss":0,"event_name":"Scrap Ooze","floor":14,"gold_loss":0}],"is_beta":false,"boss_relics":[],"items_purged_floors":[],"is_endless":false,"potions_floor_spawned":[1,3],"killed_by":"Hexaghost","ascension_level":20}}