{"host":"y0i0tbisecj7yjyn","time":1613243287,"event":{"mods":["AchievementEnabler","AlwaysNeverKeys","BaseMod","BetterRewards","Colored Map","Colored Powertips","Curses Come First","Disable Question Mark Monsters","Displayed Cursed Tome","Highlight Path","Keyboard Shortcuts","Minty Spire (QoL Compilation)","Quick Restart","Random Character Button","Rare Cards Sparkle","StSLib","SuperFastMode","Transform Curses","Weighted Paths"],"gold_per_floor":[117,137,156,176,176,205,220,220,220],"floor_reached":8,"language":"ENG","playtime":529,"items_purged":[],"score":66,"play_id":"60d1508a-0da1-48aa-a63a-80dc3180200b","local_time":"20210213130807","is_ascension_mode":true,"campfire_choices":[],"circlet_count":0,"master_deck":["Strike_G","Strike_G","Strike_G","Strike_G","Strike_G","Defend_G","Defend_G","Defend_G","Defend_G","Defend_G","Survivor","Neutralize","Decay","Bullet Time","Dagger Throw","Poisoned Stab","Dagger Spray","PiercingWail","Doppelganger","Catalyst"],"relics":["Ring of the Snake","FaceOfCleric","Pear"],"acts_visited":["Exordium"],"potions_floor_usage":[],"damage_taken":[{"damage":4.0,"enemies":"Small Slimes","floor":1.0,"turns":5.0},{"damage":7.0,"enemies":"Cultist","floor":2.0,"turns":5.0},{"damage":6.0,"enemies":"Jaw Worm","floor":3.0,"turns":4.0},{"damage":22.0,"enemies":"Gremlin Gang","floor":4.0,"turns":3.0},{"damage":21.0,"enemies":"Lagavulin","floor":6.0,"turns":7.0},{"damage":6.0,"enemies":"2 Fungi Beasts","floor":7.0,"turns":3.0},{"damage":16,"enemies":"3 Sentries","floor":8,"turns":4}],"seed_played":"-1678830068181050609","potions_obtained":[{"floor":2.0,"key":"LiquidMemories"},{"floor":4.0,"key":"DistilledChaos"},{"floor":7.0,"key":"BlessingOfTheForge"}],"is_trial":false,"path_per_floor":["M","M","M","M","?","E","M","E"],"character_chosen":"THE_SILENT","items_purchased":[],"campfire_rested":0,"item_purchase_floors":[],"current_hp_per_floor":[66,59,53,31,31,21,16,0,0],"gold":220,"neow_bonus":"THREE_RARE_CARDS","is_daily":false,"chose_seed":false,"campfire_upgraded":0,"win_rate":0.0,"timestamp":1613243287,"path_taken":["M","M","M","M","?","E","M","E"],"items_purchased_type":[],"build_version":"2020-12-22","purchased_purges":0,"victory":false,"max_hp_per_floor":[70,70,70,70,70,81,82,82,82],"card_choices":[{"not_picked":["Unload","Die Die Die"],"picked":"Bullet Time","floor":0.0},{"not_picked":["Endless Agony","Deflect"],"picked":"Dagger Throw","floor":1.0},{"not_picked":["Quick Slash","Flechettes"],"picked":"Poisoned Stab","floor":2.0},{"not_picked":["Masterful Stab","Prepared"],"picked":"Dagger Spray","floor":3.0},{"not_picked":["Finisher","Poisoned Stab"],"picked":"PiercingWail","floor":4.0},{"not_picked":["Eviscerate","Distraction"],"picked":"Doppelganger","floor":6.0},{"not_picked":["Blade Dance","Sucker Punch"],"picked":"Catalyst","floor":7.0}],"player_experience":451406,"relics_obtained":[{"floor":6.0,"key":"Pear"}],"event_choices":[{"damage_healed":0.0,"max_hp_gain":0.0,"max_hp_loss":0.0,"gold_gain":0.0,"event_name":"FaceTrader","player_choice":"Trade","floor":5.0,"gold_loss":0.0,"damage_taken":0.0,"relics_obtained":["FaceOfCleric"]}],"is_beta":false,"boss_relics":[],"items_purged_floors":[],"is_endless":false,"potions_floor_spawned":[2,4,7],"killed_by":"3 Sentries","ascension_level":2}}