{"host":"6p0attdrtjqaih7v","time":1613203655,"event":{"mods":["2.2 Compatiblity","AchievementEnabler","Bard","BaseMod","Better Skull","Better Third Choice","Card Filter","Colored Powertips","Hermit","Highlight Path","Hubris","Key Reminder","Minty Spire (QoL Compilation)","Permanent Neow","Quick Restart","Random Character Button","Relic Filter","Relic Stats","Reliquary","Replay The Spire","Robot Space Explorer","StSLib","The Hayseed","The Witch"],"gold_per_floor":[115,37,71,89,99,133,133,133,159,172,198,247,273,285,285,356,356,368,46,63,75,75,110,186,101,124,163,176,215,227,238,238,324,324,343,354,363,25,25,62,97,97,97,108,108,142,142,168,168,168,168],"floor_reached":52,"language":"ENG","playtime":3200,"items_purged":["Strike_G"],"score":2152,"play_id":"f2e75d82-3bd9-4d48-9ed2-7dba538b35d5","local_time":"20210213030735","is_ascension_mode":true,"campfire_choices":[{"data":"ReplayTheSpireMod:From All Sides","floor":7,"key":"SMITH"},{"data":"Bouncing Flask","floor":15,"key":"SMITH"},{"data":"Catalyst","floor":32,"key":"SMITH"},{"floor":42,"key":"REST"},{"floor":49,"key":"REST"}],"circlet_count":0,"master_deck":["AscendersBane","Strike_G","Strike_G","Strike_G","Strike_G","Defend_G","Defend_G","Defend_G","Defend_G","Defend_G","Survivor","Neutralize","Underhanded Strike","Dagger Throw","Blade Dance","ReplayTheSpireMod:From All Sides+1","Replay:Bag of Tricks+1","ReplayTheSpireMod:From All Sides","Heel Hook","Dagger Throw","Bouncing Flask+1","Tools of the Trade","Deflect","Footwork","Catalyst+1","Terror","Tactician","Burst","ReplayTheSpireMod:Scrap Shanks+1","Tactician","Escape Plan+1","PiercingWail"],"relics":["Ring of the Snake","ReplayFunnel","hubris:Reverence","Snake Skull","Regal Pillow","White Beast Statue","Akabeko","HornCleat","Snecko Scales","Toolbox","Incense Burner","Lizard Tail","CeramicFish","Replay:Accelerometer","reliquary:FerryPass","Fusion Hammer","Tingsha","Spirit Poop","Dead Branch","Darkstone Periapt","hubris:Potato","hubris:Towel"],"acts_visited":["Exordium","TheCity","TheBeyond"],"potions_floor_usage":[6,16,23,31,33,50],"damage_taken":[{"damage":0,"enemies":"Small Slimes","floor":1,"turns":5},{"damage":0,"enemies":"Jaw Worm","floor":4,"turns":3},{"damage":0,"enemies":"2 Louse","floor":5,"turns":2},{"damage":6,"enemies":"3 Sentries","floor":6,"turns":6},{"damage":0,"enemies":"Large Slime","floor":10,"turns":4},{"damage":5,"enemies":"Lagavulin","floor":11,"turns":4},{"damage":0,"enemies":"Gremlin Nob","floor":13,"turns":1},{"damage":0,"enemies":"2 Fungi Beasts","floor":14,"turns":1},{"damage":0,"enemies":"Hexaghost","floor":16,"turns":4},{"damage":0,"enemies":"2 Thieves","floor":18,"turns":1},{"damage":0,"enemies":"Chosen","floor":20,"turns":2},{"damage":0,"enemies":"Snecko","floor":21,"turns":2},{"damage":6,"enemies":"Gremlin Leader","floor":23,"turns":2},{"damage":0,"enemies":"3 Cultists","floor":24,"turns":6},{"damage":4,"enemies":"Book of Stabbing","floor":27,"turns":3},{"damage":9,"enemies":"Centurion and Healer","floor":28,"turns":3},{"damage":0,"enemies":"Gremlin Leader","floor":29,"turns":4},{"damage":0,"enemies":"Snake Plant","floor":30,"turns":1},{"damage":0,"enemies":"Snecko","floor":31,"turns":3},{"damage":37,"enemies":"Champ","floor":33,"turns":9},{"damage":0,"enemies":"3 Shapes","floor":35,"turns":3},{"damage":0,"enemies":"3 Darklings","floor":36,"turns":2},{"damage":1,"enemies":"Giant Head","floor":40,"turns":5},{"damage":24,"enemies":"Jaw Worm Horde","floor":41,"turns":2},{"damage":0,"enemies":"Transient","floor":44,"turns":5},{"damage":0,"enemies":"Mind Bloom Boss Battle","floor":46,"turns":3},{"damage":0,"enemies":"4 Shapes","floor":48,"turns":3},{"damage":10,"enemies":"Time Eater","floor":50,"turns":4},{"damage":20,"enemies":"Awakened One","floor":51,"turns":9}],"seed_played":"329113840047362513","potions_obtained":[{"floor":5,"key":"Fire Potion"},{"floor":10,"key":"Reflective Coating"},{"floor":14,"key":"PowerPotion"},{"floor":16,"key":"Energy Potion"},{"floor":18,"key":"PowerPotion"},{"floor":21,"key":"DuplicationPotion"},{"floor":23,"key":"SpeedPotion"},{"floor":28,"key":"Dexterity Potion"},{"floor":29,"key":"Block Potion"},{"floor":30,"key":"DistilledChaos"},{"floor":31,"key":"Fruit Juice"},{"floor":33,"key":"CultistPotion"},{"floor":35,"key":"BlessingOfTheForge"},{"floor":40,"key":"DistilledChaos"},{"floor":48,"key":"LiquidMemories"}],"is_trial":false,"path_per_floor":["M","$","?","M","M","E","R","?","T","M","E","T","E","M","R","B",null,"M","$","M","M","?","E","M","?","T","E","M","E","M","M","R","B",null,"M","M","?","$","?","E","M","R","T","M","?","?","?","M","R","B","B",null],"character_chosen":"THE_SILENT","items_purchased":["CunningPotion","Footwork","Toolbox","Tingsha"],"campfire_rested":2,"item_purchase_floors":[2,19,19,38],"current_hp_per_floor":[59,59,38,38,38,32,32,32,32,32,27,27,27,27,27,27,56,56,56,56,56,56,50,50,50,50,46,37,37,37,42,42,5,55,55,55,55,55,55,54,30,66,66,66,66,66,66,66,67,57,37],"gold":168,"neow_bonus":"RANDOM_COMMON_RELIC","is_daily":false,"chose_seed":false,"campfire_upgraded":3,"win_rate":0.0,"timestamp":1613203655,"path_taken":["M","$","?","M","M","E","R","?","T","M","E","?","E","?","R","BOSS","M","$","M","M","?","E","M","?","T","E","M","E","M","M","R","BOSS","M","M","?","$","?","E","?","R","T","M","?","?","?","M","R","BOSS","BOSS"],"items_purchased_type":["Potion","Card","Relic","Relic"],"build_version":"2020-12-22","purchased_purges":1,"victory":true,"max_hp_per_floor":[66,66,66,66,66,66,66,66,66,66,66,66,66,66,66,66,66,66,66,66,66,66,66,66,66,66,66,66,66,66,71,71,71,71,71,71,71,71,71,71,71,71,71,71,67,67,67,67,67,67,67],"relic_stats":{"Darkstone Periapt":0,"Regal Pillow":15,"Lizard Tail":0,"counters":[29,102],"CeramicFish":72,"Dead Branch":[162],"Tingsha":[417],"Snake Skull":[126],"obtain_stats":[{"ReplayFunnel":0,"Darkstone Periapt":43,"Replay:Accelerometer":27,"Regal Pillow":9,"CeramicFish":26,"Dead Branch":40,"Spirit Poop":39,"Tingsha":38,"Snake Skull":6,"Incense Burner":23,"hubris:Towel":47,"White Beast Statue":11,"Akabeko":12,"reliquary:FerryPass":29,"Lizard Tail":25,"HornCleat":13,"Snecko Scales":17,"Toolbox":19,"Fusion Hammer":34,"hubris:Potato":46,"Ring of the Snake":0,"hubris:Reverence":3},{"ReplayFunnel":0,"Darkstone Periapt":24,"Replay:Accelerometer":15,"Regal Pillow":4,"CeramicFish":14,"Dead Branch":23,"Spirit Poop":22,"Tingsha":22,"Snake Skull":4,"Incense Burner":13,"hubris:Towel":26,"White Beast Statue":6,"Akabeko":6,"reliquary:FerryPass":17,"Lizard Tail":14,"HornCleat":7,"Snecko Scales":9,"Toolbox":10,"Fusion Hammer":20,"hubris:Potato":26,"Ring of the Snake":0,"hubris:Reverence":1},{"ReplayFunnel":0,"Darkstone Periapt":78,"Replay:Accelerometer":46,"Regal Pillow":16,"CeramicFish":43,"Dead Branch":76,"Spirit Poop":71,"Tingsha":71,"Snake Skull":16,"Incense Burner":37,"hubris:Towel":86,"White Beast Statue":24,"Akabeko":24,"reliquary:FerryPass":53,"Lizard Tail":43,"HornCleat":25,"Snecko Scales":30,"Toolbox":31,"Fusion Hammer":66,"hubris:Potato":86,"Ring of the Snake":0,"hubris:Reverence":5}],"Ring of the Snake":[39]},"card_choices":[{"not_picked":["Backflip","Toxin Wave"],"picked":"Underhanded Strike","floor":1},{"not_picked":["Quick Slash","Catalyst"],"picked":"Dagger Throw","floor":3},{"not_picked":["Dodge and Roll","Sneak Up"],"picked":"Blade Dance","floor":4},{"not_picked":["Footwork","Accuracy"],"picked":"ReplayTheSpireMod:From All Sides","floor":5},{"not_picked":["Acrobatics","Outmaneuver"],"picked":"Backflip","floor":6},{"not_picked":["Dodge and Roll","Blade Dance"],"picked":"ReplayTheSpireMod:From All Sides","floor":10},{"not_picked":["Concentrate","Flechettes"],"picked":"Heel Hook","floor":11},{"not_picked":["Cloak And Dagger","Backflip"],"picked":"Dagger Throw","floor":13},{"not_picked":["Quick Slash","Calculated Gamble"],"picked":"Bouncing Flask","floor":14},{"not_picked":["Wraith Form v2","Malaise"],"picked":"Tools of the Trade","floor":16},{"not_picked":["Flying Knee","Masterful Stab"],"picked":"Deflect","floor":18},{"not_picked":["Acrobatics","Dagger Throw","Replay:Poison Smokescreen"],"picked":"SKIP","floor":20},{"not_picked":["Cloak And Dagger","Blade Dance","Dagger Throw"],"picked":"SKIP","floor":21},{"not_picked":["Accuracy","Toxin Wave","Blade Dance"],"picked":"SKIP","floor":23},{"not_picked":["Slice","Endless Agony"],"picked":"Catalyst","floor":24},{"not_picked":["Quick Slash","Flying Knee"],"picked":"Terror","floor":27},{"not_picked":["Dodge and Roll","Eviscerate","Underhanded Strike"],"picked":"SKIP","floor":28},{"not_picked":["Die Die Die","Choke"],"picked":"Tactician","floor":29},{"not_picked":["Infinite Blades","Acrobatics","Underhanded Strike"],"picked":"SKIP","floor":30},{"not_picked":["Quick Slash","Outmaneuver","Cloak And Dagger"],"picked":"SKIP","floor":31},{"not_picked":["Glass Knife","Storm of Steel"],"picked":"Burst","floor":33},{"not_picked":["Dagger Throw","Well Laid Plans"],"picked":"ReplayTheSpireMod:Scrap Shanks+1","floor":35},{"not_picked":["Choke","Dagger Throw+1","Deadly Poison"],"picked":"SKIP","floor":36},{"not_picked":["Burst","Backflip"],"picked":"Tactician","floor":40},{"not_picked":["Dagger Throw","Prepared","Dagger Spray"],"picked":"SKIP","floor":41},{"not_picked":["Slice","Flying Knee+1","Deadly Poison"],"picked":"SKIP","floor":44},{"not_picked":["Outmaneuver","Flying Knee"],"picked":"Escape Plan+1","floor":46},{"not_picked":["Backflip","Dash"],"picked":"PiercingWail","floor":48}],"player_experience":1121993,"relics_obtained":[{"floor":3,"key":"hubris:Reverence"},{"floor":6,"key":"Snake Skull"},{"floor":9,"key":"Regal Pillow"},{"floor":11,"key":"White Beast Statue"},{"floor":12,"key":"Akabeko"},{"floor":13,"key":"HornCleat"},{"floor":23,"key":"Incense Burner"},{"floor":26,"key":"CeramicFish"},{"floor":27,"key":"Replay:Accelerometer"},{"floor":29,"key":"reliquary:FerryPass"},{"floor":40,"key":"Dead Branch"},{"floor":43,"key":"Darkstone Periapt"},{"floor":46,"key":"hubris:Potato"}],"event_choices":[{"damage_healed":0,"gold_gain":0,"player_choice":"Ignored","damage_taken":0,"max_hp_gain":0,"max_hp_loss":0,"event_name":"The Mausoleum","floor":22,"gold_loss":0},{"damage_healed":0,"gold_gain":0,"player_choice":"Obtained Relic","damage_taken":0,"relics_obtained":["Lizard Tail"],"max_hp_gain":0,"max_hp_loss":0,"event_name":"Addict","floor":25,"gold_loss":85},{"cards_removed":["Normality"],"damage_healed":0,"gold_gain":0,"player_choice":"Offered Curse","damage_taken":0,"relics_obtained":["Spirit Poop"],"max_hp_gain":0,"max_hp_loss":0,"event_name":"Bonfire Elementals","floor":39,"gold_loss":0},{"damage_healed":0,"gold_gain":0,"player_choice":"Max HP","damage_taken":0,"max_hp_gain":0,"max_hp_loss":4,"event_name":"Winding Halls","floor":45,"gold_loss":0},{"damage_healed":0,"gold_gain":0,"player_choice":"Fight","damage_taken":0,"max_hp_gain":0,"max_hp_loss":0,"event_name":"MindBloom","floor":46,"gold_loss":0}],"is_beta":false,"boss_relics":[{"not_picked":["Busted Crown","Tiny House"],"picked":"Snecko Scales"},{"not_picked":["Replay:Grab Bag","Philosopher\u0027s Stone"],"picked":"Fusion Hammer"}],"items_purged_floors":[19],"is_endless":false,"potions_floor_spawned":[5,10,13,14,16,18,20,21,23,24,27,28,29,30,31,33,35,36,40,41,44,46,48],"ascension_level":20}}