{"host":"fkig9nrckec4xsh0","time":1613182056,"event":{"mods":["Act Like it!","BaseMod","Colored Map","Gensokyo","Hermit","Marisa????????","Minty Spire (QoL Compilation)","Quick Restart","Replay The Spire","StSLib"],"gold_per_floor":[113,113,113,125,7,157,191,191,191,225,225,225,254,254,265,283,283,360,360,374,401,419,419,62,88,100,133,133,133,167,185,214,234,234,313,313,324,21,21,33,33,61,81,81,81],"floor_reached":44,"language":"ENG","playtime":2452,"items_purged":["Strike_G","Parasite"],"score":1172,"play_id":"6cb9d1c6-b91d-48d9-a08d-17fdc5e7d45d","local_time":"20210212210736","is_ascension_mode":true,"campfire_choices":[{"data":"Replay:Bag of Tricks","floor":12,"key":"SMITH"},{"data":"Catalyst","floor":14,"key":"SMITH"},{"data":"Doubt","floor":17,"key":"PURGE"},{"floor":29,"key":"REST"},{"floor":34,"key":"REST"}],"circlet_count":0,"master_deck":["AscendersBane","Strike_G","Strike_G","Defend_G","Defend_G","Defend_G","Defend_G","Defend_G","Survivor","Neutralize","All Out Attack","Replay:Bag of Tricks+1","Catalyst+1","PiercingWail","ReplayTheSpireMod:Speed Training","Burst+1","Deadly Poison","Poisoned Stab+1","Bandage Up","Outmaneuver+1","Bouncing Flask","Deadly Poison+1","Crippling Poison","Hidden Blade+1","Poisoned Stab+1","Corpse Explosion+1","Crippling Poison+1","Backstab+1"],"relics":["Ring of the Snake","NeowsBlessing","Unceasing Top","Pear","Bottled Lightning","BranchBurnRelic","Sundial","Black Star","Red Mask","Dream Catcher","Regal Pillow","Replay:Ringing Soul","Bag of Preparation","Potion Belt","Replay:Bottled Steam","Snack Pack","Replay:Bottled Snecko","Blue Candle","Onion Ring","Bottled Flame","Fusion Hammer","Guide Book","TheAbacus","Counterbalance","Vajra","Smiling Mask"],"acts_visited":["Exordium","TheCity","TheCity"],"potions_floor_usage":[13,21,25,27,32,35,42,42,42],"damage_taken":[{"damage":0,"enemies":"Cultist","floor":1,"turns":1},{"damage":0,"enemies":"Small Slimes","floor":4,"turns":1},{"damage":0,"enemies":"3 Sentries","floor":7,"turns":1},{"damage":22,"enemies":"Lagavulin","floor":10,"turns":5},{"damage":15,"enemies":"3 Sentries","floor":13,"turns":10},{"damage":0,"enemies":"Jaw Worm","floor":15,"turns":4},{"damage":0,"enemies":"Blue Slaver","floor":16,"turns":3},{"damage":16,"enemies":"The Guardian","floor":18,"turns":10},{"damage":0,"enemies":"3 Byrds","floor":20,"turns":9},{"damage":20,"enemies":"Masked Bandits","floor":21,"turns":3},{"damage":25,"enemies":"2 Thieves","floor":22,"turns":4},{"damage":14,"enemies":"Replay:Snechameleon","floor":25,"turns":5},{"damage":21,"enemies":"Shelled Parasite and Fungi","floor":26,"turns":4},{"damage":0,"enemies":"Book of Stabbing","floor":27,"turns":3},{"damage":49,"enemies":"Gremlin Leader","floor":30,"turns":5},{"damage":0,"enemies":"Snake Plant","floor":31,"turns":3},{"damage":45,"enemies":"Book of Stabbing","floor":32,"turns":7},{"damage":0,"enemies":"3 Cultists","floor":33,"turns":4},{"damage":45,"enemies":"Collector","floor":35,"turns":7},{"damage":0,"enemies":"Gensokyo:3_Boulders","floor":37,"turns":2},{"damage":4,"enemies":"Gensokyo:AncientGuardian","floor":40,"turns":4},{"damage":55,"enemies":"Gensokyo:Kasen","floor":42,"turns":6},{"damage":30,"enemies":"Gensokyo:4_Bats","floor":43,"turns":4},{"damage":18,"enemies":"Gensokyo:Marisa","floor":44,"turns":2}],"seed_played":"-8077726177466320897","potions_obtained":[{"floor":7,"key":"Dexterity Potion"},{"floor":10,"key":"FairyPotion"},{"floor":13,"key":"Fruit Juice"},{"floor":15,"key":"SteroidPotion"},{"floor":21,"key":"Strength Potion"},{"floor":26,"key":"Toxic Potion"},{"floor":30,"key":"Explosive Potion"},{"floor":31,"key":"Energy Potion"},{"floor":35,"key":"Block Potion"},{"floor":37,"key":"Fire Potion"},{"floor":40,"key":"Strength Potion"}],"is_trial":false,"path_per_floor":["M","T","?","M","$","?","E","PTL","PTL","E","T","R","E","R","M","M","R_BF","B",null,"M","?","M","?","$","E","M","E","T","R","E","M","E","M","R","B",null,"M","COS","?","M","?","E","M","E"],"character_chosen":"THE_SILENT","items_purchased":["All Out Attack","Regal Pillow","Bandage Up"],"campfire_rested":2,"item_purchase_floors":[5,24,24],"current_hp_per_floor":[59,59,66,66,66,66,66,66,66,54,54,54,59,59,73,73,73,68,78,78,58,33,33,33,30,16,23,23,67,44,51,12,18,61,40,84,90,90,90,98,47,33,11,0,0],"gold":81,"neow_bonus":"THREE_ENEMY_KILL","is_daily":false,"chose_seed":false,"campfire_upgraded":2,"win_rate":0.0,"timestamp":1613182056,"path_taken":["M","?","?","?","?","?","E","PTL","PTL","E","T","R","E","R","M","?","R_BF","BOSS","M","?","M","?","$","E","M","E","T","R","E","M","E","?","R","BOSS","M","COS","?","M","?","E","M","E"],"items_purchased_type":["Card","Relic","Card"],"build_version":"2020-12-22","purchased_purges":2,"victory":false,"max_hp_per_floor":[66,66,66,66,66,66,66,66,66,76,76,76,81,81,81,81,81,81,81,81,81,81,81,78,81,84,87,87,90,93,96,96,96,96,99,99,99,99,99,102,102,105,105,105,105],"card_choices":[{"not_picked":["Dodge and Roll","Slice","PiercingWail"],"picked":"SKIP","floor":1},{"not_picked":["Underhanded Strike","Backflip","Draining Mist"],"picked":"SKIP","floor":4},{"not_picked":["Dagger Spray","Hidden Blade"],"picked":"Replay:Bag of Tricks","floor":7},{"not_picked":["Poisoned Stab","Dagger Spray"],"picked":"Catalyst","floor":10},{"not_picked":["Dash","Reflex"],"picked":"PiercingWail","floor":13},{"not_picked":["Blade Dance","Cloak And Dagger"],"picked":"ReplayTheSpireMod:Speed Training","floor":15},{"not_picked":["Eviscerate","Dagger Throw","Expertise"],"picked":"SKIP","floor":16},{"not_picked":["Adrenaline","After Image"],"picked":"Burst","floor":18},{"not_picked":["Outmaneuver","Tactician"],"picked":"Deadly Poison","floor":20},{"not_picked":["Calculated Gamble+1","Bane+1"],"picked":"Poisoned Stab+1","floor":21},{"not_picked":["Bane","Heel Hook","Slice"],"picked":"SKIP","floor":22},{"not_picked":["Masterful Stab+1","Poison Darts"],"picked":"Outmaneuver+1","floor":25},{"not_picked":["ReplayTheSpireMod:Tripwire","Bane+1"],"picked":"Bouncing Flask","floor":26},{"not_picked":["Footwork","Expertise"],"picked":"Deadly Poison+1","floor":27},{"not_picked":["Flechettes","Dagger Spray"],"picked":"Crippling Poison","floor":29},{"not_picked":["Prepared","All Out Attack"],"picked":"Hidden Blade+1","floor":30},{"not_picked":["Cloak And Dagger","PiercingWail"],"picked":"Poisoned Stab+1","floor":31},{"not_picked":["Caltrops","Endless Agony","Dagger Throw+1"],"picked":"SKIP","floor":32},{"not_picked":["ReplayTheSpireMod:The Works+1","Blur","Distraction"],"picked":"SKIP","floor":33},{"not_picked":["Bullet Time","Wraith Form v2"],"picked":"Corpse Explosion","floor":35},{"not_picked":["Tactician","Riddle With Holes","Cloak And Dagger"],"picked":"SKIP","floor":37},{"not_picked":["Bane","Underhanded Strike"],"picked":"Crippling Poison+1","floor":40},{"not_picked":["Prepared","Backstab+1","Outmaneuver"],"picked":"SKIP","floor":42},{"not_picked":["Prepared","Outmaneuver"],"picked":"Backstab+1","floor":42},{"not_picked":["Hidden Blade","Dash","Cloak And Dagger"],"picked":"SKIP","floor":43}],"player_experience":435472,"relics_obtained":[{"floor":2,"key":"Dead Branch"},{"floor":7,"key":"Unceasing Top"},{"floor":10,"key":"Pear"},{"floor":11,"key":"Bottled Lightning"},{"floor":13,"key":"Sundial"},{"floor":21,"key":"Red Mask"},{"floor":25,"key":"Replay:Ringing Soul"},{"floor":25,"key":"Bag of Preparation"},{"floor":27,"key":"Potion Belt"},{"floor":27,"key":"Replay:Bottled Steam"},{"floor":28,"key":"Snack Pack"},{"floor":30,"key":"Replay:Bottled Snecko"},{"floor":30,"key":"Blue Candle"},{"floor":32,"key":"Onion Ring"},{"floor":32,"key":"Bottled Flame"},{"floor":42,"key":"Vajra"},{"floor":42,"key":"Smiling Mask"}],"event_choices":[{"damage_healed":7,"gold_gain":0,"player_choice":"Full Heal","damage_taken":0,"max_hp_gain":0,"max_hp_loss":0,"event_name":"Wheel of Change","floor":3,"gold_loss":0},{"damage_healed":0,"gold_gain":150,"player_choice":"AGREE","damage_taken":0,"max_hp_gain":0,"max_hp_loss":0,"event_name":"Liars Game","floor":6,"gold_loss":0,"cards_obtained":["Doubt"]},{"damage_healed":0,"gold_gain":0,"player_choice":"Fought Bandits","damage_taken":0,"max_hp_gain":0,"max_hp_loss":0,"event_name":"Masked Bandits","floor":21,"gold_loss":0}],"is_beta":false,"boss_relics":[{"not_picked":["ReplayTheSpireMod:DimensionalGlitch","Empty Cage"],"picked":"Black Star"},{"not_picked":["Snecko Scales","Coffee Dripper"],"picked":"Fusion Hammer"}],"items_purged_floors":[5,24],"is_endless":false,"potions_floor_spawned":[7,10,13,15,21,26,30,31,35,37,40],"killed_by":"Gensokyo:Marisa","ascension_level":16}}