{"host":"d52brwsy6af8zvaq","time":1613254480,"event":{"mods":["AchievementEnabler","BaseMod","Bestiary","Highlight Path","Minty Spire (QoL Compilation)","Quick Restart","Relic Stats","ojb\u0027s Better Paths Mod"],"gold_per_floor":[110,125,125,141,159,190,190,190,190,225,240,240,275,286,286,361,361,361,198,198,198,198,198,198,198,198,198,198,198,198,146,146,146,146,146,146,146,146,146,146,146,46,46,46,46,46,46,46,46,46,46,46],"floor_reached":51,"language":"ENG","playtime":3059,"items_purged":["Strike_B","Mayhem+1"],"score":1414,"play_id":"a8d9fc79-7d9b-4784-8a52-47b5d1fb9d81","local_time":"20210213151440","is_ascension_mode":true,"campfire_choices":[{"floor":8.0,"key":"REST"},{"floor":12.0,"key":"REST"},{"floor":15.0,"key":"REST"},{"floor":24.0,"key":"REST"},{"floor":29.0,"key":"REST"},{"data":"Defragment","floor":32.0,"key":"SMITH"},{"floor":41.0,"key":"REST"},{"floor":45.0,"key":"RECALL"},{"data":"Hologram","floor":47.0,"key":"SMITH"},{"floor":49.0,"key":"REST"}],"circlet_count":0,"master_deck":["AscendersBane","Defend_B","Defend_B","Zap","Dualcast","Lockon","Defragment+1","Hello World","Streamline","Hologram+1","Doom and Gloom","Leap","Cold Snap","Electrodynamics+1","Leap","Echo Form+1","Static Discharge+1","Undo","Steam Power","Fission","Go for the Eyes+1","Compile Driver+1","Defragment+1","Heatsinks+1","Echo Form+1","Force Field","Steam+1","Undo","Fusion+1","Chill+1","Reinforced Body+1"],"relics":["Cracked Core","MealTicket","Frozen Egg 2","Peace Pipe","Pocketwatch","Ectoplasm","Blood Vial","CeramicFish","StoneCalendar","Molten Egg 2","Pear","Snecko Eye","Mummified Hand"],"acts_visited":["Exordium","TheCity","TheBeyond"],"potions_floor_usage":[51],"damage_taken":[{"damage":3.0,"enemies":"Small Slimes","floor":1.0,"turns":3.0},{"damage":0.0,"enemies":"Cultist","floor":2.0,"turns":3.0},{"damage":3.0,"enemies":"2 Louse","floor":4.0,"turns":3.0},{"damage":12.0,"enemies":"Lots of Slimes","floor":5.0,"turns":4.0},{"damage":44.0,"enemies":"3 Sentries","floor":6.0,"turns":9.0},{"damage":8.0,"enemies":"Gremlin Nob","floor":10.0,"turns":3.0},{"damage":3.0,"enemies":"3 Louse","floor":11.0,"turns":3.0},{"damage":21.0,"enemies":"3 Sentries","floor":13.0,"turns":5.0},{"damage":5.0,"enemies":"Large Slime","floor":14.0,"turns":5.0},{"damage":9.0,"enemies":"Slime Boss","floor":16.0,"turns":5.0},{"damage":0.0,"enemies":"3 Byrds","floor":18.0,"turns":3.0},{"damage":0.0,"enemies":"Spheric Guardian","floor":21.0,"turns":3.0},{"damage":0.0,"enemies":"Snecko","floor":22.0,"turns":5.0},{"damage":34.0,"enemies":"Slavers","floor":23.0,"turns":3.0},{"damage":56.0,"enemies":"Gremlin Leader","floor":25.0,"turns":7.0},{"damage":26.0,"enemies":"Slavers","floor":27.0,"turns":4.0},{"damage":0.0,"enemies":"Chosen and Byrds","floor":28.0,"turns":4.0},{"damage":5.0,"enemies":"Champ","floor":33.0,"turns":12.0},{"damage":10.0,"enemies":"Orb Walker","floor":35.0,"turns":3.0},{"damage":3.0,"enemies":"3 Darklings","floor":36.0,"turns":3.0},{"damage":5.0,"enemies":"Transient","floor":37.0,"turns":6.0},{"damage":22.0,"enemies":"Sphere and 2 Shapes","floor":38.0,"turns":4.0},{"damage":38.0,"enemies":"Nemesis","floor":40.0,"turns":7.0},{"damage":0.0,"enemies":"Maw","floor":46.0,"turns":5.0},{"damage":0.0,"enemies":"Transient","floor":48.0,"turns":6.0},{"damage":16.0,"enemies":"Donu and Deca","floor":50.0,"turns":14.0},{"damage":57,"enemies":"Awakened One","floor":51,"turns":2}],"seed_played":"1618099003601808020","potions_obtained":[{"floor":4.0,"key":"GamblersBrew"},{"floor":10.0,"key":"Swift Potion"},{"floor":11.0,"key":"FairyPotion"},{"floor":16.0,"key":"FocusPotion"},{"floor":18.0,"key":"PowerPotion"},{"floor":36.0,"key":"FocusPotion"},{"floor":40.0,"key":"GamblersBrew"},{"floor":48.0,"key":"DuplicationPotion"}],"is_trial":false,"path_per_floor":["M","M","?","M","M","E","?","R","T","E","M","R","E","M","R","B",null,"M","$","?","M","M","E","R","E","T","E","M","R","?","?","R","B",null,"M","M","M","M","?","E","R","$","T","?","R","M","R","M","R","B","B"],"character_chosen":"DEFECT","items_purchased":["Static Discharge+1"],"campfire_rested":7,"item_purchase_floors":[19],"current_hp_per_floor":[61,61,61,58,46,2,2,23,23,15,12,33,12,7,28,19,58,58,71,71,71,71,37,58,4,4,1,3,24,24,34,34,31,69,61,60,57,37,37,1,25,40,40,40,40,42,42,44,68,54,0,0],"gold":46,"neow_bonus":"TRANSFORM_CARD","is_daily":false,"chose_seed":false,"campfire_upgraded":2,"win_rate":0.0,"timestamp":1613254480,"path_taken":["M","M","?","?","M","E","?","R","T","E","M","R","E","?","R","BOSS","M","$","?","M","M","E","R","E","T","E","M","R","?","?","R","BOSS","M","?","M","M","?","E","R","$","T","?","R","M","R","?","R","BOSS","BOSS"],"items_purchased_type":["Card"],"build_version":"2020-12-22","purchased_purges":2,"victory":false,"max_hp_per_floor":[71,71,71,71,71,71,71,71,71,71,71,71,71,71,71,71,71,71,71,71,71,71,71,71,71,71,71,71,71,71,81,81,81,81,81,81,81,81,81,81,81,81,81,81,81,81,81,81,81,81,81,81],"relic_stats":{"Peace Pipe":0,"Blood Vial":26,"counters":[27,134],"Mummified Hand":[65],"CeramicFish":0,"Snecko Eye":[95,93,93,88],"MealTicket":28,"StoneCalendar":[169],"Ectoplasm":500,"obtain_stats":[{"Pear":31,"CeramicFish":25,"StoneCalendar":26,"Frozen Egg 2":9,"Peace Pipe":10,"Blood Vial":23,"Mummified Hand":40,"Snecko Eye":34,"MealTicket":6,"Molten Egg 2":27,"Ectoplasm":17,"Cracked Core":0,"Pocketwatch":13},{"Pear":17,"CeramicFish":15,"StoneCalendar":15,"Frozen Egg 2":5,"Peace Pipe":6,"Blood Vial":14,"Mummified Hand":23,"Snecko Eye":18,"MealTicket":5,"Molten Egg 2":16,"Ectoplasm":10,"Cracked Core":0,"Pocketwatch":8},{"Pear":72,"CeramicFish":64,"StoneCalendar":64,"Frozen Egg 2":22,"Peace Pipe":25,"Blood Vial":57,"Mummified Hand":107,"Snecko Eye":84,"MealTicket":22,"Molten Egg 2":68,"Ectoplasm":43,"Cracked Core":0,"Pocketwatch":33}],"Pocketwatch":[68]},"card_choices":[{"not_picked":["Beam Cell","Reinforced Body"],"picked":"Sweeping Beam","floor":1.0},{"not_picked":["Redo","Lockon"],"picked":"Defragment","floor":2.0},{"not_picked":["Conserve Battery","Machine Learning"],"picked":"Streamline","floor":4.0},{"not_picked":["Skim","Streamline","Hologram"],"picked":"SKIP","floor":5.0},{"not_picked":["Skim","Streamline"],"picked":"Hologram","floor":5.0},{"not_picked":["Reinforced Body","Gash"],"picked":"Doom and Gloom","floor":6.0},{"not_picked":["Go for the Eyes","Gash"],"picked":"Leap","floor":10.0},{"not_picked":["Gash","Steam"],"picked":"Cold Snap","floor":11.0},{"not_picked":["Cold Snap","Chill"],"picked":"Electrodynamics+1","floor":13.0},{"not_picked":["Compile Driver","Coolheaded"],"picked":"Leap","floor":14.0},{"not_picked":["Electrodynamics+1","Biased Cognition+1"],"picked":"Echo Form+1","floor":16.0},{"not_picked":["Rebound","Cold Snap","Streamline"],"picked":"SKIP","floor":18.0},{"not_picked":["Beam Cell+1","Stack"],"picked":"Undo","floor":21.0},{"not_picked":["Rebound+1","Leap"],"picked":"Steam Power","floor":22.0},{"not_picked":["Lockon","Ball Lightning"],"picked":"Fission","floor":23.0},{"not_picked":["Scrape","Streamline","Steam"],"picked":"SKIP","floor":25.0},{"not_picked":["Storm+1","Genetic Algorithm"],"picked":"Go for the Eyes+1","floor":27.0},{"not_picked":["Coolheaded","Doom and Gloom+1"],"picked":"Compile Driver+1","floor":28.0},{"not_picked":["Meteor Strike+1","All For One+1"],"picked":"Echo Form+1","floor":33.0},{"not_picked":["Stack","Gash+1"],"picked":"Force Field","floor":35.0},{"not_picked":["Rebound+1","Redo"],"picked":"Steam+1","floor":36.0},{"not_picked":["Gash+1","Fusion","Conserve Battery"],"picked":"SKIP","floor":37.0},{"not_picked":["Rip and Tear+1","Beam Cell+1"],"picked":"Undo","floor":38.0},{"not_picked":["Dark Shackles","Panacea"],"picked":"Mayhem+1","floor":39.0},{"not_picked":["Gash+1","Leap"],"picked":"Fusion+1","floor":40.0},{"not_picked":["Conserve Battery","Go for the Eyes+1"],"picked":"Chill+1","floor":46.0},{"not_picked":["Hologram","Barrage+1"],"picked":"Reinforced Body+1","floor":48.0}],"player_experience":2257412,"relics_obtained":[{"floor":6.0,"key":"MealTicket"},{"floor":9.0,"key":"Frozen Egg 2"},{"floor":10.0,"key":"Peace Pipe"},{"floor":13.0,"key":"Pocketwatch"},{"floor":23.0,"key":"Blood Vial"},{"floor":25.0,"key":"CeramicFish"},{"floor":26.0,"key":"StoneCalendar"},{"floor":27.0,"key":"Molten Egg 2"},{"floor":40.0,"key":"Mummified Hand"}],"event_choices":[{"damage_healed":0.0,"max_hp_gain":0.0,"max_hp_loss":0.0,"gold_gain":0.0,"cards_transformed":["Strike_B"],"event_name":"Transmorgrifier","player_choice":"Transformed","floor":3.0,"gold_loss":0.0,"damage_taken":0.0,"cards_obtained":["Hello World"]},{"cards_removed":["Strike_B"],"damage_healed":0.0,"max_hp_gain":0.0,"max_hp_loss":0.0,"gold_gain":0.0,"event_name":"Bonfire Elementals","player_choice":"Offered Basic","floor":7.0,"gold_loss":0.0,"damage_taken":0.0},{"damage_healed":0.0,"max_hp_gain":0.0,"max_hp_loss":0.0,"gold_gain":0.0,"event_name":"Ghosts","player_choice":"Ignored","floor":20.0,"gold_loss":0.0,"damage_taken":0.0},{"damage_healed":0.0,"max_hp_gain":0.0,"max_hp_loss":0.0,"gold_gain":0.0,"cards_transformed":["Defend_B","Defend_B"],"event_name":"Drug Dealer","player_choice":"Became Test Subject","floor":30.0,"gold_loss":0.0,"damage_taken":0.0,"cards_obtained":["Defragment","Heatsinks"]},{"damage_healed":0.0,"max_hp_gain":0.0,"max_hp_loss":0.0,"gold_gain":0.0,"event_name":"WeMeetAgain","player_choice":"Paid Gold","floor":31.0,"gold_loss":52.0,"damage_taken":0.0,"relics_obtained":["Pear"]},{"damage_healed":0.0,"max_hp_gain":0.0,"max_hp_loss":0.0,"gold_gain":0.0,"event_name":"SensoryStone","player_choice":"Memory 1","floor":39.0,"gold_loss":0.0,"damage_taken":0.0},{"cards_removed":["Sweeping Beam"],"damage_healed":0.0,"max_hp_gain":0.0,"max_hp_loss":0.0,"gold_gain":0.0,"event_name":"Wheel of Change","player_choice":"Card Removal","floor":44.0,"gold_loss":0.0,"damage_taken":0.0}],"is_beta":false,"boss_relics":[{"not_picked":["Busted Crown","Pandora\u0027s Box"],"picked":"Ectoplasm"},{"not_picked":["Runic Pyramid","Runic Dome"],"picked":"Snecko Eye"}],"items_purged_floors":[19,42],"is_endless":false,"potions_floor_spawned":[4,10,11,16,18,22,36,40,48],"killed_by":"Awakened One","ascension_level":20}}