{"host":"sc0o2qwpf9j16a4i","time":1613214226,"event":{"mods":["AchievementEnabler","BaseMod","BetterRewards","Block Reminder","Colored Map","Colored Powertips","Custom Start","Highlight Path","Minty Spire (QoL Compilation)","Relic Stats"],"gold_per_floor":[118,118,0,17,17,61,61,82,158,198,216,254,254,273,273,368,368,384,409,324,324,20,20,20],"floor_reached":23,"language":"ENG","playtime":599,"items_purged":["Strike_R","Strike_R"],"score":468,"play_id":"489385de-4f64-44c0-9422-1dc154b812cf","local_time":"20210213130346","is_ascension_mode":true,"campfire_choices":[{"data":"Uppercut","floor":7,"key":"SMITH"},{"data":"Flame Barrier","floor":13,"key":"SMITH"},{"data":"Metallicize","floor":15,"key":"SMITH"}],"circlet_count":0,"master_deck":["AscendersBane","Strike_R","Strike_R","Strike_R","Defend_R","Defend_R+1","Defend_R","Defend_R+1","Bash","Uppercut+1","Metallicize+1","Flame Barrier+1","Thunderclap","Twin Strike","Uppercut","Headbutt","Sword Boomerang","Impervious","Shrug It Off","Battle Trance","Impervious"],"relics":["Burning Blood","NeowsBlessing","War Paint","Golden Idol","Art of War","Pantograph","Pen Nib","Incense Burner","Philosopher\u0027s Stone","Juzu Bracelet","Enchiridion","DollysMirror"],"acts_visited":["Exordium","TheCity"],"potions_floor_usage":[8,23],"damage_taken":[{"damage":0,"enemies":"Cultist","floor":1,"turns":1},{"damage":0,"enemies":"Small Slimes","floor":4,"turns":1},{"damage":0,"enemies":"Gremlin Nob","floor":6,"turns":1},{"damage":8,"enemies":"2 Louse","floor":8,"turns":2},{"damage":10,"enemies":"Lagavulin","floor":10,"turns":9},{"damage":0,"enemies":"Exordium Wildlife","floor":11,"turns":4},{"damage":28,"enemies":"3 Sentries","floor":12,"turns":9},{"damage":2,"enemies":"2 Fungi Beasts","floor":14,"turns":4},{"damage":31,"enemies":"Hexaghost","floor":16,"turns":12},{"damage":10,"enemies":"Chosen","floor":18,"turns":5},{"damage":3,"enemies":"Spheric Guardian","floor":19,"turns":4},{"damage":44,"enemies":"Book of Stabbing","floor":23,"turns":4}],"seed_played":"945269034751807113","potions_obtained":[{"floor":6,"key":"Explosive Potion"},{"floor":12,"key":"FearPotion"},{"floor":14,"key":"Energy Potion"}],"is_trial":false,"path_per_floor":["M","?","$","M","?","E","R","M","T","E","M","E","R","M","R","B",null,"M","M","?","?","$","E"],"character_chosen":"IRONCLAD","items_purchased":["Metallicize","Battle Trance","DollysMirror"],"campfire_rested":0,"item_purchase_floors":[3,22,22],"current_hp_per_floor":[74,56,56,62,36,42,42,40,40,36,42,20,20,24,24,24,62,58,61,61,40,40,0,0],"gold":20,"neow_bonus":"THREE_ENEMY_KILL","is_daily":false,"chose_seed":false,"campfire_upgraded":3,"win_rate":0.0,"timestamp":1613214226,"path_taken":["M","?","$","M","?","E","R","M","T","E","M","E","R","M","R","BOSS","M","M","?","?","$","E"],"items_purchased_type":["Card","Card","Relic"],"build_version":"2020-12-22","purchased_purges":2,"victory":false,"max_hp_per_floor":[75,75,75,75,75,75,75,75,75,75,75,75,75,75,75,75,75,75,75,75,75,75,75,75],"relic_stats":{"counters":[12,56],"Golden Idol":64,"Pantograph":25,"Pen Nib":[6],"Art of War":[4],"Juzu Bracelet":0,"War Paint":["Defend_R","Defend_R"],"obtain_stats":[{"NeowsBlessing":0,"Golden Idol":5,"DollysMirror":22,"Pantograph":9,"Enchiridion":21,"Philosopher\u0027s Stone":17,"Pen Nib":10,"Art of War":6,"Incense Burner":12,"Juzu Bracelet":20,"War Paint":2,"Burning Blood":0},{"NeowsBlessing":0,"Golden Idol":2,"DollysMirror":11,"Pantograph":4,"Enchiridion":11,"Philosopher\u0027s Stone":9,"Pen Nib":5,"Art of War":3,"Incense Burner":7,"Juzu Bracelet":11,"War Paint":1,"Burning Blood":0},{"NeowsBlessing":0,"Golden Idol":2,"DollysMirror":52,"Pantograph":5,"Enchiridion":52,"Philosopher\u0027s Stone":43,"Pen Nib":14,"Art of War":3,"Incense Burner":27,"Juzu Bracelet":52,"War Paint":1,"Burning Blood":0}],"Burning Blood":66},"card_choices":[{"not_picked":["Iron Wave","True Grit"],"picked":"Uppercut","floor":1},{"not_picked":["Rage","Reckless Charge"],"picked":"Flame Barrier","floor":4},{"not_picked":["Burning Pact","Intimidate"],"picked":"Thunderclap","floor":6},{"not_picked":["Pommel Strike","Armaments"],"picked":"Twin Strike","floor":8},{"not_picked":["Warcry","Cleave"],"picked":"Uppercut","floor":10},{"not_picked":["Rampage","Flex"],"picked":"Headbutt","floor":11},{"not_picked":["Rupture","Limit Break","Headbutt"],"picked":"SKIP","floor":12},{"not_picked":["Body Slam","True Grit"],"picked":"Sword Boomerang","floor":14},{"not_picked":["Barricade","Exhume"],"picked":"Impervious","floor":16},{"not_picked":["Havoc","Wild Strike","Perfected Strike"],"picked":"SKIP","floor":18},{"not_picked":["Hemokinesis+1","Iron Wave"],"picked":"Shrug It Off","floor":19}],"player_experience":1390413,"relics_obtained":[{"floor":6,"key":"Art of War"},{"floor":9,"key":"Pantograph"},{"floor":10,"key":"Pen Nib"},{"floor":12,"key":"Incense Burner"},{"floor":21,"key":"Enchiridion"}],"event_choices":[{"damage_healed":0,"gold_gain":0,"player_choice":"Success","damage_taken":18,"relics_obtained":["War Paint"],"max_hp_gain":0,"max_hp_loss":0,"event_name":"Scrap Ooze","floor":2,"gold_loss":0},{"damage_healed":0,"gold_gain":0,"player_choice":"Take Damage","damage_taken":26,"relics_obtained":["Golden Idol"],"max_hp_gain":0,"max_hp_loss":0,"event_name":"Golden Idol","floor":5,"gold_loss":0},{"damage_healed":0,"gold_gain":0,"player_choice":"Obtained Relic","damage_taken":0,"relics_obtained":["Juzu Bracelet"],"max_hp_gain":0,"max_hp_loss":0,"event_name":"Addict","floor":20,"gold_loss":85},{"damage_healed":0,"gold_gain":0,"player_choice":"Obtained Book","damage_taken":21,"max_hp_gain":0,"max_hp_loss":0,"event_name":"Cursed Tome","floor":21,"gold_loss":0}],"is_beta":false,"boss_relics":[{"not_picked":["Black Star","Coffee Dripper"],"picked":"Philosopher\u0027s Stone"}],"items_purged_floors":[3,22],"is_endless":false,"potions_floor_spawned":[6,12,14,18],"killed_by":"Book of Stabbing","ascension_level":20}}