{"host":"q393yg6r5o2yq652","time":1613230034,"event":{"mods":["BaseMod","Colored Map","Minty Spire (QoL Compilation)","Relic Stats","everything is the same but u backflip on backflip"],"gold_per_floor":[111,111,34,58,74,74,113,113,162,185,208,233,273,286,286,417,417,441,441,460,157,171,171,204,229,229,229,242,87,130,130,130,259,322,337,351,372,372,705,705,718,718,787,814,700,729,419,450,450,450,450,450,3,37,37],"floor_reached":56,"language":"ENG","playtime":3092,"items_purged":["Coolheaded"],"score":1491,"play_id":"8b4a592f-f2f9-4a63-9fc8-dd8ff5850deb","local_time":"20210213102714","daily_mods":["SealedDeck","Heirloom"],"is_ascension_mode":true,"campfire_choices":[{"data":"Defragment","floor":6.0,"key":"SMITH"},{"data":"Tempest","floor":8.0,"key":"SMITH"},{"data":"Turbo","floor":15,"key":"SMITH"},{"data":"Storm","floor":23,"key":"SMITH"},{"data":"Defragment","floor":32,"key":"SMITH"},{"data":"Biased Cognition","floor":40,"key":"SMITH"},{"data":"Seek","floor":42,"key":"SMITH"},{"floor":49,"key":"RECALL"},{"data":"Amplify","floor":52,"key":"SMITH"}],"circlet_count":0,"master_deck":["Turbo+1","Auto Shields","Steam Power","Conserve Battery","Storm","Storm+1","Hologram","Hologram","Tempest+1","Defragment+1","Rebound","Ball Lightning","Conserve Battery","Self Repair","Thunder Strike","Biased Cognition+1","Capacitor","Heatsinks","Static Discharge+1","Lockon","Loop","Core Surge","Coolheaded+1","Ghostly","Ghostly","Ghostly","Ghostly","Ghostly","White Noise+1","Defragment+1","Capacitor+1","Amplify+1","Storm+1","Chaos+1","Barrage+1","Seek+1","Double Energy","Defragment","Buffer","Turbo"],"relics":["Cracked Core","CaptainsWheel","Bag of Marbles","Toy Ornithopter","Meat on the Bone","Philosopher\u0027s Stone","Oddly Smooth Stone","Omamori","Nunchaku","Tiny House","Bottled Lightning","Ancient Tea Set","PreservedInsect","Strange Spoon","Potion Belt","Ice Cream","Bag of Preparation","Mango","Orichalcum"],"acts_visited":["Exordium","TheCity","TheBeyond","TheEnding"],"potions_floor_usage":[24,55,55,55,55],"damage_taken":[{"damage":0.0,"enemies":"Small Slimes","floor":1.0,"turns":9.0},{"damage":0.0,"enemies":"Jaw Worm","floor":4.0,"turns":2.0},{"damage":5.0,"enemies":"2 Louse","floor":5.0,"turns":2.0},{"damage":4.0,"enemies":"3 Sentries","floor":7.0,"turns":5.0},{"damage":6.0,"enemies":"Large Slime","floor":10.0,"turns":3.0},{"damage":10.0,"enemies":"Exordium Wildlife","floor":11.0,"turns":2.0},{"damage":5.0,"enemies":"Blue Slaver","floor":12.0,"turns":2.0},{"damage":0,"enemies":"Gremlin Nob","floor":13,"turns":2},{"damage":2,"enemies":"Red Slaver","floor":14,"turns":2},{"damage":0,"enemies":"Slime Boss","floor":16,"turns":5},{"damage":12,"enemies":"2 Thieves","floor":18,"turns":3},{"damage":3,"enemies":"Spheric Guardian","floor":20,"turns":3},{"damage":4,"enemies":"Chosen and Byrds","floor":22,"turns":3},{"damage":23,"enemies":"Book of Stabbing","floor":24,"turns":2},{"damage":0,"enemies":"Snecko","floor":25,"turns":3},{"damage":0,"enemies":"3 Cultists","floor":28,"turns":3},{"damage":5,"enemies":"Gremlin Leader","floor":30,"turns":4},{"damage":0,"enemies":"Automaton","floor":33,"turns":6},{"damage":16,"enemies":"Orb Walker","floor":35,"turns":2},{"damage":11,"enemies":"3 Shapes","floor":36,"turns":3},{"damage":1,"enemies":"Sphere and 2 Shapes","floor":37,"turns":3},{"damage":24,"enemies":"4 Shapes","floor":41,"turns":4},{"damage":1,"enemies":"Nemesis","floor":44,"turns":4},{"damage":10,"enemies":"Giant Head","floor":46,"turns":4},{"damage":10,"enemies":"Reptomancer","floor":48,"turns":3},{"damage":24,"enemies":"Donu and Deca","floor":50,"turns":5},{"damage":2,"enemies":"Shield and Spear","floor":54,"turns":2},{"damage":12,"enemies":"The Heart","floor":55,"turns":4}],"seed_played":"-550435179035099256","potions_obtained":[{"floor":4.0,"key":"Weak Potion"},{"floor":5.0,"key":"PotionOfCapacity"},{"floor":7.0,"key":"FocusPotion"},{"floor":10.0,"key":"AttackPotion"},{"floor":14,"key":"DuplicationPotion"},{"floor":20,"key":"FocusPotion"},{"floor":24,"key":"PotionOfCapacity"},{"floor":36,"key":"DistilledChaos"},{"floor":46,"key":"PowerPotion"},{"floor":54,"key":"Explosive Potion"}],"is_trial":true,"path_per_floor":["M","?","$","M","M","R","E","R","T","M","M","M","E","M","R","B",null,"M","?","M","$","M","R","E","M","T","?","M","$","E","?","R","B",null,"M","M","M","?","?","R","M","R","T","E","$","E","$","E","R","B",null,"R","$","E","B",null],"character_chosen":"DEFECT","items_purchased":["Defragment","Static Discharge","Lockon","Oddly Smooth Stone","Defragment","Double Energy","Defragment","Strange Spoon","Potion Belt","Bag of Preparation","Mango"],"campfire_rested":0,"item_purchase_floors":[3,21,21,21,29,45,45,47,47,53,53],"current_hp_per_floor":[75,57,57,57,52,52,48,48,48,47,37,32,39,56,56,63,75,63,63,67,67,70,70,59,66,66,37,37,37,32,32,32,37,42,26,27,26,37,37,37,25,25,25,31,31,40,40,30,30,18,42,42,56,54,56],"gold":37,"neow_bonus":"","is_daily":false,"chose_seed":false,"campfire_upgraded":8,"win_rate":0.0,"timestamp":1613230034,"path_taken":["M","?","$","M","M","R","E","R","T","M","M","M","E","M","R","BOSS","M","?","M","$","M","R","E","M","T","?","M","$","E","?","R","BOSS","M","M","M","?","?","R","M","R","T","E","?","E","$","E","R","BOSS","R","$","E","BOSS"],"items_purchased_type":["Card","Card","Card","Relic","Card","Card","Card","Relic","Relic","Relic","Relic"],"build_version":"2020-12-22","purchased_purges":1,"victory":true,"max_hp_per_floor":[75,75,75,75,75,75,75,75,75,75,75,75,75,75,75,75,75,75,75,75,75,75,75,75,75,75,37,37,37,37,37,37,37,42,42,42,42,42,42,42,42,42,42,42,42,42,42,42,42,42,42,42,56,56,56],"relic_stats":{"Strange Spoon":[10],"Nunchaku":[2],"counters":[28,95],"PreservedInsect":126,"Bag of Preparation":[4],"Orichalcum":[12],"obtain_stats":[{"Potion Belt":47,"Ice Cream":48,"Tiny House":34,"Golden Idol":2,"Oddly Smooth Stone":21,"Mango":53,"PreservedInsect":46,"Omamori":24,"Bag of Preparation":53,"Orichalcum":54,"Ancient Tea Set":44,"Strange Spoon":47,"CaptainsWheel":0,"Nunchaku":30,"Philosopher\u0027s Stone":17,"Bag of Marbles":7,"Bottled Lightning":43,"Cracked Core":0,"Toy Ornithopter":9,"Meat on the Bone":13},{"Potion Belt":24,"Ice Cream":25,"Tiny House":18,"Golden Idol":1,"Oddly Smooth Stone":12,"Mango":26,"PreservedInsect":24,"Omamori":14,"Bag of Preparation":26,"Orichalcum":27,"Ancient Tea Set":23,"Strange Spoon":24,"CaptainsWheel":0,"Nunchaku":17,"Philosopher\u0027s Stone":10,"Bag of Marbles":4,"Bottled Lightning":22,"Cracked Core":0,"Toy Ornithopter":4,"Meat on the Bone":8},{"Potion Belt":81,"Ice Cream":84,"Tiny House":61,"Golden Idol":9,"Oddly Smooth Stone":40,"Mango":89,"PreservedInsect":81,"Omamori":45,"Bag of Preparation":89,"Orichalcum":91,"Ancient Tea Set":77,"Strange Spoon":81,"CaptainsWheel":0,"Nunchaku":55,"Philosopher\u0027s Stone":34,"Bag of Marbles":18,"Bottled Lightning":73,"Cracked Core":0,"Toy Ornithopter":18,"Meat on the Bone":27}],"Toy Ornithopter":19,"Meat on the Bone":60},"card_choices":[{"not_picked":["Leap","Steam"],"picked":"Tempest","floor":1.0},{"not_picked":["Gash","Hologram"],"picked":"Rebound","floor":4.0},{"not_picked":["Stack","Conserve Battery"],"picked":"Ball Lightning","floor":5.0},{"not_picked":["Steam","Streamline","Consume"],"picked":"SKIP","floor":7.0},{"not_picked":["Glacier","Leap"],"picked":"Conserve Battery","floor":10.0},{"not_picked":["Rebound","Skim"],"picked":"Self Repair","floor":11.0},{"not_picked":["Hologram","Steam","FTL"],"picked":"SKIP","floor":12.0},{"not_picked":["Turbo","Force Field"],"picked":"Thunder Strike","floor":13},{"not_picked":["Rebound","FTL","Sweeping Beam"],"picked":"SKIP","floor":14},{"not_picked":["Core Surge","All For One"],"picked":"Biased Cognition","floor":16},{"not_picked":["Rebound","Turbo","Compile Driver+1"],"picked":"SKIP","floor":18},{"not_picked":["Lockon","Hologram"],"picked":"Heatsinks","floor":20},{"not_picked":["Capacitor+1","Genetic Algorithm+1"],"picked":"Loop","floor":22},{"not_picked":["Rip and Tear","Gash+1"],"picked":"Core Surge","floor":24},{"not_picked":["Rebound","Barrage"],"picked":"Coolheaded+1","floor":25},{"not_picked":["Sunder","Ball Lightning"],"picked":"White Noise+1","floor":28},{"not_picked":["Hello World+1","Skim"],"picked":"Capacitor+1","floor":30},{"not_picked":["Creative AI","Fission"],"picked":"Amplify","floor":33},{"not_picked":["Steam","Gash+1"],"picked":"Storm+1","floor":34},{"not_picked":["Aggregate+1","Recycle+1","Gash"],"picked":"SKIP","floor":35},{"not_picked":["Leap+1","Streamline+1"],"picked":"Chaos+1","floor":36},{"not_picked":["Sunder+1","Doom and Gloom"],"picked":"Barrage+1","floor":37},{"not_picked":["Reinforced Body+1","Gash+1"],"picked":"Seek","floor":41},{"not_picked":["Sunder+1","Ball Lightning+1","Redo"],"picked":"SKIP","floor":44},{"not_picked":["Fusion","Melter+1","Blizzard"],"picked":"SKIP","floor":46},{"not_picked":["Conserve Battery+1","Redo"],"picked":"Buffer","floor":48},{"not_picked":["Steam","Blizzard"],"picked":"Turbo","floor":54}],"player_experience":307605,"relics_obtained":[{"floor":7.0,"key":"Bag of Marbles"},{"floor":9.0,"key":"Toy Ornithopter"},{"floor":13,"key":"Meat on the Bone"},{"floor":24,"key":"Omamori"},{"floor":30,"key":"Nunchaku"},{"floor":43,"key":"Bottled Lightning"},{"floor":44,"key":"Ancient Tea Set"},{"floor":46,"key":"PreservedInsect"},{"floor":48,"key":"Ice Cream"},{"floor":54,"key":"Orichalcum"}],"event_choices":[{"damage_healed":0.0,"max_hp_gain":0.0,"max_hp_loss":0.0,"gold_gain":0.0,"event_name":"Golden Idol","player_choice":"Take Damage","floor":2.0,"gold_loss":0.0,"damage_taken":18.0,"relics_obtained":["Golden Idol"]},{"damage_healed":0,"gold_gain":0,"player_choice":"Read","damage_taken":0,"max_hp_gain":0,"max_hp_loss":0,"event_name":"The Library","floor":19,"gold_loss":0,"cards_obtained":["Capacitor"]},{"damage_healed":0,"gold_gain":0,"player_choice":"Became a Ghost","damage_taken":0,"max_hp_gain":0,"max_hp_loss":38,"event_name":"Ghosts","floor":27,"gold_loss":0,"cards_obtained":["Ghostly","Ghostly","Ghostly","Ghostly","Ghostly"]},{"cards_removed":["Coolheaded"],"damage_healed":0,"gold_gain":0,"player_choice":"Elegance","damage_taken":0,"max_hp_gain":0,"max_hp_loss":0,"event_name":"Back to Basics","floor":31,"gold_loss":0},{"damage_healed":11,"gold_gain":0,"player_choice":"Writhe","damage_taken":0,"max_hp_gain":0,"max_hp_loss":0,"event_name":"Winding Halls","floor":38,"gold_loss":0,"cards_obtained":["Writhe"]},{"damage_healed":0,"gold_gain":333,"player_choice":"Gave Idol","damage_taken":0,"max_hp_gain":0,"max_hp_loss":0,"event_name":"The Moai Head","floor":39,"relics_lost":["Golden Idol"],"gold_loss":0}],"is_beta":false,"boss_relics":[{"not_picked":["Cursed Key","Runic Pyramid"],"picked":"Philosopher\u0027s Stone"},{"not_picked":["Inserter","Snecko Eye"],"picked":"Tiny House"}],"items_purged_floors":[29],"is_endless":false,"potions_floor_spawned":[4,5,7,10,14,20,22,24,25,36,46,54],"ascension_level":1}}