{"host":"lly094a91h6n5nv5","time":1613197823,"event":{"mods":["AchievementEnabler","BaseMod","Block Reminder","Colored Map","Minty Spire (QoL Compilation)"],"gold_per_floor":[117,40,40,54,71,96,96,128,151,151,169,179,212,212,212,313,313,329,329,79,96,116,141,141,141,141],"floor_reached":25,"language":"ENG","playtime":2086,"items_purged":[],"score":442,"play_id":"8fb5b25a-ee81-4361-bcd5-2cece9427f56","local_time":"20210213003023","is_ascension_mode":true,"campfire_choices":[{"data":"LikeWater","floor":7.0,"key":"SMITH"},{"data":"Omniscience","floor":10.0,"key":"SMITH"},{"data":"LikeWater","floor":15.0,"key":"SMITH"},{"data":"Eruption","floor":24,"key":"SMITH"}],"circlet_count":0,"master_deck":["Strike_P","Strike_P","Strike_P","Defend_P","Defend_P","Eruption+1","Vigilance","Consecrate","LikeWater+1","LikeWater+1","Omniscience+1","Protect","ClearTheMind","TalkToTheHand","FollowUp","Wallop+1"],"relics":["Philosopher\u0027s Stone","Blood Vial","Regal Pillow","Bag of Preparation","Ancient Tea Set","Runic Pyramid","Sundial","Nunchaku"],"acts_visited":["Exordium","TheCity"],"potions_floor_usage":[25],"damage_taken":[{"damage":0.0,"enemies":"Small Slimes","floor":1.0,"turns":2.0},{"damage":0.0,"enemies":"Cultist","floor":4.0,"turns":2.0},{"damage":8.0,"enemies":"Jaw Worm","floor":5.0,"turns":2.0},{"damage":9.0,"enemies":"Lagavulin","floor":6.0,"turns":9.0},{"damage":5.0,"enemies":"3 Sentries","floor":8.0,"turns":23.0},{"damage":1.0,"enemies":"Large Slime","floor":11.0,"turns":8.0},{"damage":0.0,"enemies":"3 Louse","floor":12.0,"turns":4.0},{"damage":0.0,"enemies":"Lagavulin","floor":13.0,"turns":10.0},{"damage":0.0,"enemies":"The Guardian","floor":16.0,"turns":14.0},{"damage":1.0,"enemies":"Spheric Guardian","floor":18.0,"turns":5.0},{"damage":11.0,"enemies":"3 Byrds","floor":21.0,"turns":5.0},{"damage":11.0,"enemies":"Snake Plant","floor":22.0,"turns":5.0},{"damage":1,"enemies":"Book of Stabbing","floor":23,"turns":7},{"damage":56,"enemies":"Slavers","floor":25,"turns":10}],"seed_played":"580435159400196699","potions_obtained":[{"floor":4.0,"key":"SkillPotion"},{"floor":5.0,"key":"SneckoOil"},{"floor":11.0,"key":"BottledMiracle"},{"floor":23,"key":"GamblersBrew"}],"is_trial":false,"path_per_floor":["M","$","?","M","M","E","R","E","T","R","M","M","E","$","R","B",null,"M","?","$","M","M","E","R","E"],"character_chosen":"WATCHER","items_purchased":["LikeWater","Sundial"],"campfire_rested":0,"item_purchase_floors":[2,20],"current_hp_per_floor":[65,65,65,65,57,48,48,45,45,45,46,48,50,50,50,52,67,68,68,68,59,50,51,51,0,0],"gold":141,"neow_bonus":"BOSS_RELIC","is_daily":false,"chose_seed":false,"campfire_upgraded":4,"win_rate":0.0,"timestamp":1613197823,"path_taken":["M","$","?","M","M","E","R","E","T","R","M","?","E","?","R","BOSS","M","?","$","M","M","E","R","E"],"items_purchased_type":["Card","Relic"],"build_version":"2020-12-22","purchased_purges":0,"victory":false,"max_hp_per_floor":[72,72,72,72,72,72,72,72,72,72,72,72,72,72,72,72,72,72,72,72,72,72,72,72,72,72],"card_choices":[{"not_picked":["EmptyBody","Prostrate"],"picked":"Consecrate","floor":1.0},{"not_picked":["PathToVictory","BowlingBash","Prostrate"],"picked":"SKIP","floor":4.0},{"not_picked":["Consecrate","Protect"],"picked":"LikeWater","floor":5.0},{"not_picked":["Halt","FlyingSleeves"],"picked":"Omniscience","floor":6.0},{"not_picked":["Pray","FearNoEvil"],"picked":"Protect","floor":8.0},{"not_picked":["Prostrate","Pray","FlurryOfBlows"],"picked":"SKIP","floor":11.0},{"not_picked":["BattleHymn","PathToVictory","Crescendo"],"picked":"SKIP","floor":12.0},{"not_picked":["JustLucky","SignatureMove"],"picked":"ClearTheMind","floor":13.0},{"not_picked":["CutThroughFate","InnerPeace","DeceiveReality"],"picked":"SKIP","floor":18.0},{"not_picked":["BowlingBash","SandsOfTime","JustLucky"],"picked":"SKIP","floor":21.0},{"not_picked":["Wireheading","WheelKick","Adaptation"],"picked":"SKIP","floor":22.0},{"not_picked":["ClearTheMind","EmptyBody+1"],"picked":"Wallop+1","floor":23}],"player_experience":210664,"relics_obtained":[{"floor":6.0,"key":"Blood Vial"},{"floor":8.0,"key":"Regal Pillow"},{"floor":9.0,"key":"Bag of Preparation"},{"floor":13.0,"key":"Ancient Tea Set"},{"floor":23,"key":"Nunchaku"}],"event_choices":[{"cards_removed":["Defend_P"],"damage_healed":0.0,"max_hp_gain":0.0,"max_hp_loss":0.0,"gold_gain":0.0,"event_name":"Bonfire Elementals","player_choice":"Offered Basic","floor":3.0,"gold_loss":0.0,"damage_taken":0.0},{"damage_healed":0.0,"max_hp_gain":0.0,"max_hp_loss":0.0,"gold_gain":0.0,"cards_transformed":["Strike_P","Defend_P"],"event_name":"Drug Dealer","player_choice":"Became Test Subject","floor":19.0,"gold_loss":0.0,"damage_taken":0.0,"cards_obtained":["TalkToTheHand","FollowUp"]}],"is_beta":false,"boss_relics":[{"not_picked":["Busted Crown","Snecko Eye"],"picked":"Runic Pyramid"}],"items_purged_floors":[],"is_endless":false,"potions_floor_spawned":[4,5,11,23],"killed_by":"Slavers","ascension_level":8}}