{"host":"p4v0hquynnreu717","time":1613231340,"event":{"mods":["BaseMod","DeckTracker","Googly Eyes","Minty Spire (QoL Compilation)","Quick Restart","StSLib","SuperFastMode"],"gold_per_floor":[114,39,39,39,59,85,96,113,113,129,129,129,129,154,154,229,229,247,263,135,50,64,64,80,110,192,192,192,222,272,307,307,381,381,401,401,47,66,66,101,117,145,145,20,20,35,55,83,83,83,83,83,83,108,108],"floor_reached":56,"language":"ZHS","playtime":1587,"items_purged":["Skewer","Glass Knife","Predator+1"],"score":2493,"play_id":"783f15f5-8870-4187-bef8-4fe13acb059a","local_time":"20210213234900","is_ascension_mode":true,"campfire_choices":[{"data":"Accuracy","floor":11.0,"key":"SMITH"},{"data":"Neutralize","floor":13.0,"key":"SMITH"},{"data":"Predator","floor":15.0,"key":"SMITH"},{"data":"Reflex","floor":23.0,"key":"SMITH"},{"data":"Acrobatics","floor":27.0,"key":"SMITH"},{"data":"Phantasmal Killer","floor":32.0,"key":"SMITH"},{"data":"Blade Dance","floor":45.0,"key":"SMITH"},{"floor":49.0,"key":"RECALL"},{"data":"Accuracy","floor":52.0,"key":"SMITH"}],"circlet_count":0,"master_deck":["AscendersBane","Survivor","Neutralize+1","Accuracy+1","PiercingWail","Storm of Steel","Phantasmal Killer+1","Terror","Adrenaline","Calculated Gamble","Reflex+1","Terror","After Image","Escape Plan","Blade Dance+1","Acrobatics+1","Footwork+1","Blade Dance+1","Doppelganger+1","Accuracy+1","Reflex+1"],"relics":["Ring of the Snake","NeowsBlessing","Mummified Hand","Du-Vu Doll","Pandora\u0027s Box","Omamori","Bag of Preparation","Toxic Egg 2","Strawberry","Ancient Tea Set","HoveringKite","Sundial","Meat on the Bone","PreservedInsect","Shuriken","Vajra","Lizard Tail"],"acts_visited":["Exordium","TheCity","TheBeyond","TheEnding"],"potions_floor_usage":[55],"damage_taken":[{"damage":0.0,"enemies":"2 Louse","floor":1.0,"turns":1.0},{"damage":0.0,"enemies":"Small Slimes","floor":5.0,"turns":1.0},{"damage":0.0,"enemies":"3 Sentries","floor":6.0,"turns":1.0},{"damage":0.0,"enemies":"Cultist","floor":7.0,"turns":3.0},{"damage":1.0,"enemies":"Large Slime","floor":8.0,"turns":8.0},{"damage":5.0,"enemies":"Red Slaver","floor":10.0,"turns":4.0},{"damage":19.0,"enemies":"Gremlin Nob","floor":14.0,"turns":4.0},{"damage":29.0,"enemies":"The Guardian","floor":16.0,"turns":11.0},{"damage":0.0,"enemies":"Chosen","floor":18.0,"turns":3.0},{"damage":0.0,"enemies":"Spheric Guardian","floor":19.0,"turns":3.0},{"damage":0.0,"enemies":"Snecko","floor":22.0,"turns":2.0},{"damage":0.0,"enemies":"3 Cultists","floor":24.0,"turns":3.0},{"damage":0.0,"enemies":"Book of Stabbing","floor":25.0,"turns":2.0},{"damage":0.0,"enemies":"Gremlin Leader","floor":29.0,"turns":1.0},{"damage":0.0,"enemies":"Book of Stabbing","floor":31.0,"turns":2.0},{"damage":0.0,"enemies":"Automaton","floor":33.0,"turns":3.0},{"damage":2.0,"enemies":"3 Shapes","floor":35.0,"turns":2.0},{"damage":0.0,"enemies":"Orb Walker","floor":38.0,"turns":2.0},{"damage":17.0,"enemies":"Nemesis","floor":40.0,"turns":3.0},{"damage":0.0,"enemies":"Writhing Mass","floor":41.0,"turns":2.0},{"damage":0.0,"enemies":"Reptomancer","floor":42.0,"turns":2.0},{"damage":0.0,"enemies":"Jaw Worm Horde","floor":46.0,"turns":2.0},{"damage":0.0,"enemies":"Spire Growth","floor":47.0,"turns":2.0},{"damage":0.0,"enemies":"Nemesis","floor":48.0,"turns":3.0},{"damage":0.0,"enemies":"Awakened One","floor":50.0,"turns":2.0},{"damage":14.0,"enemies":"Shield and Spear","floor":54.0,"turns":2.0},{"damage":44,"enemies":"The Heart","floor":55,"turns":4}],"seed_played":"-4033105701593845006","potions_obtained":[{"floor":5.0,"key":"Explosive Potion"},{"floor":6.0,"key":"Explosive Potion"},{"floor":24.0,"key":"Strength Potion"},{"floor":25.0,"key":"Strength Potion"},{"floor":29.0,"key":"LiquidMemories"},{"floor":40.0,"key":"GamblersBrew"},{"floor":42.0,"key":"AttackPotion"}],"is_trial":false,"path_per_floor":["M","?","?","?","M","E","M","M","T","M","R","?","R","E","R","B",null,"M","M","$","?","M","R","M","E","T","R","?","E","?","E","R","B",null,"M","?","$","M","?","E","M","E","T","$","R","M","M","E","R","B",null,"R","$","E","B",null],"character_chosen":"THE_SILENT","items_purchased":["Acrobatics","Sundial"],"campfire_rested":0,"item_purchase_floors":[20,37],"current_hp_per_floor":[59,59,59,59,59,59,59,58,58,53,53,53,53,34,34,5,51,51,51,51,51,51,51,51,51,51,51,51,58,58,58,58,58,69,67,67,67,67,67,50,50,50,50,50,50,50,50,50,50,50,64,64,64,50,18],"gold":108,"neow_bonus":"THREE_ENEMY_KILL","is_daily":false,"chose_seed":false,"campfire_upgraded":8,"win_rate":0.0,"timestamp":1613231340,"path_taken":["M","?","?","?","M","E","?","M","T","M","R","?","R","E","R","BOSS","M","M","$","?","M","R","M","E","T","R","?","E","?","E","R","BOSS","M","?","$","M","?","E","M","E","T","$","R","M","M","E","R","BOSS","R","$","E","BOSS"],"items_purchased_type":["Card","Relic"],"build_version":"2020-12-22","purchased_purges":3,"victory":true,"max_hp_per_floor":[66,66,66,66,66,66,66,66,66,66,66,66,66,66,66,66,66,66,66,66,66,66,66,66,66,66,66,66,73,73,73,73,73,73,73,73,73,73,69,69,69,69,69,69,69,69,69,69,69,69,69,69,69,69,69],"card_choices":[{"not_picked":["Dodge and Roll","Slice","Dagger Throw"],"picked":"SKIP","floor":1.0},{"not_picked":["Deflect","Dash"],"picked":"Accuracy","floor":5.0},{"not_picked":["Quick Slash","Backflip"],"picked":"Predator","floor":6.0},{"not_picked":["Backflip","Distraction"],"picked":"PiercingWail","floor":7.0},{"not_picked":["Acrobatics","Flechettes"],"picked":"Storm of Steel","floor":8.0},{"not_picked":["Prepared","Flechettes","Dodge and Roll"],"picked":"SKIP","floor":10.0},{"not_picked":["PiercingWail","Dagger Spray","Backstab"],"picked":"SKIP","floor":14.0},{"not_picked":["Corpse Explosion","Grand Finale"],"picked":"Phantasmal Killer","floor":16.0},{"not_picked":["Dodge and Roll","Heel Hook"],"picked":"Escape Plan","floor":18.0},{"not_picked":["Setup","Masterful Stab"],"picked":"Blade Dance","floor":19.0},{"not_picked":["Sucker Punch","Poisoned Stab","Flechettes"],"picked":"SKIP","floor":22.0},{"not_picked":["Deadly Poison","Flying Knee","Outmaneuver"],"picked":"SKIP","floor":24.0},{"not_picked":["Flying Knee","Bane+1"],"picked":"Footwork+1","floor":25.0},{"not_picked":["PiercingWail+1","Cloak And Dagger+1","Setup+1"],"picked":"SKIP","floor":29.0},{"not_picked":["Cloak And Dagger+1","Storm of Steel+1"],"picked":"Blade Dance+1","floor":31.0},{"not_picked":["Storm of Steel+1","Tools of the Trade"],"picked":"Doppelganger+1","floor":33.0},{"not_picked":["Dodge and Roll+1","Deadly Poison+1","Dagger Spray+1"],"picked":"SKIP","floor":35.0},{"not_picked":["Cloak And Dagger+1","Leg Sweep+1","Terror+1"],"picked":"SKIP","floor":38.0},{"not_picked":["Dodge and Roll+1","Poisoned Stab+1","Dagger Spray+1"],"picked":"SKIP","floor":40.0},{"not_picked":["Heel Hook","Flying Knee","Finisher"],"picked":"SKIP","floor":41.0},{"not_picked":["Envenom","PiercingWail+1","Blur+1"],"picked":"SKIP","floor":42.0},{"not_picked":["Cloak And Dagger+1","Blur+1","Quick Slash"],"picked":"SKIP","floor":46.0},{"not_picked":["Leg Sweep+1","Infinite Blades+1","Bouncing Flask+1"],"picked":"SKIP","floor":47.0},{"not_picked":["Cloak And Dagger+1","Bouncing Flask+1"],"picked":"Accuracy","floor":48.0},{"not_picked":["Deadly Poison+1","Crippling Poison+1"],"picked":"Reflex+1","floor":54.0}],"player_experience":853724,"relics_obtained":[{"floor":6.0,"key":"Mummified Hand"},{"floor":14.0,"key":"Du-Vu Doll"},{"floor":25.0,"key":"Bag of Preparation"},{"floor":26.0,"key":"Toxic Egg 2"},{"floor":29.0,"key":"Strawberry"},{"floor":31.0,"key":"Ancient Tea Set"},{"floor":40.0,"key":"Meat on the Bone"},{"floor":42.0,"key":"PreservedInsect"},{"floor":43.0,"key":"Shuriken"},{"floor":48.0,"key":"Vajra"},{"floor":54.0,"key":"Lizard Tail"}],"event_choices":[{"cards_removed":["Strike_G"],"damage_healed":0.0,"max_hp_gain":0.0,"max_hp_loss":0.0,"gold_gain":0.0,"event_name":"The Cleric","player_choice":"Card Removal","floor":2.0,"gold_loss":75.0,"damage_taken":0.0},{"damage_healed":0.0,"max_hp_gain":0.0,"max_hp_loss":0.0,"gold_gain":0.0,"event_name":"Liars Game","player_choice":"Ignored","floor":3.0,"gold_loss":0.0,"damage_taken":0.0},{"cards_removed":["Defend_G"],"damage_healed":0.0,"max_hp_gain":0.0,"max_hp_loss":0.0,"gold_gain":0.0,"event_name":"Bonfire Elementals","player_choice":"Offered Basic","floor":4.0,"gold_loss":0.0,"damage_taken":0.0},{"damage_healed":0.0,"max_hp_gain":0.0,"max_hp_loss":0.0,"gold_gain":0.0,"event_name":"Lab","player_choice":"Got Potions","floor":12.0,"gold_loss":0.0,"damage_taken":0.0},{"damage_healed":0.0,"max_hp_gain":0.0,"max_hp_loss":0.0,"gold_gain":0.0,"event_name":"Addict","player_choice":"Obtained Relic","floor":21.0,"gold_loss":85.0,"damage_taken":0.0,"relics_obtained":["Omamori"]},{"damage_healed":0.0,"max_hp_gain":0.0,"max_hp_loss":0.0,"gold_gain":0.0,"event_name":"Vampires","player_choice":"Ignored","floor":28.0,"gold_loss":0.0,"damage_taken":0.0},{"damage_healed":0.0,"max_hp_gain":0.0,"max_hp_loss":0.0,"gold_gain":50.0,"event_name":"Golden Shrine","player_choice":"Pray","floor":30.0,"gold_loss":0.0,"damage_taken":0.0},{"damage_healed":0.0,"max_hp_gain":0.0,"max_hp_loss":0.0,"gold_gain":0.0,"event_name":"Tomb of Lord Red Mask","player_choice":"Ignored","floor":36.0,"gold_loss":0.0,"damage_taken":0.0},{"damage_healed":0.0,"max_hp_gain":0.0,"max_hp_loss":4.0,"gold_gain":0.0,"event_name":"Winding Halls","player_choice":"Max HP","floor":39.0,"gold_loss":0.0,"damage_taken":0.0}],"is_beta":false,"boss_relics":[{"not_picked":["Snecko Eye","Velvet Choker"],"picked":"Pandora\u0027s Box"},{"not_picked":["Tiny House","Busted Crown"],"picked":"HoveringKite"}],"items_purged_floors":[20,37,44],"is_endless":false,"potions_floor_spawned":[5,6,7,24,25,29,31,33,35,40,42],"ascension_level":15}}