{"host":"4epvxsx6d4oxmc67","time":1613236310,"event":{"mods":["AchievementEnabler","BaseMod","Colored Map","Highlight Path","Minty Spire (QoL Compilation)"],"gold_per_floor":[109,124,199,149,200,228,288,288,342,361,394,394,394,404,404,505,505,520,537,318,318,336,364,364,88,88,103,115,115,129,144,144,240,240,255,305,62,80,95,95,127,127,172,172,0,0,19,32,32,32],"floor_reached":51,"language":"ENG","playtime":2533,"items_purged":["Strike_R","Strike_R","Strike_R"],"score":1015,"play_id":"461e146a-1546-4b51-8c91-f5814595603e","local_time":"20210213171150","is_ascension_mode":true,"campfire_choices":[{"data":"Cleave","floor":8.0,"key":"SMITH"},{"floor":12.0,"key":"REST"},{"floor":15.0,"key":"REST"},{"data":"Uppercut","floor":24.0,"key":"SMITH"},{"floor":29.0,"key":"REST"},{"floor":32.0,"key":"REST"},{"floor":40,"key":"REST"},{"floor":44,"key":"REST"},{"floor":46,"key":"REST"},{"floor":49,"key":"REST"}],"circlet_count":0,"master_deck":["Strike_R","Defend_R","Defend_R","Defend_R","Defend_R","Bash","Thunderclap","Cleave+1","Power Through","Infernal Blade","Disarm","Uppercut+1","Fire Breathing","Pummel","Offering","True Grit+1","Purity","Second Wind+1","Spot Weakness","Feel No Pain","Armaments+1","Inflame","Demon Form","CurseOfTheBell","Feel No Pain","Offering","Inflame+1","Seeing Red+1","Fire Breathing+1","Power Through","Rupture+1","Evolve+1"],"relics":["Burning Blood","NeowsBlessing","Orichalcum","Gremlin Horn","Singing Bowl","Dream Catcher","Strawberry","Pen Nib","Sozu","PreservedInsect","Smiling Mask","Oddly Smooth Stone","Calipers","Calling Bell","Juzu Bracelet","Self Forming Clay","Torii","TungstenRod","Centennial Puzzle","Omamori","Red Mask"],"acts_visited":["Exordium","TheCity","TheBeyond"],"potions_floor_usage":[],"damage_taken":[{"damage":0.0,"enemies":"Jaw Worm","floor":1.0,"turns":1.0},{"damage":0.0,"enemies":"2 Louse","floor":2.0,"turns":1.0},{"damage":0.0,"enemies":"3 Sentries","floor":6.0,"turns":2.0},{"damage":32.0,"enemies":"Lagavulin Event","floor":7.0,"turns":6.0},{"damage":0.0,"enemies":"Cultist","floor":10.0,"turns":3.0},{"damage":39.0,"enemies":"Lagavulin","floor":11.0,"turns":7.0},{"damage":4.0,"enemies":"Red Slaver","floor":14.0,"turns":4.0},{"damage":0.0,"enemies":"Slime Boss","floor":16.0,"turns":5.0},{"damage":6.0,"enemies":"3 Byrds","floor":18.0,"turns":4.0},{"damage":8.0,"enemies":"Shell Parasite","floor":19.0,"turns":5.0},{"damage":10.0,"enemies":"Snake Plant","floor":22.0,"turns":3.0},{"damage":31.0,"enemies":"Gremlin Leader","floor":23.0,"turns":5.0},{"damage":21.0,"enemies":"Sentry and Sphere","floor":27.0,"turns":4.0},{"damage":16.0,"enemies":"3 Cultists","floor":28.0,"turns":5.0},{"damage":27.0,"enemies":"Shelled Parasite and Fungi","floor":30.0,"turns":6.0},{"damage":9.0,"enemies":"Cultist and Chosen","floor":31.0,"turns":6.0},{"damage":68,"enemies":"Collector","floor":33,"turns":10},{"damage":21,"enemies":"3 Shapes","floor":35,"turns":8},{"damage":13,"enemies":"Mind Bloom Boss Battle","floor":36,"turns":8},{"damage":10,"enemies":"Orb Walker","floor":38,"turns":4},{"damage":16,"enemies":"Sphere and 2 Shapes","floor":39,"turns":6},{"damage":46,"enemies":"Giant Head","floor":41,"turns":9},{"damage":56,"enemies":"Transient","floor":47,"turns":5},{"damage":10,"enemies":"Spire Growth","floor":48,"turns":6},{"damage":56,"enemies":"Donu and Deca","floor":50,"turns":7}],"seed_played":"-751565570267556769","potions_obtained":[{"floor":1.0,"key":"DistilledChaos"},{"floor":6.0,"key":"PowerPotion"},{"floor":11.0,"key":"SpeedPotion"},{"floor":16.0,"key":"Dexterity Potion"}],"is_trial":false,"path_per_floor":["M","M","?","?","T","E","?","R","T","M","E","R","T","M","R","B",null,"M","M","$","?","M","E","R","$","T","M","M","R","M","M","R","B",null,"M","?","$","M","M","R","E","?","T","R","?","R","M","M","R","B",null],"character_chosen":"IRONCLAD","items_purchased":["PreservedInsect","Oddly Smooth Stone","Spot Weakness","Feel No Pain","Offering"],"campfire_rested":8,"item_purchase_floors":[20,25,25,37,37],"current_hp_per_floor":[80,80,69,69,69,75,49,49,49,55,29,57,57,59,85,89,89,89,89,89,89,87,62,62,62,62,49,39,67,48,45,74,14,78,65,60,60,56,46,76,38,38,38,69,69,100,52,50,84,34],"gold":32,"neow_bonus":"THREE_ENEMY_KILL","is_daily":false,"chose_seed":false,"campfire_upgraded":2,"win_rate":0.0,"timestamp":1613236310,"path_taken":["M","M","?","?","?","E","?","R","T","M","E","R","?","M","R","BOSS","M","M","$","?","?","E","R","$","T","M","M","R","M","M","R","BOSS","M","?","$","M","M","R","E","?","T","R","?","R","M","M","R","BOSS"],"items_purchased_type":["Relic","Relic","Card","Card","Card"],"build_version":"2020-12-22","purchased_purges":3,"victory":true,"max_hp_per_floor":[80,80,80,80,80,80,80,80,80,80,87,89,89,89,89,89,89,89,91,91,91,93,93,93,93,93,95,95,95,97,97,97,99,99,101,103,103,103,103,103,105,105,105,105,105,105,107,109,111,111],"card_choices":[{"not_picked":["Sentinel","Headbutt"],"picked":"Thunderclap","floor":1.0},{"not_picked":["Seeing Red","Iron Wave"],"picked":"Cleave","floor":2.0},{"not_picked":["Sword Boomerang","Shrug It Off"],"picked":"Power Through","floor":6.0},{"not_picked":["Hemokinesis","Wild Strike"],"picked":"Infernal Blade","floor":7.0},{"not_picked":["Havoc","Pommel Strike"],"picked":"Disarm","floor":10.0},{"not_picked":["Anger","Headbutt"],"picked":"Uppercut","floor":11.0},{"not_picked":["Clothesline","Heavy Blade","Carnage"],"picked":"Singing Bowl","floor":12.0},{"not_picked":["Anger","Rupture"],"picked":"Fire Breathing","floor":14.0},{"not_picked":["Rage","Clash"],"picked":"Pummel","floor":15.0},{"not_picked":["Bludgeon","Exhume"],"picked":"Offering","floor":16.0},{"not_picked":["Reckless Charge","Headbutt"],"picked":"True Grit+1","floor":18.0},{"not_picked":["Wild Strike+1","Flex","Heavy Blade+1"],"picked":"Singing Bowl","floor":19.0},{"not_picked":["Whirlwind","Clothesline+1","Perfected Strike"],"picked":"Singing Bowl","floor":22.0},{"not_picked":["Limit Break","Ghostly Armor"],"picked":"Second Wind+1","floor":23.0},{"not_picked":["Armaments","True Grit+1","Thunderclap"],"picked":"Singing Bowl","floor":27.0},{"not_picked":["Evolve+1","Infernal Blade"],"picked":"Feel No Pain","floor":28.0},{"not_picked":["Bloodletting","Twin Strike+1"],"picked":"Armaments+1","floor":29.0},{"not_picked":["Clash+1","Dropkick","Metallicize"],"picked":"Singing Bowl","floor":30.0},{"not_picked":["Body Slam","Anger"],"picked":"Inflame","floor":31.0},{"not_picked":["Disarm+1","Burning Pact"],"picked":"Demon Form","floor":32.0},{"not_picked":["Fiend Fire","Bludgeon","Demon Form"],"picked":"Singing Bowl","floor":33},{"not_picked":["Thunderclap+1","Cleave+1","Headbutt+1"],"picked":"Singing Bowl","floor":35},{"not_picked":["Wild Strike","Shrug It Off","Ghostly Armor"],"picked":"Singing Bowl","floor":36},{"not_picked":["Exhume","Havoc+1"],"picked":"Inflame+1","floor":38},{"not_picked":["Searing Blow+1","Reckless Charge"],"picked":"Seeing Red+1","floor":39},{"not_picked":["Spot Weakness","Whirlwind"],"picked":"Fire Breathing+1","floor":40},{"not_picked":["Sword Boomerang+1","Clothesline+1","True Grit"],"picked":"Singing Bowl","floor":41},{"not_picked":["Dropkick","Shrug It Off"],"picked":"Rupture+1","floor":44},{"not_picked":["Clash+1","Brutality"],"picked":"Evolve+1","floor":46},{"not_picked":["Clothesline+1","Clash","Sentinel+1"],"picked":"Singing Bowl","floor":47},{"not_picked":["Anger","Twin Strike","Infernal Blade+1"],"picked":"Singing Bowl","floor":48},{"not_picked":["Iron Wave+1","Sentinel","Thunderclap+1"],"picked":"Singing Bowl","floor":49}],"player_experience":111709,"relics_obtained":[{"floor":5.0,"key":"Orichalcum"},{"floor":6.0,"key":"Gremlin Horn"},{"floor":9.0,"key":"Dream Catcher"},{"floor":11.0,"key":"Strawberry"},{"floor":13.0,"key":"Pen Nib"},{"floor":23.0,"key":"Smiling Mask"},{"floor":26.0,"key":"Calipers"},{"floor":34,"key":"Juzu Bracelet"},{"floor":34,"key":"Self Forming Clay"},{"floor":34,"key":"Torii"},{"floor":36,"key":"TungstenRod"},{"floor":41,"key":"Centennial Puzzle"},{"floor":43,"key":"Omamori"}],"event_choices":[{"damage_healed":0.0,"max_hp_gain":0.0,"max_hp_loss":0.0,"gold_gain":75.0,"event_name":"World of Goop","player_choice":"Gather Gold","floor":3.0,"gold_loss":0.0,"damage_taken":11.0},{"cards_removed":["Strike_R"],"damage_healed":0.0,"max_hp_gain":0.0,"max_hp_loss":0.0,"gold_gain":0.0,"event_name":"The Cleric","player_choice":"Card Removal","floor":4.0,"gold_loss":50.0,"damage_taken":0.0},{"damage_healed":0.0,"max_hp_gain":0.0,"max_hp_loss":0.0,"gold_gain":0.0,"event_name":"Dead Adventurer","player_choice":"Searched \u00272\u0027 times","floor":7.0,"gold_loss":0.0,"damage_taken":0.0,"relics_obtained":["Singing Bowl"]},{"damage_healed":0.0,"max_hp_gain":0.0,"max_hp_loss":0.0,"gold_gain":0.0,"event_name":"Match and Keep!","player_choice":"1 cards matched","floor":21.0,"gold_loss":0.0,"damage_taken":0.0,"cards_obtained":["Purity"]},{"damage_healed":0,"gold_gain":0,"player_choice":"Fight","damage_taken":0,"max_hp_gain":0,"max_hp_loss":0,"event_name":"MindBloom","floor":36,"gold_loss":0},{"damage_healed":0,"gold_gain":0,"player_choice":"Copied","damage_taken":0,"max_hp_gain":0,"max_hp_loss":0,"event_name":"Duplicator","floor":42,"gold_loss":0,"cards_obtained":["Power Through"]},{"damage_healed":0,"gold_gain":0,"player_choice":"Paid","damage_taken":0,"relics_obtained":["Red Mask"],"max_hp_gain":0,"max_hp_loss":0,"event_name":"Tomb of Lord Red Mask","floor":45,"gold_loss":172}],"is_beta":false,"boss_relics":[{"not_picked":["Ectoplasm","Runic Dome"],"picked":"Sozu"},{"not_picked":["SacredBark","Runic Pyramid"],"picked":"Calling Bell"}],"items_purged_floors":[20,25,37],"is_endless":false,"potions_floor_spawned":[1,6,11,16,18,19,28,33,35,38],"ascension_level":5}}