{"host":"eaiphzh066bwqdh7","time":1613231432,"event":{"mods":["BaseMod","Better Note","Halation","Hubris","Minty Spire (QoL Compilation)","Reliquary","Replay The Spire","StSLib"],"gold_per_floor":[117,192,192,206,27,27,46,78,103,138,138,157,157,2,2,97,97,112,37,56,56,56,56,82,82,164,164,164,175,185,40,40,144,144,158,226,196,206,221,221,235,235,259,289,0,0,13,24,24,24,24],"floor_reached":50,"language":"ENG","playtime":1372,"items_purged":["Strike_R"],"score":564,"play_id":"b9ba01d6-bb69-4d17-9471-71bd8952ea74","local_time":"20210213105032","is_ascension_mode":true,"campfire_choices":[{"floor":6,"key":"REST"},{"floor":11,"key":"REST"},{"floor":13,"key":"REST"},{"floor":15,"key":"REST"},{"floor":23,"key":"REST"},{"floor":25,"key":"REST"},{"floor":27,"key":"REST"},{"floor":32,"key":"REST"},{"data":"Demon Form","floor":40,"key":"SMITH"},{"floor":42,"key":"REST"},{"floor":46,"key":"REST"},{"floor":49,"key":"REST"}],"circlet_count":0,"master_deck":["Strike_R+1","Strike_R+1","Strike_R+1","Strike_R+1","Defend_R+1","Defend_R+1","Defend_R+1","Demon Form+1","Seeing Red","hubris:CleavingFinish","Life Link","Inflame","Pommel Strike+1","Immolate+1","Metallicize","Ghostly Armor","Berserk+1","Battle Trance+1","Reaper","Pommel Strike+1","Flying Knee","Heavy Blade","ReplayTheSpireMod:Stacked","Parasite","Seeing Red"],"relics":["Burning Blood","Anchor","hubris:Metronome","Boot","ReplayFunnel","Brimstone","halation:PinkSoulGem","reliquary:Buckler","ReplayTheSpireMod:Shallot","halation:AfternoonTea","hubris:HollowSoul","hubris:DisguiseKit","MawBank","Juzu Bracelet","hubris:EmptyBottle"],"acts_visited":["Exordium","TheCity","TheBeyond"],"potions_floor_usage":[7,8,8,10,16,24,33,38,39,39,39,39,48,48,48,48,50,50,50,50],"damage_taken":[{"damage":15,"enemies":"Small Slimes","floor":1,"turns":4},{"damage":9,"enemies":"Jaw Worm","floor":4,"turns":3},{"damage":6,"enemies":"Cultist","floor":7,"turns":4},{"damage":32,"enemies":"Gremlin Nob","floor":8,"turns":4},{"damage":30,"enemies":"3 Sentries","floor":10,"turns":5},{"damage":16,"enemies":"Exordium Thugs","floor":12,"turns":3},{"damage":30,"enemies":"Fading Forest","floor":16,"turns":11},{"damage":44,"enemies":"3 Byrds","floor":18,"turns":4},{"damage":13,"enemies":"Spheric Guardian","floor":20,"turns":3},{"damage":47,"enemies":"Book of Stabbing","floor":24,"turns":4},{"damage":28,"enemies":"Snake Plant","floor":29,"turns":4},{"damage":25,"enemies":"Snecko","floor":30,"turns":3},{"damage":54,"enemies":"Collector","floor":33,"turns":6},{"damage":35,"enemies":"3 Darklings","floor":35,"turns":3},{"damage":11,"enemies":"Orb Walker","floor":38,"turns":4},{"damage":20,"enemies":"Maw","floor":39,"turns":6},{"damage":58,"enemies":"Writhing Mass","floor":41,"turns":4},{"damage":22,"enemies":"3 Darklings","floor":44,"turns":4},{"damage":37,"enemies":"Sphere and 2 Shapes","floor":47,"turns":3},{"damage":25,"enemies":"Writhing Mass","floor":48,"turns":4},{"damage":24,"enemies":"Awakened One","floor":50,"turns":1}],"seed_played":"-7694944374267292586","potions_obtained":[{"floor":7,"key":"EntropicBrew"},{"floor":10,"key":"PowerPotion"},{"floor":20,"key":"BloodPotion"},{"floor":30,"key":"Adrenaline Potion"},{"floor":33,"key":"Elixir"},{"floor":37,"key":"EntropicBrew"},{"floor":37,"key":"Swift Potion"},{"floor":39,"key":"Ancient Potion"},{"floor":47,"key":"Block Potion"},{"floor":48,"key":"BloodPotion"}],"is_trial":false,"path_per_floor":["M","?","?","M","$","R","M","E","T","E","R","M","R","$","R","B",null,"M","$","M","?","?","R","E","R","T","R","?","M","M","$","R","B",null,"M","T","?","M","M","R","M","R","T","M","$","R","M","M","R","B"],"character_chosen":"IRONCLAD","items_purchased":["Anchor","Inflame","Brimstone","halation:AfternoonTea","Juzu Bracelet","hubris:EmptyBottle"],"campfire_rested":11,"item_purchase_floors":[5,5,14,31,45,45],"current_hp_per_floor":[71,60,60,57,57,80,80,54,54,30,54,44,68,68,80,64,80,42,42,35,35,35,59,34,58,58,80,80,58,39,39,63,30,80,51,51,51,51,68,68,16,40,40,36,36,60,59,53,77,0,0],"gold":24,"neow_bonus":"TRANSFORM_CARD","is_daily":false,"chose_seed":false,"campfire_upgraded":1,"win_rate":0.0,"timestamp":1613231432,"path_taken":["M","?","?","?","$","R","M","E","T","E","R","M","R","$","R","BOSS","M","$","M","?","?","R","E","R","T","R","?","M","M","?","R","BOSS","M","?","?","M","M","R","M","R","T","M","$","R","M","M","R","BOSS"],"items_purchased_type":["Relic","Card","Relic","Relic","Relic","Relic"],"build_version":"2020-12-22","purchased_purges":1,"victory":false,"max_hp_per_floor":[80,80,80,80,80,80,80,80,80,80,80,80,80,80,80,80,80,80,80,80,80,80,80,80,80,80,80,80,80,80,80,80,80,80,80,80,80,80,80,80,80,80,80,80,80,80,80,80,80,80,80],"card_choices":[{"not_picked":["hubris:ReadiedAction","Warcry"],"picked":"Seeing Red","floor":1},{"not_picked":["Replay:Undeath\u0027s Touch","Feel No Pain"],"picked":"Life Link","floor":4},{"not_picked":["Body Slam","Armaments","Sever Soul"],"picked":"SKIP","floor":7},{"not_picked":["True Grit","Shrug It Off"],"picked":"Pommel Strike","floor":8},{"not_picked":["Sever Soul","Warcry","Headbutt"],"picked":"SKIP","floor":10},{"not_picked":["hubris:ReadiedAction","ReplayTheSpireMod:LeadingStrike","Cleave"],"picked":"SKIP","floor":12},{"not_picked":["Fiend Fire","Hemogenesis"],"picked":"Immolate","floor":16},{"not_picked":["Dual Wield","Flex"],"picked":"Metallicize","floor":18},{"not_picked":["ReplayReversal","Cleave"],"picked":"Ghostly Armor","floor":20},{"not_picked":["Bloodletting","Body Slam+1"],"picked":"Berserk","floor":24},{"not_picked":["Headbutt","Pommel Strike"],"picked":"Battle Trance+1","floor":29},{"not_picked":["Armaments","Abandon","Anger+1"],"picked":"SKIP","floor":30},{"not_picked":["hubris:StunningStrike","Hemogenesis"],"picked":"Reaper","floor":33},{"not_picked":["Battle Trance","Warcry"],"picked":"Pommel Strike+1","floor":35},{"not_picked":["Ghostly Armor","Run Through+1","Wild Strike+1"],"picked":"Flying Knee","floor":38},{"not_picked":["Uppercut+1","Headbutt+1","Sword Boomerang+1","hubris:SlightOfHand"],"picked":"SKIP","floor":39},{"not_picked":["Cleave","Replay:Undeath\u0027s Touch+1","Run Through","Heel Hook"],"picked":"SKIP","floor":41},{"not_picked":["Entrench+1","True Grit+1","Blur"],"picked":"Heavy Blade","floor":44},{"not_picked":["Pummel+1","True Grit","Malaise"],"picked":"ReplayTheSpireMod:Stacked","floor":47},{"not_picked":["Fire Breathing","Uppercut","Night Terror"],"picked":"Seeing Red","floor":48}],"player_experience":304071,"relics_obtained":[{"floor":8,"key":"hubris:Metronome"},{"floor":9,"key":"Boot"},{"floor":10,"key":"ReplayFunnel"},{"floor":24,"key":"reliquary:Buckler"},{"floor":26,"key":"ReplayTheSpireMod:Shallot"},{"floor":36,"key":"hubris:DisguiseKit"},{"floor":43,"key":"MawBank"}],"event_choices":[{"damage_healed":0,"gold_gain":75,"player_choice":"Gather Gold","damage_taken":11,"max_hp_gain":0,"max_hp_loss":0,"event_name":"World of Goop","floor":2,"gold_loss":0},{"damage_healed":0,"gold_gain":0,"cards_transformed":["Defend_R"],"player_choice":"Transformed","damage_taken":0,"max_hp_gain":0,"max_hp_loss":0,"event_name":"Transmorgrifier","floor":3,"gold_loss":0,"cards_obtained":["hubris:CleavingFinish"]},{"damage_healed":0,"gold_gain":0,"player_choice":"Simplicity","damage_taken":0,"max_hp_gain":0,"max_hp_loss":0,"event_name":"Back to Basics","floor":22,"gold_loss":0,"cards_upgraded":["Strike_R","Strike_R","Strike_R","Strike_R","Defend_R","Defend_R","Defend_R"]},{"damage_healed":0,"gold_gain":0,"player_choice":"Bought 2 Potions","damage_taken":0,"max_hp_gain":0,"max_hp_loss":0,"event_name":"The Woman in Blue","floor":37,"gold_loss":0}],"is_beta":false,"boss_relics":[{"not_picked":["hubris:RunicObelisk","hubris:CrackedHourglass","Replay:Ancient Bell"]},{"not_picked":["Replay:Wanted Poster","Fusion Hammer"],"picked":"hubris:HollowSoul"}],"items_purged_floors":[19],"is_endless":false,"potions_floor_spawned":[7,10,20,30,33,39,47,48],"killed_by":"Awakened One","ascension_level":4}}