{"host":"jfbo3eu2ui08ej1u","time":1613243588,"event":{"mods":["2.2 Compatiblity","AchievementEnabler","Act Like it!","Aspiration","BaseMod","Better Altar","Better Match","Better Note","Better Sensory Stone","Better Skull","Better Third Choice","Block Reminder","Colored Map","Colored Powertips","Conspire","DeckTracker","Displayed Cursed Tome","Energized Spire","Fox Events","GifTheSpireLib","Hermit","Hubris","Infinite Spire","Marked Mod","Minty Spire (QoL Compilation)","Monster B Gone","Pale of the Ancients","Poor People Problems","Quick Restart","Relic Filter","Reliquary","Reorder Act Four","Replay The Spire","Shop Mod","Spicy Shops","Spire Arcade","StSLib","Stuff the Spire","The Blue Laboratory","The Disciple","The Forsaken","The Hierophant","The Marked","Uncapped","Unceasing Turn Reminder","Wandering Minibosses"],"gold_per_floor":[112,124,139,155,155,155,188,188,211,211,250,250,16,51,51,167,117,153,176,206,206,206,206,261,261,308,340,350,350],"floor_reached":28,"language":"ENG","playtime":920,"items_purged":[],"score":285,"play_id":"acede0a2-422d-4302-868d-5a4ba6bee0da","local_time":"20210213141308","is_ascension_mode":true,"campfire_choices":[{"data":"theForsaken:ShieldBash","floor":6.0,"key":"SMITH"},{"data":"theForsaken:ShieldBash","floor":8.0,"key":"SMITH"},{"floor":12.0,"key":"REST"},{"floor":15.0,"key":"REST"},{"floor":23.0,"key":"REST"}],"circlet_count":0,"master_deck":["theForsaken:TheForsaken_Strike","theForsaken:TheForsaken_Strike","theForsaken:TheForsaken_Strike","theForsaken:TheForsaken_Defend","theForsaken:TheForsaken_Defend","theForsaken:TheForsaken_Defend","theForsaken:TheForsaken_Defend","theForsaken:Smite","theForsaken:Penitence","theForsaken:ShieldBash+1","theForsaken:Bolster","theForsaken:FuryStrikes+1","theForsaken:Thunderbolt","theForsaken:ShieldBash+1","theForsaken:Temperance","theForsaken:Terrorize","theForsaken:Bolster","theForsaken:DesperatePlea","theForsaken:TheForsaken_Strike","theForsaken:HealingLight","theForsaken:ShieldCharge","theForsaken:ShieldBash","theForsaken:PreciseStrike+1","theForsaken:BlindFaith+1"],"relics":["theForsaken:JudgementScales","aspiration:StickyExplosives_weak","Replay:Bandana","Ornamental Fan","energizedSpire:HugeHouse","hubris:Towel","ReplayTheSpireMod:Lightbulb","StuffTheSpire:HeavyRock"],"acts_visited":["Exordium","TheCity"],"potions_floor_usage":[],"damage_taken":[{"damage":0.0,"enemies":"Jaw Worm","floor":1.0,"turns":6.0},{"damage":0.0,"enemies":"Small Slimes","floor":2.0,"turns":3.0},{"damage":3.0,"enemies":"2 Louse","floor":3.0,"turns":3.0},{"damage":14.0,"enemies":"2 Fungi Beasts","floor":4.0,"turns":4.0},{"damage":20.0,"enemies":"Gremlin Nob","floor":7.0,"turns":6.0},{"damage":6.0,"enemies":"Lagavulin","floor":11.0,"turns":6.0},{"damage":27.0,"enemies":"Gremlin Gang","floor":14.0,"turns":6.0},{"damage":38.0,"enemies":"Fading Forest","floor":16.0,"turns":11.0},{"damage":10.0,"enemies":"Spheric Guardian","floor":18.0,"turns":6.0},{"damage":17.0,"enemies":"Shell Parasite","floor":19.0,"turns":6.0},{"damage":17.0,"enemies":"Centurion and Healer","floor":20.0,"turns":9.0},{"damage":24.0,"enemies":"Slavers","floor":24.0,"turns":5.0},{"damage":18.0,"enemies":"3 Cultists","floor":27.0,"turns":5.0},{"damage":4,"enemies":"Snecko","floor":28,"turns":2}],"seed_played":"-5451575482287119770","potions_obtained":[{"floor":4.0,"key":"Reflective Coating"},{"floor":14.0,"key":"blueLaboratory:PhilterOfMotion"},{"floor":16.0,"key":"blueLaboratory:AbyssPotion"},{"floor":19.0,"key":"blueLaboratory:BottleOfRum"},{"floor":24.0,"key":"Adrenaline Potion"}],"is_trial":false,"path_per_floor":["M","M","M","M","?","R","E","R","T","?","E","R","$","M","R","B",null,"M","M","M","?","?","R","E","?","T","M","M"],"character_chosen":"THE_FORSAKEN","items_purchased":["theForsaken:Bolster"],"campfire_rested":3,"item_purchase_floors":[13],"current_hp_per_floor":[65,65,62,48,48,48,31,31,31,31,25,44,44,19,38,21,60,51,39,22,22,22,40,19,19,19,4,0,0],"gold":350,"neow_bonus":"THREE_CARDS","is_daily":false,"chose_seed":false,"campfire_upgraded":2,"win_rate":0.0,"timestamp":1613243588,"path_taken":["M","M","M","M","?","R","E","R","T","?","E","R","$","M","R","BOSS","M","M","M","?","?","R","E","?","T","?","M"],"items_purchased_type":["Card"],"build_version":"2020-12-22","purchased_purges":0,"victory":false,"max_hp_per_floor":[65,65,65,65,65,65,65,65,65,65,65,65,65,65,65,65,60,60,60,60,60,60,60,60,60,60,60,60,60],"card_choices":[{"not_picked":["theForsaken:HealingLight","theForsaken:BindingThorns"],"picked":"theForsaken:ShieldBash","floor":0.0},{"not_picked":["theForsaken:NobleSacrifice","theForsaken:Thunderbolt"],"picked":"theForsaken:Bolster","floor":1.0},{"not_picked":["theForsaken:WordsOfMight","theForsaken:HorrifyingStrike"],"picked":"theForsaken:FuryStrikes","floor":2.0},{"not_picked":["theForsaken:FuryStrikes","theForsaken:BlindFaith"],"picked":"theForsaken:Thunderbolt","floor":3.0},{"not_picked":["theForsaken:HymnOfRest","theForsaken:CreepingInfection"],"picked":"theForsaken:ShieldBash","floor":4.0},{"not_picked":["theForsaken:BlindFaith","theForsaken:Eulogy"],"picked":"theForsaken:Temperance","floor":7.0},{"not_picked":["theForsaken:RainingSunlight","theForsaken:AncientWords"],"picked":"theForsaken:Terrorize","floor":11.0},{"not_picked":["theForsaken:WordsOfPestilence","theForsaken:ScorchingSunlight"],"picked":"theForsaken:Preservation","floor":14.0},{"not_picked":["theForsaken:Temperance","theForsaken:DarkRift"],"picked":"theForsaken:DesperatePlea","floor":16.0},{"not_picked":["theForsaken:ChargeAttack","theForsaken:Enfeeble"],"picked":"theForsaken:ShieldCharge","floor":18.0},{"not_picked":["theForsaken:FatRoll","theForsaken:Bolster"],"picked":"theForsaken:ShieldBash","floor":19.0},{"not_picked":["theForsaken:ScorchingSunlight","theForsaken:HorrifyingStrike+1"],"picked":"theForsaken:PreciseStrike+1","floor":20.0},{"not_picked":["theForsaken:ScorchingSunlight","theForsaken:BindingThorns"],"picked":"theForsaken:BlindFaith+1","floor":24.0},{"not_picked":["theForsaken:Parry","theForsaken:MagicWeapon","theForsaken:Eulogy+1"],"picked":"SKIP","floor":27.0}],"player_experience":1321924,"relics_obtained":[{"floor":7.0,"key":"aspiration:StickyExplosives_weak"},{"floor":9.0,"key":"Replay:Bandana"},{"floor":11.0,"key":"Ornamental Fan"},{"floor":24.0,"key":"ReplayTheSpireMod:Lightbulb"},{"floor":26.0,"key":"StuffTheSpire:HeavyRock"}],"event_choices":[{"damage_healed":0.0,"max_hp_gain":0.0,"max_hp_loss":0.0,"gold_gain":0.0,"event_name":"Living Wall","player_choice":"Grow","floor":10.0,"gold_loss":0.0,"damage_taken":0.0,"cards_upgraded":["theForsaken:FuryStrikes"]},{"cards_removed":["theForsaken:TheForsaken_Strike"],"damage_healed":0.0,"max_hp_gain":0.0,"max_hp_loss":0.0,"gold_gain":0.0,"event_name":"Purifier","player_choice":"Purged","floor":25.0,"gold_loss":0.0,"damage_taken":0.0}],"is_beta":false,"boss_relics":[{"not_picked":["theForsaken:ScalesOfTruth","aspiration:RunicSpoon"],"picked":"energizedSpire:HugeHouse"}],"items_purged_floors":[],"is_endless":false,"potions_floor_spawned":[4,14,16,19,20,24],"killed_by":"Snecko","ascension_level":3}}