{"host":"zlryddw6xv0ljf8b","time":1613202118,"event":{"mods":["AchievementEnabler","BaseMod","Colored Map","Colored Powertips","Highlight Path","Minty Spire (QoL Compilation)","Permanent Neow","Quick Restart","StSLib"],"gold_per_floor":[118,138,148,323,335,335,370,205,205,222,248,248,248,260,260,363,363,348,348,96,96,96,96,96,96,96,96,96,96,96,96,96,96,96,96,96,96,16,16,16,16,0,0,0,0,0],"floor_reached":45,"language":"ENG","playtime":2530,"items_purged":["Doubt","Regret"],"score":569,"play_id":"f22ed86d-2666-4fba-8037-6b68f7bdfd77","local_time":"20210213014158","is_ascension_mode":false,"campfire_choices":[{"data":"Whirlwind","floor":6.0,"key":"SMITH"},{"data":"Fire Breathing","floor":12.0,"key":"SMITH"},{"data":"True Grit","floor":15.0,"key":"SMITH"},{"data":"Fire Breathing","floor":28,"key":"SMITH"},{"data":"Corruption","floor":32,"key":"SMITH"},{"floor":41,"key":"REST"}],"circlet_count":0,"master_deck":["Bash","Fire Breathing+1","Whirlwind+1","Flame Barrier","Shrug It Off","True Grit+1","Fire Breathing+1","True Grit","Immolate+1","True Grit+1","Impervious","True Grit+1","Shockwave+1","Limit Break","Evolve","Battle Trance","Corruption+1","Juggernaut","Flex","Rupture","Armaments","Warcry","Immolate","Rupture","Twin Strike","Shrug It Off+1","Demon Form","Fire Breathing"],"relics":["Burning Blood","Oddly Smooth Stone","Bag of Marbles","Anchor","Odd Mushroom","Singing Bowl","Ectoplasm","Bottled Tornado","Gambling Chip","Lantern","Pandora\u0027s Box","Dream Catcher","Red Mask","Letter Opener"],"acts_visited":["Exordium","TheCity","TheBeyond"],"potions_floor_usage":[23,25,33,37,45],"damage_taken":[{"damage":4.0,"enemies":"Small Slimes","floor":1.0,"turns":3.0},{"damage":2.0,"enemies":"Jaw Worm","floor":2.0,"turns":5.0},{"damage":0.0,"enemies":"2 Louse","floor":3.0,"turns":2.0},{"damage":8.0,"enemies":"Gremlin Gang","floor":5.0,"turns":3.0},{"damage":15.0,"enemies":"3 Sentries","floor":7.0,"turns":4.0},{"damage":9.0,"enemies":"2 Fungi Beasts","floor":10.0,"turns":4.0},{"damage":9.0,"enemies":"The Mushroom Lair","floor":11.0,"turns":4.0},{"damage":0.0,"enemies":"3 Louse","floor":14.0,"turns":1.0},{"damage":52.0,"enemies":"Hexaghost","floor":16.0,"turns":11.0},{"damage":0.0,"enemies":"2 Thieves","floor":18.0,"turns":2.0},{"damage":12,"enemies":"Shell Parasite","floor":19,"turns":7},{"damage":5,"enemies":"Snake Plant","floor":21,"turns":3},{"damage":14,"enemies":"3 Cultists","floor":22,"turns":5},{"damage":26,"enemies":"Gremlin Leader","floor":23,"turns":9},{"damage":12,"enemies":"Slavers","floor":25,"turns":4},{"damage":3,"enemies":"Shelled Parasite and Fungi","floor":27,"turns":5},{"damage":0,"enemies":"Snake Plant","floor":30,"turns":3},{"damage":0,"enemies":"Chosen and Byrds","floor":31,"turns":4},{"damage":39,"enemies":"Automaton","floor":33,"turns":10},{"damage":4,"enemies":"3 Shapes","floor":35,"turns":4},{"damage":31,"enemies":"3 Darklings","floor":36,"turns":4},{"damage":24,"enemies":"Transient","floor":37,"turns":5},{"damage":12,"enemies":"Spire Growth","floor":39,"turns":5},{"damage":21,"enemies":"Reptomancer","floor":40,"turns":7},{"damage":44,"enemies":"Nemesis","floor":44,"turns":7},{"damage":27,"enemies":"Maw","floor":45,"turns":7}],"seed_played":"1475448852353247259","potions_obtained":[{"floor":1.0,"key":"HeartOfIron"},{"floor":3.0,"key":"DuplicationPotion"},{"floor":11.0,"key":"Ancient Potion"},{"floor":16.0,"key":"Ancient Potion"},{"floor":19,"key":"ColorlessPotion"},{"floor":25,"key":"Dexterity Potion"},{"floor":27,"key":"DistilledChaos"},{"floor":33,"key":"Dexterity Potion"},{"floor":40,"key":"GamblersBrew"},{"floor":44,"key":"FearPotion"}],"is_trial":false,"path_per_floor":["M","M","M","?","M","R","E","$","T","M","?","R","?","M","R","B",null,"M","M","$","M","M","E","?","E","T","M","R","?","M","M","R","B",null,"M","M","M","$","M","E","R","?","T","E","M"],"character_chosen":"IRONCLAD","items_purchased":["Fire Breathing","True Grit","Impervious","Fire Breathing"],"campfire_rested":1,"item_purchase_floors":[8,8,20,38],"current_hp_per_floor":[80,80,80,80,78,78,69,69,69,66,63,63,63,71,71,25,82,82,78,78,79,73,53,53,47,47,52,52,52,60,66,66,33,90,90,65,49,49,45,32,62,62,62,26,0,0],"gold":0,"neow_bonus":"RANDOM_COMMON_RELIC","is_daily":false,"chose_seed":false,"campfire_upgraded":5,"win_rate":0.0,"timestamp":1613202118,"path_taken":["M","M","M","?","M","R","E","$","T","M","?","R","?","M","R","BOSS","M","M","$","M","M","E","?","E","T","M","R","?","?","M","R","BOSS","M","?","?","$","M","E","R","?","T","E","M"],"items_purchased_type":["Card","Card","Card","Card"],"build_version":"2020-12-22","purchased_purges":2,"victory":false,"max_hp_per_floor":[80,80,80,80,80,80,80,80,80,80,80,80,80,82,82,82,82,82,84,84,84,86,86,86,86,86,88,88,88,90,90,90,90,90,90,90,92,92,94,96,98,98,98,100,100,100],"card_choices":[{"not_picked":["Heavy Blade","Anger"],"picked":"Fire Breathing","floor":1.0},{"not_picked":["Feel No Pain","Infernal Blade"],"picked":"Whirlwind","floor":2.0},{"not_picked":["Iron Wave","Seeing Red"],"picked":"Flame Barrier","floor":3.0},{"not_picked":["Shockwave","Fire Breathing"],"picked":"Shrug It Off","floor":5.0},{"not_picked":["Havoc","Rampage"],"picked":"True Grit","floor":7.0},{"not_picked":["Twin Strike","Dark Embrace","Havoc"],"picked":"SKIP","floor":10.0},{"not_picked":["Thunderclap","Sword Boomerang","Clothesline"],"picked":"Singing Bowl","floor":14.0},{"not_picked":["Bludgeon","Demon Form"],"picked":"Immolate","floor":16.0},{"not_picked":["Whirlwind+1","Cleave"],"picked":"True Grit+1","floor":18},{"not_picked":["Dark Embrace","Heavy Blade","Flex"],"picked":"Singing Bowl","floor":19},{"not_picked":["Bloodletting","Heavy Blade"],"picked":"True Grit+1","floor":21},{"not_picked":["Double Tap","Iron Wave","Metallicize"],"picked":"Singing Bowl","floor":22},{"not_picked":["Iron Wave","Headbutt+1"],"picked":"Shockwave+1","floor":23},{"not_picked":["Shrug It Off+1","Pommel Strike"],"picked":"Battle Trance","floor":25},{"not_picked":["Flame Barrier+1","Pommel Strike","Sword Boomerang"],"picked":"Singing Bowl","floor":27},{"not_picked":["Warcry","Anger+1","Clothesline"],"picked":"Singing Bowl","floor":30},{"not_picked":["Armaments","Burning Pact+1"],"picked":"Corruption","floor":31},{"not_picked":["Demon Form","Corruption"],"picked":"Juggernaut","floor":33},{"not_picked":["Headbutt","Warcry"],"picked":"Shrug It Off+1","floor":35},{"not_picked":["Iron Wave+1","Rupture+1"],"picked":"Demon Form","floor":36},{"not_picked":["Pommel Strike","Flex+1","Body Slam+1"],"picked":"Singing Bowl","floor":37},{"not_picked":["Sever Soul+1","Clash+1","Pommel Strike"],"picked":"Singing Bowl","floor":39},{"not_picked":["Second Wind+1","Blood for Blood+1","Warcry"],"picked":"Singing Bowl","floor":40},{"not_picked":["Heavy Blade+1","Evolve","Clash"],"picked":"Singing Bowl","floor":41},{"not_picked":["Anger","Clothesline+1","Corruption"],"picked":"Singing Bowl","floor":44}],"player_experience":90173,"relics_obtained":[{"floor":7.0,"key":"Bag of Marbles"},{"floor":9.0,"key":"Anchor"},{"floor":11.0,"key":"Odd Mushroom"},{"floor":23,"key":"Bottled Tornado"},{"floor":25,"key":"Gambling Chip"},{"floor":26,"key":"Lantern"},{"floor":40,"key":"Dream Catcher"},{"floor":44,"key":"Letter Opener"}],"event_choices":[{"damage_healed":0.0,"max_hp_gain":0.0,"max_hp_loss":0.0,"gold_gain":175.0,"event_name":"Liars Game","player_choice":"AGREE","floor":4.0,"gold_loss":0.0,"damage_taken":0.0,"cards_obtained":["Doubt"]},{"damage_healed":0.0,"max_hp_gain":0.0,"max_hp_loss":0.0,"gold_gain":0.0,"event_name":"Mushrooms","player_choice":"Fought Mushrooms","floor":11.0,"gold_loss":0.0,"damage_taken":0.0},{"damage_healed":0.0,"max_hp_gain":0.0,"max_hp_loss":0.0,"gold_gain":0.0,"event_name":"Big Fish","player_choice":"Box","floor":13.0,"gold_loss":0.0,"damage_taken":0.0,"relics_obtained":["Singing Bowl"],"cards_obtained":["Regret"]},{"damage_healed":0,"gold_gain":0,"cards_transformed":["Strike_R","Strike_R"],"player_choice":"Became Test Subject","damage_taken":0,"max_hp_gain":0,"max_hp_loss":0,"event_name":"Drug Dealer","floor":24,"gold_loss":0,"cards_obtained":["Limit Break","Evolve"]},{"damage_healed":0,"gold_gain":0,"player_choice":"Forge","damage_taken":0,"max_hp_gain":0,"max_hp_loss":0,"event_name":"Accursed Blacksmith","floor":29,"gold_loss":0,"cards_upgraded":["Immolate"]},{"damage_healed":0,"gold_gain":0,"player_choice":"Paid","damage_taken":0,"relics_obtained":["Red Mask"],"max_hp_gain":0,"max_hp_loss":0,"event_name":"Tomb of Lord Red Mask","floor":42,"gold_loss":16}],"is_beta":false,"boss_relics":[{"not_picked":["Fusion Hammer","Calling Bell"],"picked":"Ectoplasm"},{"not_picked":["Sozu","SacredBark"],"picked":"Pandora\u0027s Box"}],"items_purged_floors":[8,20],"is_endless":false,"potions_floor_spawned":[1,3,11,16,19,25,27,31,33,40,44],"killed_by":"Maw","ascension_level":0}}