{"host":"a5lz0e76zb3fcwkm","time":1613210514,"event":{"mods":["AchievementEnabler","BaseMod","Colored Map","Colored Powertips","Minty Spire (QoL Compilation)","StSLib","SuperFastMode"],"gold_per_floor":[11,24,35,50,50,50,60,60,86,99,24,44,68,23,23,118,118,138,138,138,38,69,69,94,94,94,125,125,144,167,42,42,137,137,156,156,156,170,183,217,217,217,217],"floor_reached":42,"language":"KOR","playtime":5404,"items_purged":["Defend_B","Strike_B","Strike_B"],"score":984,"play_id":"e63111fc-3d86-40af-a2de-40c56dfe201d","local_time":"20210213190154","is_ascension_mode":true,"campfire_choices":[{"data":"Capacitor","floor":6.0,"key":"SMITH"},{"data":"Defragment","floor":15.0,"key":"SMITH"},{"floor":23.0,"key":"REST"},{"data":"Capacitor","floor":25.0,"key":"SMITH"},{"floor":32,"key":"REST"},{"floor":41,"key":"REST"}],"circlet_count":0,"master_deck":["AscendersBane","Defend_B","Defend_B","Zap","Dualcast","Capacitor+1","Chill","Coolheaded","Coolheaded","Capacitor+1","Defragment+1","Consume","Glacier","Core Surge","Darkness","Skim","White Noise","Undo","Compile Driver","Turbo","Consume+1"],"relics":["Cracked Core","Lantern","Golden Idol","Sozu","Red Mask","Omamori","Nunchaku","Inserter","Bronze Scales","Gremlin Horn"],"acts_visited":["Exordium","TheCity","TheBeyond"],"potions_floor_usage":[40],"damage_taken":[{"damage":1.0,"enemies":"Cultist","floor":1.0,"turns":3.0},{"damage":2.0,"enemies":"Jaw Worm","floor":2.0,"turns":4.0},{"damage":5.0,"enemies":"Small Slimes","floor":3.0,"turns":3.0},{"damage":4.0,"enemies":"Exordium Wildlife","floor":4.0,"turns":6.0},{"damage":9.0,"enemies":"Exordium Thugs","floor":7.0,"turns":4.0},{"damage":4.0,"enemies":"2 Fungi Beasts","floor":10.0,"turns":6.0},{"damage":11.0,"enemies":"Large Slime","floor":12.0,"turns":8.0},{"damage":4.0,"enemies":"Exordium Wildlife","floor":13.0,"turns":7.0},{"damage":1.0,"enemies":"Exordium Thugs","floor":14.0,"turns":6.0},{"damage":0.0,"enemies":"Hexaghost","floor":16.0,"turns":15.0},{"damage":0.0,"enemies":"Spheric Guardian","floor":18.0,"turns":7.0},{"damage":22.0,"enemies":"Masked Bandits","floor":22.0,"turns":6.0},{"damage":0.0,"enemies":"3 Byrds","floor":24.0,"turns":6.0},{"damage":7.0,"enemies":"Slavers","floor":27.0,"turns":9.0},{"damage":13,"enemies":"Colosseum Slavers","floor":28,"turns":6},{"damage":9,"enemies":"Cultist and Chosen","floor":29,"turns":6},{"damage":0,"enemies":"Sentry and Sphere","floor":30,"turns":8},{"damage":13,"enemies":"Automaton","floor":33,"turns":14},{"damage":0,"enemies":"3 Shapes","floor":35,"turns":8},{"damage":16,"enemies":"Orb Walker","floor":38,"turns":5},{"damage":6,"enemies":"4 Shapes","floor":39,"turns":7},{"damage":31,"enemies":"Nemesis","floor":40,"turns":11},{"damage":30,"enemies":"Reptomancer","floor":42,"turns":3}],"seed_played":"-3346288507101537713","potions_obtained":[{"floor":3.0,"key":"FearPotion"},{"floor":4.0,"key":"FearPotion"},{"floor":7.0,"key":"Weak Potion"},{"floor":12.0,"key":"Swift Potion"}],"is_trial":false,"path_per_floor":["M","M","M","M","?","R","M","?","T","M","$","M","M","M","R","B",null,"M","?","?","$","?","R","M","R","T","E","?","M","M","$","R","B",null,"M","T","?","M","M","E","R","E"],"character_chosen":"DEFECT","items_purchased":[],"campfire_rested":3,"item_purchase_floors":[],"current_hp_per_floor":[63,61,56,52,41,41,32,32,32,28,28,17,13,12,12,12,51,51,51,51,51,29,48,48,48,48,41,28,19,19,19,38,25,54,54,54,64,48,42,11,30,0,0],"gold":217,"neow_bonus":"REMOVE_TWO","is_daily":false,"chose_seed":false,"campfire_upgraded":3,"win_rate":0.0,"timestamp":1613210514,"path_taken":["M","M","?","M","?","R","M","?","T","M","?","M","M","M","R","BOSS","M","?","?","$","?","R","M","R","T","E","?","M","?","?","R","BOSS","M","?","?","M","M","E","R","E"],"items_purchased_type":[],"build_version":"2020-12-22","purchased_purges":3,"victory":false,"max_hp_per_floor":[71,71,71,71,71,71,71,64,64,64,64,64,64,64,64,64,64,64,64,64,64,64,64,64,64,64,64,64,64,64,64,64,64,64,64,64,64,64,64,64,64,64,64],"card_choices":[{"not_picked":["Redo","Reinforced Body"],"picked":"Capacitor","floor":1.0},{"not_picked":["Turbo","Streamline"],"picked":"Chill","floor":2.0},{"not_picked":["Barrage","Redo"],"picked":"Coolheaded","floor":3.0},{"not_picked":["Rip and Tear","Steam"],"picked":"Coolheaded","floor":4.0},{"not_picked":["Turbo","Reprogram"],"picked":"Capacitor","floor":7.0},{"not_picked":["Doom and Gloom","Compile Driver"],"picked":"Defragment","floor":10.0},{"not_picked":["Chill","Cold Snap"],"picked":"Consume","floor":12.0},{"not_picked":["Hyperbeam","Streamline"],"picked":"Glacier","floor":13.0},{"not_picked":["Beam Cell","Leap","Static Discharge"],"picked":"SKIP","floor":14.0},{"not_picked":["Meteor Strike","Thunder Strike"],"picked":"Core Surge","floor":16.0},{"not_picked":["Cold Snap","Fusion"],"picked":"Darkness","floor":18.0},{"not_picked":["Sweeping Beam","Hologram","Barrage"],"picked":"SKIP","floor":24.0},{"not_picked":["Rebound","Hologram"],"picked":"White Noise","floor":27.0},{"not_picked":["Darkness+1","Compile Driver+1"],"picked":"Undo","floor":29},{"not_picked":["Streamline","Storm+1"],"picked":"Compile Driver","floor":30},{"not_picked":["Sweeping Beam","Ball Lightning"],"picked":"Turbo","floor":35},{"not_picked":["Rebound","Redo","Glacier+1"],"picked":"SKIP","floor":38},{"not_picked":["Rip and Tear+1","Undo"],"picked":"Consume+1","floor":39},{"not_picked":["Leap","Beam Cell+1","Darkness"],"picked":"SKIP","floor":40}],"player_experience":1878947,"relics_obtained":[{"floor":22.0,"key":"Red Mask"},{"floor":26.0,"key":"Omamori"},{"floor":27.0,"key":"Nunchaku"},{"floor":36,"key":"Bronze Scales"},{"floor":40,"key":"Gremlin Horn"}],"event_choices":[{"damage_healed":0.0,"max_hp_gain":0.0,"max_hp_loss":0.0,"gold_gain":0.0,"event_name":"Scrap Ooze","player_choice":"Success","floor":5.0,"gold_loss":0.0,"damage_taken":11.0,"relics_obtained":["Lantern"]},{"damage_healed":0.0,"max_hp_gain":0.0,"max_hp_loss":7.0,"gold_gain":0.0,"event_name":"Golden Idol","player_choice":"Lose Max HP","floor":8.0,"gold_loss":0.0,"damage_taken":0.0,"relics_obtained":["Golden Idol"]},{"damage_healed":0.0,"max_hp_gain":0.0,"max_hp_loss":0.0,"gold_gain":0.0,"event_name":"The Library","player_choice":"Read","floor":19.0,"gold_loss":0.0,"damage_taken":0.0,"cards_obtained":["Skim"]},{"cards_removed":["Strike_B"],"damage_healed":0.0,"max_hp_gain":0.0,"max_hp_loss":0.0,"gold_gain":0.0,"event_name":"Back to Basics","player_choice":"Elegance","floor":20.0,"gold_loss":0.0,"damage_taken":0.0},{"damage_healed":0.0,"max_hp_gain":0.0,"max_hp_loss":0.0,"gold_gain":0.0,"event_name":"Masked Bandits","player_choice":"Fought Bandits","floor":22.0,"gold_loss":0.0,"damage_taken":0.0},{"damage_healed":0,"gold_gain":0,"player_choice":"Fight","damage_taken":0,"max_hp_gain":0,"max_hp_loss":0,"event_name":"Colosseum","floor":28,"gold_loss":0},{"damage_healed":0,"gold_gain":0,"player_choice":"Fled From Nobs","damage_taken":0,"max_hp_gain":0,"max_hp_loss":0,"event_name":"Colosseum","floor":28,"gold_loss":0},{"damage_healed":13,"gold_gain":0,"player_choice":"Writhe","damage_taken":0,"max_hp_gain":0,"max_hp_loss":0,"event_name":"Winding Halls","floor":37,"gold_loss":0,"cards_obtained":["Writhe"]}],"is_beta":false,"boss_relics":[{"not_picked":["Runic Pyramid","Calling Bell"],"picked":"Sozu"},{"not_picked":["Nuclear Battery","Busted Crown"],"picked":"Inserter"}],"items_purged_floors":[11,21,31],"is_endless":false,"potions_floor_spawned":[3,4,7,12,14,16,22,27,30,33,38,40],"killed_by":"Reptomancer","ascension_level":20}}