{"host":"juqfttvdeykv99sc","time":1613241687,"event":{"mods":["AchievementEnabler","BaseMod","Colored Map","Downfall","Minty Spire (QoL Compilation)","Relic Sorter","StSLib"],"gold_per_floor":[99,118,128,128,138,158,238,272,292,292,113,133,133,145,162,260,260,260,272,286,303,50,70,95,95,112,97,97,97,112,123,143,143,143,143],"floor_reached":33,"language":"ENG","playtime":2309,"items_purged":["Regret","hexamod:Strike"],"score":282,"play_id":"e0290f85-f0a3-4b03-9fc9-a44f28993861","local_time":"20210213134127","is_ascension_mode":false,"campfire_choices":[{"data":"hexamod:Sear","floor":1.0,"key":"SMITH"},{"data":"hexamod:Float","floor":10.0,"key":"SMITH"},{"floor":13.0,"key":"REST"},{"data":"hexamod:ChargedBarrage","floor":18.0,"key":"SMITH"},{"floor":29,"key":"REST"}],"circlet_count":0,"master_deck":["hexamod:Strike","hexamod:Strike","hexamod:Strike+1","hexamod:Defend","hexamod:Defend","hexamod:Defend","hexamod:Defend","hexamod:Sear+1","hexamod:Float+1","hexamod:ChargedBarrage+1","hexamod:DynamicBlow","hexamod:ForkedFlame+1","hexamod:BurningTouch","hexamod:StepThrough","hexamod:ShieldOfDarkness","hexamod:GhostOfSpirePresent","hexamod:HauntingEcho","hexamod:ChargedBarrage","hexamod:SearingWound","hexamod:SearingWound","hexamod:SoulSteal+1"],"relics":["hexamod:SpiritBrand","Orichalcum","Whetstone","Sozu","Bronze Scales","Oddly Smooth Stone","Nloth\u0027s Gift"],"acts_visited":["Exordium","TheCity"],"potions_floor_usage":[],"damage_taken":[{"damage":1.0,"enemies":"Jaw Worm","floor":2.0,"turns":3.0},{"damage":0.0,"enemies":"Cultist","floor":3.0,"turns":3.0},{"damage":2.0,"enemies":"Small Slimes","floor":5.0,"turns":3.0},{"damage":11.0,"enemies":"2 Fungi Beasts","floor":6.0,"turns":5.0},{"damage":30.0,"enemies":"Lagavulin","floor":8.0,"turns":7.0},{"damage":11.0,"enemies":"3 Louse","floor":9.0,"turns":3.0},{"damage":9.0,"enemies":"downfall:FleeingMerchant","floor":11.0,"turns":4.0},{"damage":12.0,"enemies":"Large Slime","floor":12.0,"turns":5.0},{"damage":3.0,"enemies":"Red Slaver","floor":14.0,"turns":3.0},{"damage":0.0,"enemies":"Blue Slaver","floor":15.0,"turns":3.0},{"damage":6.0,"enemies":"SI_SHIV_ARCHETYPE","floor":16.0,"turns":6.0},{"damage":0.0,"enemies":"Shell Parasite","floor":19.0,"turns":3.0},{"damage":10.0,"enemies":"3 Byrds","floor":20.0,"turns":4.0},{"damage":18.0,"enemies":"Cultist and Chosen","floor":21.0,"turns":6.0},{"damage":0.0,"enemies":"downfall:FleeingMerchant","floor":22.0,"turns":4.0},{"damage":25.0,"enemies":"Sentry and Sphere","floor":23.0,"turns":6.0},{"damage":3.0,"enemies":"Snecko","floor":26.0,"turns":3.0},{"damage":9.0,"enemies":"downfall:FleeingMerchant","floor":27.0,"turns":4.0},{"damage":1,"enemies":"3 Cultists","floor":30,"turns":3},{"damage":12,"enemies":"Centurion and Healer","floor":31,"turns":4},{"damage":0,"enemies":"Sentry and Sphere","floor":32,"turns":3},{"damage":22,"enemies":"DF_ARCHETYPE_CLAW","floor":33,"turns":4}],"seed_played":"4235884713609548288","potions_obtained":[{"floor":5.0,"key":"hexamod:EctoCoolerPotion"},{"floor":8.0,"key":"Ancient Potion"},{"floor":9.0,"key":"DuplicationPotion"},{"floor":14.0,"key":"Weak Potion"},{"floor":16.0,"key":"hexamod:InfernoChargePotion"}],"is_trial":false,"path_per_floor":["R","M","M","?","M","M","T","E","M","R","$","M","R","M","M","B",null,"R","M","M","M","$","M","T","?","M","$","?","R","M","M","M","B"],"character_chosen":"THE_SPIRIT","items_purchased":["hexamod:BurningTouch","hexamod:StepThrough","hexamod:SearingWound"],"campfire_rested":2,"item_purchase_floors":[11,11,22],"current_hp_per_floor":[77,76,76,76,74,63,63,33,22,22,13,1,24,21,21,15,77,77,77,67,49,49,24,24,24,21,12,12,35,34,22,22,0,0,0],"gold":143,"neow_bonus":"TEN_PERCENT_HP_BONUS","is_daily":false,"chose_seed":false,"campfire_upgraded":3,"win_rate":0.0,"timestamp":1613241687,"path_taken":["R","M","M","?","M","M","T","E","M","R","$","M","R","M","M","BOSS","R","M","M","M","$","M","T","?","M","$","?","R","M","?","M","BOSS"],"items_purchased_type":["Card","Card","Card"],"build_version":"2020-12-22","purchased_purges":2,"victory":false,"max_hp_per_floor":[77,77,77,77,77,77,77,77,77,77,77,77,77,77,77,77,77,77,77,77,77,77,77,77,77,77,77,77,77,77,77,77,77,77,77],"card_choices":[{"not_picked":["hexamod:InspiringFlames","hexamod:GhostLash"],"picked":"hexamod:ChargedBarrage","floor":2.0},{"not_picked":["hexamod:HeatShield","hexamod:HeatMetal"],"picked":"hexamod:DynamicBlow","floor":3.0},{"not_picked":["hexamod:BacktrackSmack","hexamod:DynamicBlow","hexamod:HeatCrush"],"picked":"SKIP","floor":5.0},{"not_picked":["hexamod:NightmareStrike","hexamod:FirstSeal","hexamod:NightmareGuise"],"picked":"SKIP","floor":6.0},{"not_picked":["hexamod:HeatShield","hexamod:NecessarySacrifice"],"picked":"hexamod:ForkedFlame","floor":8.0},{"not_picked":["hexamod:EmpoweredFlame","hexamod:ShieldOfDarkness","hexamod:ThermalTransfer"],"picked":"SKIP","floor":9.0},{"not_picked":["hexamod:BacktrackSmack","hexamod:ExtraCrispy","hexamod:HeatMetal"],"picked":"SKIP","floor":11.0},{"not_picked":["hexamod:BurningTouch","hexamod:SkipABeat","hexamod:ThermalTransfer"],"picked":"SKIP","floor":12.0},{"not_picked":["hexamod:InspiringFlames","hexamod:GhostLash","hexamod:BacktrackSmack"],"picked":"SKIP","floor":14.0},{"not_picked":["hexamod:FourthSeal","hexamod:BurningTouch"],"picked":"hexamod:ShieldOfDarkness","floor":15.0},{"not_picked":["hexamod:TimeWarp","hexamod:ParanormalForm"],"picked":"hexamod:GhostOfSpirePresent","floor":16.0},{"not_picked":["hexamod:RainOfEmbers","hexamod:BacktrackSmack"],"picked":"hexamod:HauntingEcho","floor":19.0},{"not_picked":["hexamod:InspiringFlames","hexamod:RadiantFlame","hexamod:NightmareGuise"],"picked":"SKIP","floor":20.0},{"not_picked":["hexamod:FifthSeal","hexamod:GhostLash"],"picked":"hexamod:ChargedBarrage","floor":21.0},{"not_picked":["hexamod:SwordOfDarkness+1","hexamod:ChargedBarrage"],"picked":"hexamod:SearingWound","floor":22.0},{"not_picked":["hexamod:BurningTouch","hexamod:FirstSeal","hexamod:GhostOfSpireFuture+1"],"picked":"SKIP","floor":23.0},{"not_picked":["hexamod:SpectersWail+1","hexamod:BurningTouch","hexamod:NightmareGuise"],"picked":"SKIP","floor":26.0},{"not_picked":["hexamod:GhostOfSpirePast","hexamod:FastForward+1"],"picked":"hexamod:SoulSteal+1","floor":27.0},{"not_picked":["hexamod:AdvancingGuard+1","hexamod:NightmareStrike","hexamod:RainOfEmbers+1"],"picked":"SKIP","floor":30},{"not_picked":["hexamod:DynamicBlow","hexamod:AdvancingGuard+1","hexamod:ShieldOfDarkness"],"picked":"SKIP","floor":31},{"not_picked":["hexamod:HeatCrush","hexamod:SoulSteal","hexamod:SpectersWail"],"picked":"SKIP","floor":32}],"player_experience":117480,"relics_obtained":[{"floor":7.0,"key":"hexamod:InflammatoryLetter"},{"floor":8.0,"key":"Whetstone"},{"floor":24.0,"key":"Bronze Scales"}],"event_choices":[{"damage_healed":0.0,"max_hp_gain":0.0,"max_hp_loss":0.0,"gold_gain":0.0,"event_name":"Big Fish","player_choice":"Box","floor":4.0,"gold_loss":0.0,"damage_taken":0.0,"relics_obtained":["Orichalcum"],"cards_obtained":["Regret"]}],"is_beta":false,"boss_relics":[{"not_picked":["Fusion Hammer","Tiny House"],"picked":"Sozu"}],"items_purged_floors":[11,22],"is_endless":false,"potions_floor_spawned":[5,8,9,14,16,19,23,26,30,31,32],"killed_by":"DF_ARCHETYPE_CLAW","ascension_level":0}}