{"host":"7sni158j623xchr2","time":1613196200,"event":{"mods":["BaseMod","Colored Map","Highlight Path","Minty Spire (QoL Compilation)","Permanent Neow","Potion Indicator Mod","Rare Cards Sparkle","Relic Sorter","Relic Stats","StSLib","everything is the same but u backflip on backflip"],"gold_per_floor":[113,113,123,123,135,163,183,183,207,235,251,279,61,31,31,130,130,141,21,21,33,44,44,74,74,128,48,75,75,75,75],"floor_reached":30,"language":"ENG","playtime":1028,"items_purged":["Strike_G","Strike_G","Strike_G"],"score":325,"play_id":"bcce027e-a121-4fcc-8772-8c0576d13d1b","local_time":"20210213000320","is_ascension_mode":true,"campfire_choices":[{"data":"Flying Knee","floor":8,"key":"SMITH"},{"data":"Deadly Poison","floor":15,"key":"SMITH"},{"floor":23,"key":"REST"},{"floor":25,"key":"RECALL"},{"floor":29,"key":"REST"}],"circlet_count":0,"master_deck":["Strike_G","Strike_G","Defend_G","Defend_G","Defend_G","Defend_G","Survivor","Neutralize+1","Bane","Setup","Slice","Flying Knee+1","Deflect","Dagger Spray","Leg Sweep","Deadly Poison+1","Die Die Die+1","Malaise","Backstab+1","Catalyst","Ghostly","Ghostly","Ghostly","Ghostly","Ghostly","Deadly Poison+1","Terror+1","Footwork","PiercingWail+1"],"relics":["Ring of the Snake","Juzu Bracelet","Smiling Mask","Regal Pillow","Bag of Marbles","Fusion Hammer","The Courier","Whetstone"],"acts_visited":["Exordium","TheCity"],"potions_floor_usage":[6,7,10,12,16,16,16],"damage_taken":[{"damage":0,"enemies":"Jaw Worm","floor":1,"turns":5},{"damage":1,"enemies":"Cultist","floor":3,"turns":4},{"damage":0,"enemies":"2 Louse","floor":5,"turns":2},{"damage":17,"enemies":"Lagavulin","floor":6,"turns":7},{"damage":8,"enemies":"Gremlin Gang","floor":7,"turns":6},{"damage":30,"enemies":"3 Sentries","floor":10,"turns":13},{"damage":4,"enemies":"Lots of Slimes","floor":11,"turns":4},{"damage":5,"enemies":"Gremlin Nob","floor":12,"turns":4},{"damage":7,"enemies":"Hexaghost","floor":16,"turns":10},{"damage":0,"enemies":"3 Byrds","floor":18,"turns":3},{"damage":0,"enemies":"2 Thieves","floor":21,"turns":4},{"damage":1,"enemies":"Snecko","floor":22,"turns":5},{"damage":4,"enemies":"Slavers","floor":24,"turns":9},{"damage":3,"enemies":"Gremlin Leader","floor":28,"turns":6},{"damage":37,"enemies":"Cultist and Chosen","floor":30,"turns":7}],"seed_played":"5440543741393909299","potions_obtained":[{"floor":0,"key":"ColorlessPotion"},{"floor":0,"key":"FearPotion"},{"floor":0,"key":"DuplicationPotion"},{"floor":3,"key":"Block Potion"},{"floor":7,"key":"LiquidBronze"},{"floor":14,"key":"SpeedPotion"},{"floor":14,"key":"Fruit Juice"},{"floor":18,"key":"Energy Potion"},{"floor":28,"key":"SpeedPotion"}],"is_trial":false,"path_per_floor":["M","?","M","?","M","E","M","R","T","E","M","E","$","?","R","B",null,"M","$","?","M","M","R","E","R","T","$","E","R","M"],"character_chosen":"THE_SILENT","items_purchased":["Deadly Poison","Die Die Die","Block Potion","Catalyst","Footwork"],"campfire_rested":2,"item_purchase_floors":[13,13,13,19,27],"current_hp_per_floor":[70,70,69,69,69,52,44,44,44,14,10,5,5,5,5,3,75,75,75,37,37,36,37,33,33,33,33,30,37,0,0],"gold":75,"neow_bonus":"THREE_SMALL_POTIONS","is_daily":false,"chose_seed":false,"campfire_upgraded":2,"win_rate":0.0,"timestamp":1613196200,"path_taken":["M","?","?","?","M","E","M","R","T","E","M","E","$","?","R","BOSS","M","?","?","M","M","R","E","R","T","?","E","R","M"],"items_purchased_type":["Card","Card","Potion","Card","Card"],"build_version":"2020-12-22","purchased_purges":3,"victory":false,"max_hp_per_floor":[70,70,70,70,70,70,70,70,70,70,70,70,70,70,70,75,75,75,75,37,37,37,37,37,37,37,37,37,37,37,37],"relic_stats":{"Regal Pillow":0,"counters":[15,89],"Juzu Bracelet":1,"Whetstone":["Backstab","Die Die Die"],"Smiling Mask":125,"obtain_stats":[{"Regal Pillow":10,"Fusion Hammer":17,"The Courier":24,"Juzu Bracelet":6,"Bag of Marbles":12,"Whetstone":28,"Smiling Mask":9,"Ring of the Snake":0},{"Regal Pillow":6,"Fusion Hammer":9,"The Courier":13,"Juzu Bracelet":4,"Bag of Marbles":8,"Whetstone":14,"Smiling Mask":5,"Ring of the Snake":0},{"Regal Pillow":37,"Fusion Hammer":55,"The Courier":76,"Juzu Bracelet":18,"Bag of Marbles":45,"Whetstone":82,"Smiling Mask":24,"Ring of the Snake":0}],"Ring of the Snake":[30]},"card_choices":[{"not_picked":["Calculated Gamble","Deflect"],"picked":"Bane","floor":1},{"not_picked":["Calculated Gamble","Eviscerate"],"picked":"Slice","floor":3},{"not_picked":["Accuracy","Doppelganger"],"picked":"Flying Knee","floor":5},{"not_picked":["Acrobatics","Endless Agony","Prepared"],"picked":"SKIP","floor":6},{"not_picked":["Choke","Deflect","Reflex"],"picked":"SKIP","floor":7},{"not_picked":["Sucker Punch","Bane"],"picked":"Deflect","floor":10},{"not_picked":["Finisher","Bane"],"picked":"Dagger Spray","floor":11},{"not_picked":["A Thousand Cuts","Escape Plan"],"picked":"Leg Sweep","floor":12},{"not_picked":["Wraith Form v2","Doppelganger"],"picked":"Malaise","floor":16},{"not_picked":["Deadly Poison","Flying Knee"],"picked":"Backstab","floor":18},{"not_picked":["Dagger Spray","Flying Knee","Cloak And Dagger"],"picked":"SKIP","floor":21},{"not_picked":["Eviscerate","Prepared"],"picked":"Deadly Poison+1","floor":22},{"not_picked":["Dagger Spray+1","Calculated Gamble"],"picked":"Terror+1","floor":24},{"not_picked":["Dodge and Roll","Acrobatics+1"],"picked":"PiercingWail+1","floor":28}],"player_experience":1792095,"relics_obtained":[{"floor":6,"key":"Juzu Bracelet"},{"floor":9,"key":"Smiling Mask"},{"floor":10,"key":"Regal Pillow"},{"floor":12,"key":"Bag of Marbles"},{"floor":24,"key":"The Courier"},{"floor":28,"key":"Whetstone"}],"event_choices":[{"damage_healed":0,"gold_gain":0,"cards_transformed":["Defend_G"],"player_choice":"Transformed","damage_taken":0,"max_hp_gain":0,"max_hp_loss":0,"event_name":"Transmorgrifier","floor":2,"gold_loss":0,"cards_obtained":["Setup"]},{"damage_healed":0,"gold_gain":0,"player_choice":"Upgraded","damage_taken":0,"max_hp_gain":0,"max_hp_loss":0,"event_name":"Upgrade Shrine","floor":4,"gold_loss":0,"cards_upgraded":["Neutralize"]},{"damage_healed":0,"gold_gain":0,"player_choice":"Bought 2 Potions","damage_taken":0,"max_hp_gain":0,"max_hp_loss":0,"event_name":"The Woman in Blue","floor":14,"gold_loss":0},{"damage_healed":0,"gold_gain":0,"player_choice":"Became a Ghost","damage_taken":0,"max_hp_gain":0,"max_hp_loss":38,"event_name":"Ghosts","floor":20,"gold_loss":0,"cards_obtained":["Ghostly","Ghostly","Ghostly","Ghostly","Ghostly"]}],"is_beta":false,"boss_relics":[{"not_picked":["Velvet Choker","Empty Cage"],"picked":"Fusion Hammer"}],"items_purged_floors":[13,19,27],"is_endless":false,"potions_floor_spawned":[1,3,5,7,18,28],"killed_by":"Cultist and Chosen","ascension_level":1}}