{"host":"znvnxllcillb3rtw","time":1613220175,"event":{"mods":["BaseMod","DeckTracker","Minty Spire (QoL Compilation)","Relic Stats","StSLib","SuperFastMode","everything is the same but u backflip on backflip"],"gold_per_floor":[111,121,131,131,152,152,177,177,177],"floor_reached":8,"language":"KOR","playtime":277,"items_purged":[],"score":100,"play_id":"84234f91-c0a8-4f45-9397-b5337ac7b175","local_time":"20210213214255","is_ascension_mode":true,"campfire_choices":[{"data":"Coolheaded","floor":6.0,"key":"SMITH"}],"circlet_count":0,"master_deck":["AscendersBane","Strike_B","Strike_B","Strike_B","Defend_B","Defend_B","Defend_B","Zap","Dualcast","Coolheaded+1","Genetic Algorithm","Ball Lightning"],"relics":["Empty Cage","Golden Idol"],"acts_visited":["Exordium"],"potions_floor_usage":[8,8],"damage_taken":[{"damage":1.0,"enemies":"2 Louse","floor":1.0,"turns":3.0},{"damage":2.0,"enemies":"Jaw Worm","floor":2.0,"turns":5.0},{"damage":0.0,"enemies":"Small Slimes","floor":3.0,"turns":4.0},{"damage":17.0,"enemies":"Exordium Wildlife","floor":5.0,"turns":8.0},{"damage":24.0,"enemies":"3 Louse","floor":7.0,"turns":3.0},{"damage":40,"enemies":"Gremlin Nob","floor":8,"turns":3}],"seed_played":"-8831613544606512690","potions_obtained":[{"floor":1.0,"key":"GamblersBrew"},{"floor":3.0,"key":"Strength Potion"}],"is_trial":false,"path_per_floor":["M","M","M","?","M","R","M","E"],"character_chosen":"DEFECT","items_purchased":[],"campfire_rested":0,"item_purchase_floors":[],"current_hp_per_floor":[63,61,61,61,44,44,20,0,0],"gold":177,"neow_bonus":"BOSS_RELIC","is_daily":false,"chose_seed":false,"campfire_upgraded":1,"win_rate":0.0,"timestamp":1613220175,"path_taken":["M","M","M","?","M","R","M","E"],"items_purchased_type":[],"build_version":"2020-12-22","purchased_purges":0,"victory":false,"max_hp_per_floor":[71,71,71,64,64,64,64,64,64],"relic_stats":{"counters":[6,26],"Golden Idol":9,"obtain_stats":[{"Golden Idol":4,"Cracked Core":0,"Empty Cage":0},{"Golden Idol":3,"Cracked Core":0,"Empty Cage":0},{"Golden Idol":12,"Cracked Core":0,"Empty Cage":0}]},"card_choices":[{"not_picked":["Capacitor","Redo"],"picked":"Coolheaded","floor":1.0},{"not_picked":["Beam Cell","Force Field","Static Discharge"],"picked":"SKIP","floor":2.0},{"not_picked":["Compile Driver","Beam Cell"],"picked":"Genetic Algorithm","floor":3.0},{"not_picked":["Compile Driver","Double Energy"],"picked":"Ball Lightning","floor":5.0},{"not_picked":["Stack","Auto Shields","Redo"],"picked":"SKIP","floor":7.0}],"player_experience":2901526,"relics_obtained":[],"event_choices":[{"damage_healed":0.0,"max_hp_gain":0.0,"max_hp_loss":7.0,"gold_gain":0.0,"event_name":"Golden Idol","player_choice":"Lose Max HP","floor":4.0,"gold_loss":0.0,"damage_taken":0.0,"relics_obtained":["Golden Idol"]}],"is_beta":false,"boss_relics":[],"items_purged_floors":[],"is_endless":false,"potions_floor_spawned":[1,3,5],"killed_by":"Gremlin Nob","ascension_level":20}}