{"host":"rjfefv2ruvigm2gb","time":1613174427,"event":{"mods":["AlwaysNeverKeys","BaseMod","Better Note","Better Third Choice","BetterRewards","Block Reminder","Bossed Relics","Colored Map","Colored Powertips","Curses Come First","Displayed Cursed Tome","Downfall","Fox Events","Gold Saver","Googly Eyes","Highlight Path","Minty Spire (QoL Compilation)","Permanent Neow","Quick Restart","Relic Stats","Reliquary","Shop Mod","Small Relic Pack","StSLib","SuperFastMode","Transform Curses","Uncapped","Virulent Crown"],"gold_per_floor":[111,127,127,127,127,137,137,147,157,167,167,192,192,192,202,305,305,305,323,334,244,264,283,283,295,323,335,368,368,383,415,434,538,538,538,557,575,575,588,803,803,853,853,886,553,582,594,606,628,640,652,698,189,189,189,189],"floor_reached":57,"language":"ENG","playtime":2875,"items_purged":["bronze:Strike","bronze:Flail","bronze:Strike"],"score":1559,"play_id":"247b8258-3480-43cc-9c14-60e1e983d845","local_time":"20210212180027","is_ascension_mode":true,"campfire_choices":[{"data":"bronze:Branch","floor":1,"key":"SMITH"},{"floor":11,"key":"REST"},{"data":"bronze:BugBarrage","floor":13,"key":"SMITH"},{"data":"bronze:Goto","floor":18,"key":"SMITH"},{"data":"bronze:HardenedForm","floor":35,"key":"SMITH"},{"data":"bronze:MaxOutput","floor":43,"key":"SMITH"},{"data":"bronze:BuggyMess","floor":47,"key":"SMITH"},{"data":"bronze:Replicate","floor":54,"key":"SMITH"}],"circlet_count":0,"master_deck":["bronze:Strike","bronze:Strike","bronze:Defend","bronze:Defend","bronze:Defend","bronze:Replicate+1","bronze:Goto+1","bronze:Branch+1","bronze:Branch","bronze:Branch","bronze:DelayedSlice","bronze:BuggyMess+1","bronze:BugBarrage+1","bronze:BugBarrage+1","bronze:DelayedSlice+1","bronze:ItsAFeature+1","bronze:BronzeOrb+1","bronze:MaxOutput+1","bronze:HardenedForm+1","bronze:ItsAFeature+1"],"relics":["bronze:BronzeCore","downfall:HeartBlessingRed","downfall:HeartBlessingGreen","downfall:HeartBlessingBlue","bronze:BottledCode","relicPack:DSword","InkBottle","reliquary:PartyBalloon","bronze:MakeshiftBattery","reliquary:JackalopeAntler","Singing Bowl","Art of War","Lantern","reliquary:RedCape","Prayer Wheel","Guardian:PocketSentry","MawBank","reliquary:SilkGlove","reliquary:NewFriend","ClockworkSouvenir"],"acts_visited":["Exordium","TheCity","TheBeyond","TheEnding"],"potions_floor_usage":[33,33,33,33,44,55,55,55,56,56],"damage_taken":[{"damage":0,"enemies":"Small Slimes","floor":2,"turns":2},{"damage":0,"enemies":"Jaw Worm","floor":6,"turns":2},{"damage":0,"enemies":"Cultist","floor":8,"turns":3},{"damage":0,"enemies":"3 Louse","floor":9,"turns":2},{"damage":0,"enemies":"Lots of Slimes","floor":10,"turns":2},{"damage":16,"enemies":"Gremlin Nob","floor":12,"turns":4},{"damage":0,"enemies":"Blue Slaver","floor":15,"turns":1},{"damage":11,"enemies":"IC_STATUS_ARCHETYPE","floor":16,"turns":3},{"damage":0,"enemies":"3 Byrds","floor":19,"turns":2},{"damage":0,"enemies":"Centurion and Healer","floor":20,"turns":3},{"damage":8,"enemies":"downfall:FleeingMerchant","floor":21,"turns":4},{"damage":0,"enemies":"Snecko","floor":22,"turns":2},{"damage":1,"enemies":"Cultist and Chosen","floor":23,"turns":3},{"damage":5,"enemies":"Snake Plant","floor":25,"turns":3},{"damage":5,"enemies":"Slavers","floor":26,"turns":3},{"damage":0,"enemies":"Shelled Parasite and Fungi","floor":27,"turns":2},{"damage":0,"enemies":"Gremlin Leader","floor":28,"turns":3},{"damage":0,"enemies":"Centurion and Healer","floor":30,"turns":3},{"damage":1,"enemies":"Book of Stabbing","floor":31,"turns":3},{"damage":0,"enemies":"Snake Plant","floor":32,"turns":3},{"damage":5,"enemies":"SI_MIRROR_ARCHETYPE","floor":33,"turns":5},{"damage":5,"enemies":"3 Darklings","floor":36,"turns":2},{"damage":0,"enemies":"3 Shapes","floor":37,"turns":2},{"damage":0,"enemies":"Transient","floor":39,"turns":5},{"damage":0,"enemies":"downfall:FleeingMerchant","floor":40,"turns":2},{"damage":0,"enemies":"downfall:FleeingMerchant","floor":42,"turns":4},{"damage":0,"enemies":"Reptomancer","floor":44,"turns":3},{"damage":0,"enemies":"Nemesis","floor":46,"turns":4},{"damage":0,"enemies":"3 Darklings","floor":49,"turns":2},{"damage":5,"enemies":"DF_ARCHETYPE_ORBS","floor":50,"turns":5},{"damage":0,"enemies":"downfall:CharBossMerchant","floor":52,"turns":5},{"damage":70,"enemies":"downfall:NeowBoss","floor":55,"turns":12},{"damage":26,"enemies":"downfall:NeowBossFinal","floor":56,"turns":6}],"seed_played":"-8036090290689799318","potions_obtained":[{"floor":2,"key":"Slimebound:ThreeZeroPotion"},{"floor":6,"key":"BlessingOfTheForge"},{"floor":19,"key":"Fire Potion"},{"floor":20,"key":"EntropicBrew"},{"floor":32,"key":"EntropicBrew"},{"floor":36,"key":"GamblersBrew"},{"floor":39,"key":"Explosive Potion"},{"floor":49,"key":"Regen Potion"}],"is_trial":false,"path_per_floor":["R","M","?","?","?","M","T","M","M","M","R","E","R","?","M","B",null,"R","M","M","$","M","M","T","M","E","M","E","?","M","E","M","B",null,"R","M","M","?","M","$","T","?","R","E","?","E","R","?","M","B",null,"E","$","R","B","B",null],"character_chosen":"THE_AUTOMATON","items_purchased":["reliquary:NewFriend","ClockworkSouvenir"],"campfire_rested":1,"item_purchase_floors":[53,53],"current_hp_per_floor":[80,80,70,70,35,35,35,35,35,35,56,40,40,40,40,29,70,70,70,70,62,62,61,61,56,53,55,57,57,59,58,60,55,80,80,77,79,79,79,81,81,83,83,85,101,103,103,103,107,102,107,109,109,109,54,28],"gold":189,"neow_bonus":"THREE_CARDS","is_daily":false,"chose_seed":false,"campfire_upgraded":7,"win_rate":0.0,"timestamp":1613174427,"path_taken":["R","M","?","?","?","M","T","?","?","M","R","E","R","?","M","BOSS","R","M","M","$","M","M","T","?","E","M","E","?","M","E","M","BOSS","R","M","M","?","?","$","T","?","R","E","?","E","R","?","M","BOSS","E","$","R","BOSS","BOSS"],"items_purchased_type":["Relic","Relic"],"build_version":"2020-12-22","purchased_purges":3,"victory":true,"max_hp_per_floor":[80,80,70,70,70,70,70,70,70,70,70,70,70,70,70,70,70,70,70,70,70,70,70,70,70,72,74,76,76,78,78,80,80,80,80,82,84,84,84,86,86,88,88,90,101,103,103,103,107,107,107,109,109,109,109,109],"relic_stats":{"Singing Bowl":28,"counters":[33,110],"Prayer Wheel":1,"Art of War":[4],"MawBank":84,"obtain_stats":[{"Lantern":31,"bronze:BronzeCore":0,"relicPack:DSword":5,"reliquary:SilkGlove":52,"downfall:HeartBlessingRed":1,"Singing Bowl":26,"reliquary:PartyBalloon":12,"downfall:HeartBlessingGreen":1,"Guardian:PocketSentry":44,"reliquary:RedCape":34,"MawBank":46,"ClockworkSouvenir":53,"bronze:BottledCode":3,"reliquary:JackalopeAntler":24,"downfall:HeartBlessingBlue":1,"Prayer Wheel":42,"reliquary:NewFriend":53,"Art of War":28,"InkBottle":7,"bronze:MakeshiftBattery":17},{"Lantern":19,"bronze:BronzeCore":0,"relicPack:DSword":1,"reliquary:SilkGlove":31,"downfall:HeartBlessingRed":0,"Singing Bowl":15,"reliquary:PartyBalloon":6,"downfall:HeartBlessingGreen":0,"Guardian:PocketSentry":27,"reliquary:RedCape":21,"MawBank":28,"ClockworkSouvenir":31,"bronze:BottledCode":1,"reliquary:JackalopeAntler":13,"downfall:HeartBlessingBlue":0,"Prayer Wheel":26,"reliquary:NewFriend":31,"Art of War":17,"InkBottle":2,"bronze:MakeshiftBattery":8},{"Lantern":50,"bronze:BronzeCore":0,"relicPack:DSword":2,"reliquary:SilkGlove":92,"downfall:HeartBlessingRed":0,"Singing Bowl":39,"reliquary:PartyBalloon":15,"downfall:HeartBlessingGreen":0,"Guardian:PocketSentry":76,"reliquary:RedCape":58,"MawBank":80,"ClockworkSouvenir":92,"bronze:BottledCode":2,"reliquary:JackalopeAntler":33,"downfall:HeartBlessingBlue":0,"Prayer Wheel":73,"reliquary:NewFriend":92,"Art of War":44,"InkBottle":4,"bronze:MakeshiftBattery":19}],"InkBottle":[48]},"card_choices":[{"not_picked":["bronze:Turbo","bronze:GetLatest"],"picked":"bronze:Branch","floor":0},{"not_picked":["bronze:Fortify","bronze:WhirlingStrike"],"picked":"bronze:Branch","floor":2},{"not_picked":["bronze:GetLatest","bronze:Shield"],"picked":"bronze:Flail","floor":6},{"not_picked":["bronze:Backtrace","bronze:NullPointer"],"picked":"bronze:Branch","floor":8},{"not_picked":["bronze:DelayedGuard","bronze:Turbo"],"picked":"bronze:DelayedSlice","floor":9},{"not_picked":["bronze:CutThrough","bronze:Separator"],"picked":"bronze:BuggyMess","floor":10},{"not_picked":["bronze:ForceShield","bronze:WildBeam"],"picked":"bronze:BugBarrage","floor":12},{"not_picked":["bronze:ForceShield","bronze:Backtrace","bronze:CutThrough"],"picked":"SKIP","floor":15},{"not_picked":["bronze:Terminator","bronze:BitShift"],"picked":"bronze:DelayedSlice+1","floor":19},{"not_picked":["bronze:ChildClass","bronze:Boost"],"picked":"bronze:ItsAFeature","floor":20},{"not_picked":["bronze:Invalidate","bronze:InfiniteBeams","bronze:Overload"],"picked":"SKIP","floor":21},{"not_picked":["bronze:Deprecate","bronze:Invalidate+1","bronze:Iterate"],"picked":"SKIP","floor":22},{"not_picked":["bronze:Flail","bronze:WildBeam"],"picked":"bronze:BronzeOrb+1","floor":23},{"not_picked":["bronze:ForceShield","bronze:Separator","bronze:CutThrough"],"picked":"SKIP","floor":25},{"not_picked":["bronze:DelayedGuard","bronze:Branch","bronze:NullPointer+1"],"picked":"Singing Bowl","floor":26},{"not_picked":["bronze:Overheat","bronze:Separator","bronze:Boost"],"picked":"Singing Bowl","floor":27},{"not_picked":["bronze:Repair","bronze:Constructor","bronze:Shield+1"],"picked":"Singing Bowl","floor":28},{"not_picked":["bronze:Philosophize","bronze:Format","bronze:Constructor"],"picked":"Singing Bowl","floor":30},{"not_picked":["bronze:CleanCode","bronze:Deprecate"],"picked":"bronze:MaxOutput","floor":31},{"not_picked":["bronze:FineTuning","bronze:WildBeam","bronze:Repair+1"],"picked":"Singing Bowl","floor":32},{"not_picked":["bronze:InfiniteLoop","bronze:HyperBeam"],"picked":"bronze:HardenedForm","floor":33},{"not_picked":["bronze:Constructor+1","bronze:Overheat+1","bronze:Flail+1"],"picked":"Singing Bowl","floor":36},{"not_picked":["bronze:Branch+1","bronze:ForceShield+1","bronze:BronzeOrb"],"picked":"Singing Bowl","floor":37},{"not_picked":["bronze:Turbo+1","bronze:FineTuning"],"picked":"bronze:ItsAFeature+1","floor":39},{"not_picked":["bronze:Allocate+1","bronze:Overheat+1","bronze:Overload+1"],"picked":"Singing Bowl","floor":40},{"not_picked":["bronze:Philosophize+1","bronze:WildBeam","bronze:DelayedSlice+1"],"picked":"Singing Bowl","floor":42},{"not_picked":["bronze:WildBeam+1","bronze:Mutator","bronze:Deprecate"],"picked":"Singing Bowl","floor":44},{"not_picked":["bronze:FineTuning","bronze:Optimize+1","bronze:Fortify+1"],"picked":"Singing Bowl","floor":46},{"not_picked":["bronze:Backtrace+1","bronze:Iterate+1","bronze:Constructor"],"picked":"Singing Bowl","floor":49},{"not_picked":["bronze:Branch","bronze:Overheat+1","bronze:Safeguard"],"picked":"Singing Bowl","floor":49},{"not_picked":["bronze:WhirlingStrike+1","bronze:Shell","bronze:BronzeOrb+1"],"picked":"Singing Bowl","floor":52}],"player_experience":1102918,"relics_obtained":[{"floor":7,"key":"InkBottle"},{"floor":12,"key":"reliquary:PartyBalloon"},{"floor":24,"key":"reliquary:JackalopeAntler"},{"floor":26,"key":"Singing Bowl"},{"floor":28,"key":"Art of War"},{"floor":31,"key":"Lantern"},{"floor":42,"key":"Prayer Wheel"},{"floor":44,"key":"Guardian:PocketSentry"},{"floor":46,"key":"MawBank"},{"floor":52,"key":"reliquary:SilkGlove"}],"event_choices":[{"cards_removed":["bronze:Defend"],"damage_healed":0,"gold_gain":0,"player_choice":"Removed Skill","damage_taken":0,"max_hp_gain":0,"max_hp_loss":0,"event_name":"Falling","floor":48,"gold_loss":0}],"is_beta":false,"boss_relics":[{"not_picked":["reliquary:Craggleroot","bronze:ElectromagneticCoil"],"picked":"bronze:MakeshiftBattery"},{"not_picked":["relicPack:ShieldShield","relicPack:StarArrow"],"picked":"reliquary:RedCape"}],"items_purged_floors":[21,40,53],"is_endless":false,"potions_floor_spawned":[2,6,19,20,25,26,27,30,32,36,39,42,49],"ascension_level":3}}