{"host":"kfd0jpqqxt101ydt","time":1613203941,"event":{"mods":["BaseMod","Downfall","Googly Eyes","Highlight Path","Minty Spire (QoL Compilation)","StSLib"],"gold_per_floor":[99,99,274,288,438,438,491,391,421,36,64,75,75,92,108,212,212,212,212,212,212],"floor_reached":19,"language":"ENG","playtime":1029,"items_purged":["Doubt"],"score":190,"play_id":"af908c77-61d7-4b9d-851f-eb226dfcb97b","local_time":"20210213101221","is_ascension_mode":true,"campfire_choices":[{"data":"Guardian:CurlUp","floor":1,"key":"SMITH"},{"data":"Guardian:TwinSlam","floor":8,"key":"SMITH"},{"floor":13,"key":"REST"},{"floor":18,"key":"REST"}],"circlet_count":0,"master_deck":["Guardian:Strike_Guardian","Guardian:Strike_Guardian","Guardian:Strike_Guardian","Guardian:Strike_Guardian","Guardian:Defend_Guardian","Guardian:Defend_Guardian","Guardian:Defend_Guardian","Guardian:Defend_Guardian","Guardian:CurlUp+1","Guardian:TwinSlam+1","Guardian:Gem_Blue","downfall:Icky","Guardian:FuturePlans","Guardian:Planning","Guardian:TemporalStrike","Guardian:ExploitGems"],"relics":["Guardian:ModeShifter","TungstenRod","Guardian:PickAxe","downfall:BrokenWingStatue","downfall:HeartBlessingBlue","Vajra","MealTicket","Oddly Smooth Stone","Toy Ornithopter","expansioncontent:StudyCardRelic"],"acts_visited":["Exordium","TheCity"],"potions_floor_usage":[9,16],"damage_taken":[{"damage":13,"enemies":"WA_ARCHETYPE_RETAIN","floor":2,"turns":6},{"damage":1,"enemies":"Jaw Worm","floor":4,"turns":5},{"damage":32,"enemies":"Gremlin Nob","floor":9,"turns":5},{"damage":0,"enemies":"downfall:FleeingMerchant","floor":10,"turns":4},{"damage":12,"enemies":"Lagavulin","floor":11,"turns":9},{"damage":0,"enemies":"2 Louse","floor":12,"turns":2},{"damage":3,"enemies":"Small Slimes","floor":14,"turns":4},{"damage":1,"enemies":"3 Louse","floor":15,"turns":4},{"damage":20,"enemies":"DF_ARCHETYPE_STREAMLINE","floor":16,"turns":11},{"damage":0,"enemies":"Chosen","floor":19,"turns":1}],"seed_played":"1848049004725065570","potions_obtained":[{"floor":4,"key":"Fire Potion"},{"floor":14,"key":"AttackPotion"}],"is_trial":false,"path_per_floor":["R","?","?","M","?","?","T","R","E","$","E","M","R","M","M","B",null,"R","M"],"character_chosen":"GUARDIAN","items_purchased":["MealTicket","Oddly Smooth Stone"],"campfire_rested":2,"item_purchase_floors":[10,10],"current_hp_per_floor":[72,59,59,58,58,58,58,68,36,36,24,24,48,45,44,29,82,82,82,82,82],"gold":212,"neow_bonus":"ONE_RARE_RELIC","is_daily":false,"chose_seed":false,"campfire_upgraded":2,"win_rate":0.0,"timestamp":1613203941,"path_taken":["R","?","?","M","?","?","T","R","E","?","E","M","R","M","M","BOSS","R","M"],"items_purchased_type":["Relic","Relic"],"build_version":"2020-12-22","purchased_purges":1,"victory":false,"max_hp_per_floor":[72,72,72,72,72,72,72,82,82,82,82,82,82,82,82,82,82,82,82,82,82],"card_choices":[{"not_picked":["Guardian:Gem_Green","Guardian:SpikerProtocol","Guardian:Gem_Purple"],"picked":"SKIP","floor":4},{"not_picked":["Guardian:Gem_Red","Guardian:Suspension"],"picked":"Guardian:FuturePlans","floor":9},{"not_picked":["Guardian:Gem_Crimson","Guardian:Suspension"],"picked":"Guardian:Gem_Orange","floor":10},{"not_picked":["Guardian:FuturePlans","Guardian:ShieldCharger"],"picked":"Guardian:Planning","floor":11},{"not_picked":["Guardian:Reroute","Guardian:SentryBeam","Guardian:Gem_Lightblue"],"picked":"SKIP","floor":12},{"not_picked":["Guardian:ArmoredProtocol","Guardian:Suspension"],"picked":"Guardian:TemporalStrike","floor":14},{"not_picked":["Guardian:WalkerClaw","Guardian:ConstructionForm","Guardian:CrystalBeam"],"picked":"SKIP","floor":15},{"not_picked":["Guardian:GemFinder","Guardian:ConstructionForm"],"picked":"Guardian:ExploitGems","floor":16}],"player_experience":43438,"relics_obtained":[{"floor":9,"key":"Vajra"},{"floor":11,"key":"Toy Ornithopter"}],"event_choices":[],"is_beta":false,"boss_relics":[{"not_picked":["Tiny House","SacredBark"],"picked":"expansioncontent:StudyCardRelic"}],"items_purged_floors":[10],"is_endless":false,"potions_floor_spawned":[2,4,14],"killed_by":"Chosen","ascension_level":2}}