{"host":"Teixeira","time":1613184835,"event":{"mods":["2.2 Compatiblity","AchievementEnabler","Aspiration","BaseMod","Better Match","Better Note","Better Sensory Stone","Better Skull","Better Third Choice","Bossed Relics","Colored Map","Colored Powertips","Downfall","Hermit","Hubris","Infinite Spire","Minty Spire (QoL Compilation)","Monster B Gone","Permanent Neow","Quick Restart","Rare Cards Sparkle","Relic Filter Mod","Replay The Spire","Spicy Shops","StSLib","SuperFastMode","Wide Potions"],"gold_per_floor":[99,120,145,145,160,160,206,220,240,276,296,296,421,446,465,585,585,785,810,824,824,838,838,838,877,343,343,356,356,391,410,426,546,546,446,465,490,490,48,88,88,154,196,196,238,279,279,334,374,392],"floor_reached":51,"language":"ENG","playtime":7892,"items_purged":["Slimebound:Strike_Slimebound","Slimebound:Strike_Slimebound","Pain"],"score":807,"play_id":"b02baa76-4c59-44e1-8ce2-ed855ebb933e","local_time":"20210212235355","is_ascension_mode":false,"campfire_choices":[{"data":"Slimebound:CorrosiveSpit","floor":1.0,"key":"SMITH"},{"data":"Slimebound:Grow","floor":6.0,"key":"SMITH"},{"data":"Slimebound:ItLooksTasty","floor":12.0,"key":"SMITH"},{"data":"Slimebound:LeechEnergy","floor":18.0,"key":"SMITH"},{"data":"Slimebound:ItLooksTasty","floor":23.0,"key":"SMITH"},{"data":"Slimebound:SpikyOuterGoop","floor":35.0,"key":"SMITH"},{"floor":44.0,"key":"DIG"},{"data":"Slimebound:MegaLick","floor":47.0,"key":"SMITH"}],"circlet_count":0,"master_deck":["DeusExMachina+1","Slimebound:Strike_Slimebound","Slimebound:Tackle","Slimebound:Defend_Slimebound","Slimebound:Defend_Slimebound","Slimebound:Defend_Slimebound+1","Slimebound:Defend_Slimebound","Slimebound:Split","Slimebound:CorrosiveSpit+1","Slimebound:ItLooksTasty+1","Slimebound:Gluttony+1","Slimebound:CorrosiveSpit+1","Slimebound:Grow+1","Slimebound:LeechEnergy+1","Slimebound:HauntingLick+1","Slimebound:LeechLife+1","CurseOfTheBell","Slimebound:HauntingLick+1","Slimebound:ItLooksTasty+1","Slimebound:MegaLick+1","Slimebound:LeechEnergy+1","Slimebound:HauntingLick+1","Slimebound:SamplingLick+1","Slimebound:SpikyOuterGoop+1","Terror+1","Slimebound:TongueLash+1","Slimebound:TongueLash+1","Slimebound:SamplingLick+1"],"relics":["Slimebound:AbsorbEndCombat","aspiration:Lifesprig","Golden Idol","ReplayTheSpireMod:TigerMarble","CaptainsWheel","downfall:GremlinWheel","Calling Bell","Bag of Marbles","Prayer Wheel","infinitespire:BottledMercury","hubris:PeanutButter","Pandora\u0027s Box","Bottled Tornado","Vajra","Guide Book","Happy Flower","Shovel","War Paint","Sozu","downfall:HeartBlessingBlue","Incense Burner","Orichalcum","Replay:Bandana","aspiration:FrozenJewel","TheAbacus","Meat on the Bone","Slimebound:MaxSlimesRelic","infinitespire:Lucky Rock","Nunchaku"],"acts_visited":["Exordium","TheCity","TheBeyond"],"potions_floor_usage":[],"damage_taken":[{"damage":1.0,"enemies":"Small Slimes","floor":2.0,"turns":3.0},{"damage":0.0,"enemies":"Cultist","floor":3.0,"turns":3.0},{"damage":11.0,"enemies":"Jaw Worm","floor":5.0,"turns":3.0},{"damage":3.0,"enemies":"Red Slaver","floor":8.0,"turns":3.0},{"damage":9.0,"enemies":"Lots of Slimes","floor":9.0,"turns":3.0},{"damage":33.0,"enemies":"3 Sentries","floor":10.0,"turns":9.0},{"damage":0.0,"enemies":"Gremlin Gang","floor":11.0,"turns":4.0},{"damage":12.0,"enemies":"Gremlin Gang","floor":13.0,"turns":4.0},{"damage":11.0,"enemies":"Exordium Thugs","floor":14.0,"turns":4.0},{"damage":6.0,"enemies":"Red Slaver","floor":15.0,"turns":4.0},{"damage":29.0,"enemies":"DF_ARCHETYPE_STREAMLINE","floor":16.0,"turns":7.0},{"damage":23.0,"enemies":"Chosen","floor":19.0,"turns":5.0},{"damage":7.0,"enemies":"3 Byrds","floor":20.0,"turns":5.0},{"damage":0.0,"enemies":"3 Cultists","floor":22.0,"turns":4.0},{"damage":6.0,"enemies":"Slavers","floor":25.0,"turns":4.0},{"damage":0.0,"enemies":"downfall:FleeingMerchant","floor":26.0,"turns":4.0},{"damage":0.0,"enemies":"Cultist and Chosen","floor":28.0,"turns":4.0},{"damage":17.0,"enemies":"Gremlin Leader","floor":30.0,"turns":5.0},{"damage":0.0,"enemies":"Sentry and Sphere","floor":31.0,"turns":4.0},{"damage":10.0,"enemies":"Shelled Parasite and Fungi","floor":32.0,"turns":3.0},{"damage":25.0,"enemies":"SI_MIRROR_ARCHETYPE","floor":33.0,"turns":6.0},{"damage":0.0,"enemies":"3 Shapes","floor":36.0,"turns":3.0},{"damage":0.0,"enemies":"Orb Walker","floor":37.0,"turns":2.0},{"damage":10.0,"enemies":"downfall:FleeingMerchant","floor":39.0,"turns":4.0},{"damage":0.0,"enemies":"Maw","floor":40.0,"turns":4.0},{"damage":8.0,"enemies":"Nemesis","floor":42.0,"turns":5.0},{"damage":0.0,"enemies":"Sphere and 2 Shapes","floor":43.0,"turns":3.0},{"damage":0.0,"enemies":"Transient","floor":45.0,"turns":5.0},{"damage":0.0,"enemies":"4 Shapes","floor":46.0,"turns":3.0},{"damage":20.0,"enemies":"Reptomancer","floor":48.0,"turns":4.0},{"damage":0.0,"enemies":"3 Darklings","floor":49.0,"turns":2.0},{"damage":73,"enemies":"WA_ARCHETYPE_DIVINITY","floor":50,"turns":11}],"seed_played":"-2984978169180183684","potions_obtained":[{"floor":3.0,"key":"Languid Potion"},{"floor":9.0,"key":"Energy Potion"},{"floor":14.0,"key":"Ancient Potion"},{"floor":15.0,"key":"bronze:BurnAndBuffPotion"},{"floor":16.0,"key":"Slimebound:SlimedPotion"},{"floor":28.0,"key":"Swift Potion"}],"is_trial":false,"path_per_floor":["R","M","M","?","M","R","T","M","M","E","M","R","?","M","M","B",null,"R","M","M","AVR","M","R","T","E","$","?","M","?","E","M","M","B",null,"R","M","M","?","$","M","T","E","M","R","M","M","R","E","M","B",null],"character_chosen":"SLIMEBOUND","items_purchased":["Vajra","Guide Book","Happy Flower","Incense Burner","Orichalcum","Replay:Bandana","aspiration:FrozenJewel","TheAbacus"],"campfire_rested":0,"item_purchase_floors":[26,26,26,39,39,39,39,39],"current_hp_per_floor":[65,65,65,65,56,56,56,59,58,33,39,39,35,32,32,11,65,65,51,62,62,68,68,68,66,68,68,68,68,61,68,66,46,68,78,78,78,78,68,78,78,70,78,78,78,78,78,68,76,17],"gold":392,"neow_bonus":"RANDOM_COMMON_RELIC","is_daily":false,"chose_seed":false,"campfire_upgraded":7,"win_rate":0.0,"timestamp":1613184835,"path_taken":["R","M","M","?","?","R","T","M","M","E","?","R","?","?","M","BOSS","R","M","M","AVR","?","R","T","E","$","?","M","?","E","M","M","BOSS","R","M","M","?","$","M","T","E","M","R","M","M","R","E","M","BOSS"],"items_purchased_type":["Relic","Relic","Relic","Relic","Relic","Relic","Relic","Relic"],"build_version":"2020-11-17","purchased_purges":3,"victory":true,"max_hp_per_floor":[65,65,65,65,65,65,65,65,65,65,65,65,65,65,65,65,65,65,68,68,68,68,68,68,68,68,68,68,68,68,68,68,68,68,78,78,78,78,78,78,78,78,78,78,78,78,78,78,78,78],"card_choices":[{"not_picked":["Slimebound:Prepare","Slimebound:SlimeBrawl"],"picked":"Slimebound:ItLooksTasty","floor":2.0},{"not_picked":["Slimebound:ComboTackle","Slimebound:Recollect"],"picked":"Slimebound:Gluttony","floor":3.0},{"not_picked":["Slimebound:SplitLeeching","Slimebound:FinishingTackle"],"picked":"Slimebound:Grow","floor":5.0},{"not_picked":["Slimebound:SplitAcid","Slimebound:SplitMire","Slimebound:ForwardTackle"],"picked":"SKIP","floor":8.0},{"not_picked":["Slimebound:SplitAcid","Slimebound:SplitMire","Slimebound:ForwardTackle"],"picked":"SKIP","floor":8.0},{"not_picked":["Slimebound:Schlurp","Slimebound:ServeAndProtect"],"picked":"Slimebound:LeechEnergy","floor":9.0},{"not_picked":["Slimebound:SelfFormingGoo","Slimebound:HungryTackle","Slimebound:DisruptingSlam"],"picked":"SKIP","floor":10.0},{"not_picked":["Slimebound:SplitBruiser","Slimebound:Grow","Slimebound:FormOfPuddle"],"picked":"SKIP","floor":11.0},{"not_picked":["Slimebound:SplitLeeching","Slimebound:GoopTackle","Slimebound:DivideAndConquer"],"picked":"SKIP","floor":14.0},{"not_picked":["Slimebound:ComboTackle","Slimebound:Equalize"],"picked":"Slimebound:HauntingLick","floor":15.0},{"not_picked":["Slimebound:MassRepurpose","Slimebound:Overexert"],"picked":"Slimebound:LeechLife","floor":16.0},{"not_picked":["Slimebound:Grow","Slimebound:FinishingTackle+1"],"picked":"Slimebound:HauntingLick+1","floor":19.0},{"not_picked":["Slimebound:SplitAcid","Slimebound:ComboTackle"],"picked":"Slimebound:ItLooksTasty","floor":19.0},{"not_picked":["Slimebound:GoopTackle","Slimebound:Equalize"],"picked":"Slimebound:MegaLick","floor":20.0},{"not_picked":["Slimebound:ComboTackle","Slimebound:LivingWall","Slimebound:SplitLeeching"],"picked":"SKIP","floor":20.0},{"not_picked":["Slimebound:Schlurp","Slimebound:GoopTackle"],"picked":"Slimebound:LeechEnergy+1","floor":22.0},{"not_picked":["Slimebound:GoopSpray","Slimebound:SplitAcid","Slimebound:AcidTongue"],"picked":"SKIP","floor":22.0},{"not_picked":["Slimebound:RainOfGoop","Slimebound:GoopTackle"],"picked":"Slimebound:HauntingLick+1","floor":25.0},{"not_picked":["Slimebound:Chomp","Slimebound:SlimeTap"],"picked":"Slimebound:SamplingLick+1","floor":26.0},{"not_picked":["Slimebound:ForwardTackle","Slimebound:GoopSpray"],"picked":"Slimebound:SpikyOuterGoop","floor":28.0},{"not_picked":["Slimebound:ComboTackle","Slimebound:SplitMire","Slimebound:Dissolve"],"picked":"SKIP","floor":28.0},{"not_picked":["Slimebound:Chomp","Slimebound:SlimeBarrage","Slimebound:SlimeSlap"],"picked":"SKIP","floor":30.0},{"not_picked":["Slimebound:FinishingTackle","Slimebound:SplitAcid","Slimebound:Dissolve"],"picked":"SKIP","floor":31.0},{"not_picked":["Slimebound:RejuvenatingLick","Slimebound:RollThrough+1","Slimebound:SlimeSpikes+1"],"picked":"SKIP","floor":31.0},{"not_picked":["Slimebound:LivingWall","Slimebound:Prepare"],"picked":"Slimebound:TongueLash+1","floor":32.0},{"not_picked":["Slimebound:GoopTackle","Slimebound:SplitMire","Slimebound:Chomp"],"picked":"SKIP","floor":32.0},{"not_picked":["Slimebound:SplitMire","Slimebound:PressTheAttack+1","Slimebound:GoopTackle+1"],"picked":"SKIP","floor":36.0},{"not_picked":["Slimebound:Repurpose","Slimebound:SplitAcid+1","Slimebound:FormOfPuddle"],"picked":"SKIP","floor":36.0},{"not_picked":["Slimebound:Dissolve","Slimebound:RollThrough"],"picked":"Slimebound:TongueLash","floor":37.0},{"not_picked":["Slimebound:PressTheAttack+1","Slimebound:CheckThePlaybook","Slimebound:Chomp+1"],"picked":"SKIP","floor":37.0},{"not_picked":["Slimebound:RollThrough+1","Slimebound:ViciousTackle+1","Slimebound:Replication"],"picked":"SKIP","floor":39.0},{"not_picked":["Slimebound:LevelUp+1","Slimebound:SplitAcid+1","Slimebound:LivingWall"],"picked":"SKIP","floor":40.0},{"not_picked":["Slimebound:Grow","Slimebound:SplitMire+1","Slimebound:GoopTackle+1"],"picked":"SKIP","floor":40.0},{"not_picked":["Slimebound:LivingWall","Slimebound:ItLooksTasty","Slimebound:ServeAndProtect"],"picked":"SKIP","floor":42.0},{"not_picked":["Slimebound:GoopSpray+1","Slimebound:PressTheAttack"],"picked":"Slimebound:SamplingLick+1","floor":43.0},{"not_picked":["Slimebound:LeadByExample","Slimebound:SplitAcid+1","Slimebound:LivingWall"],"picked":"SKIP","floor":43.0},{"not_picked":["Slimebound:ForwardTackle","Slimebound:Darklings","Slimebound:ComboTackle+1"],"picked":"SKIP","floor":45.0},{"not_picked":["Slimebound:Equalize","Slimebound:Replication","Slimebound:SplitLeeching+1"],"picked":"SKIP","floor":45.0},{"not_picked":["Slimebound:Replication+1","Slimebound:GoopSpray+1","Slimebound:GoopTackle+1"],"picked":"SKIP","floor":46.0},{"not_picked":["Slimebound:FinishingTackle","Slimebound:LeechingTouch","Slimebound:SplitAcid+1"],"picked":"SKIP","floor":46.0},{"not_picked":["Slimebound:SplitBruiser+1","Slimebound:SplitSpecialist","Slimebound:LevelUp+1"],"picked":"SKIP","floor":48.0},{"not_picked":["Slimebound:SplitBruiser+1","Slimebound:SlimeSpikes","Slimebound:ForwardTackle"],"picked":"SKIP","floor":49.0},{"not_picked":["Slimebound:ProtectTheBoss","Slimebound:SlimeBrawl","Slimebound:SamplingLick+1"],"picked":"SKIP","floor":49.0}],"player_experience":162417,"relics_obtained":[{"floor":7.0,"key":"ReplayTheSpireMod:TigerMarble"},{"floor":10.0,"key":"CaptainsWheel"},{"floor":13.0,"key":"downfall:GremlinWheel"},{"floor":17.0,"key":"Bag of Marbles"},{"floor":17.0,"key":"Prayer Wheel"},{"floor":17.0,"key":"infinitespire:BottledMercury"},{"floor":25.0,"key":"Bottled Tornado"},{"floor":30.0,"key":"War Paint"},{"floor":41.0,"key":"Meat on the Bone"},{"floor":42.0,"key":"Slimebound:MaxSlimesRelic"},{"floor":44.0,"key":"infinitespire:Lucky Rock"},{"floor":48.0,"key":"Nunchaku"}],"event_choices":[{"damage_healed":0.0,"max_hp_gain":0.0,"max_hp_loss":0.0,"gold_gain":200.0,"event_name":"Wheel of Change","player_choice":"Gold","floor":18.0,"gold_loss":0.0,"damage_taken":0.0},{"cards_removed":["DeusExMachina"],"damage_healed":0.0,"max_hp_gain":0.0,"max_hp_loss":0.0,"gold_gain":0.0,"event_name":"betterNote:BetterNote","player_choice":"Take \u0026 Give","floor":29.0,"gold_loss":0.0,"damage_taken":0.0,"cards_obtained":["Terror"]}],"is_beta":true,"boss_relics":[{"not_picked":["hubris:BlackHole","Tiny House"],"picked":"Calling Bell"},{"not_picked":["infinitespire:Cupcake","Slimebound:AbsorbEndCombatUpgraded"],"picked":"Sozu"}],"items_purged_floors":[21,26,39],"is_endless":false,"potions_floor_spawned":[3,9,14,15,16,19,20,28,37,42,45,46,48],"ascension_level":0}}