{"host":"nwtxriuk34b069je","time":1613176588,"event":{"mods":["AchievementEnabler","BaseMod","Better Skull","Colored Map","Colored Powertips","Hermit","Minty Spire (QoL Compilation)","Relic Stats","StSLib"],"gold_per_floor":[115,115,135,8,18,18,18,37,37,67,82,99,112,12,12,111,111,122,135,135,147,147,160,160,160],"floor_reached":24,"language":"ENG","playtime":788,"items_purged":["Defend_R","Defend_R"],"score":302,"play_id":"90f4d733-af33-462d-a871-5d2c1f3f1bf4","local_time":"20210212183628","is_ascension_mode":false,"campfire_choices":[{"data":"Armaments","floor":6,"key":"SMITH"},{"floor":15,"key":"REST"}],"circlet_count":0,"master_deck":["Strike_R","Strike_R","Strike_R","Strike_R","Strike_R","Bash","Armaments+1","Clash","Cleave","Inflame","Thunderclap","Flex+1","Immolate","Demon Form","Armaments+1","Anger","Clash"],"relics":["Unceasing Top","Pantograph","White Beast Statue","Runic Cube"],"acts_visited":["Exordium","TheCity"],"potions_floor_usage":[13,16,16,21,21,23,23,24],"damage_taken":[{"damage":8,"enemies":"2 Louse","floor":1,"turns":2},{"damage":15,"enemies":"Small Slimes","floor":3,"turns":3},{"damage":0,"enemies":"Cultist","floor":5,"turns":2},{"damage":0,"enemies":"Large Slime","floor":8,"turns":4},{"damage":17,"enemies":"Gremlin Nob","floor":10,"turns":4},{"damage":12,"enemies":"Gremlin Gang","floor":11,"turns":3},{"damage":0,"enemies":"Blue Slaver","floor":12,"turns":1},{"damage":0,"enemies":"Red Slaver","floor":13,"turns":1},{"damage":33,"enemies":"The Guardian","floor":16,"turns":6},{"damage":27,"enemies":"Spheric Guardian","floor":18,"turns":4},{"damage":24,"enemies":"Shell Parasite","floor":19,"turns":4},{"damage":21,"enemies":"Snake Plant","floor":21,"turns":3},{"damage":15,"enemies":"Centurion and Healer","floor":23,"turns":3},{"damage":20,"enemies":"Snecko","floor":24,"turns":3}],"seed_played":"5473242048688965085","potions_obtained":[{"floor":8,"key":"HeartOfIron"},{"floor":11,"key":"AttackPotion"},{"floor":12,"key":"BloodPotion"},{"floor":13,"key":"Strength Potion"},{"floor":16,"key":"Ancient Potion"},{"floor":18,"key":"SkillPotion"},{"floor":21,"key":"PowerPotion"},{"floor":23,"key":"ElixirPotion"}],"is_trial":true,"path_per_floor":["M","?","M","$","M","R","?","M","T","E","M","M","M","$","R","B",null,"M","M","?","M","?","M","M"],"character_chosen":"IRONCLAD","items_purchased":["Cleave"],"campfire_rested":1,"item_purchase_floors":[4],"current_hp_per_floor":[72,65,50,50,50,50,50,50,50,33,21,21,21,21,45,37,80,53,29,29,24,24,9,0,0],"gold":160,"neow_bonus":"","is_daily":false,"chose_seed":false,"campfire_upgraded":1,"win_rate":0.0,"timestamp":1613176588,"path_taken":["M","?","M","$","M","R","?","M","T","E","M","?","M","$","R","BOSS","M","M","?","?","?","M","?"],"items_purchased_type":["Card"],"build_version":"2020-12-22","purchased_purges":2,"victory":false,"max_hp_per_floor":[80,80,80,80,80,80,80,80,80,80,80,80,80,80,80,80,80,80,80,80,80,80,80,80,80],"relic_stats":{"counters":[14,43],"Pantograph":25,"obtain_stats":[{"Pantograph":9,"Unceasing Top":0,"White Beast Statue":10,"Runic Cube":17},{"Pantograph":4,"Unceasing Top":0,"White Beast Statue":5,"Runic Cube":9},{"Pantograph":11,"Unceasing Top":0,"White Beast Statue":15,"Runic Cube":26}],"Unceasing Top":[4],"Runic Cube":[12]},"card_choices":[{"not_picked":["Twin Strike","Perfected Strike"],"picked":"Armaments","floor":1},{"not_picked":["Iron Wave","Anger"],"picked":"Clash","floor":3},{"not_picked":["Perfected Strike","Headbutt"],"picked":"Inflame","floor":5},{"not_picked":["Body Slam","Shrug It Off"],"picked":"Thunderclap","floor":8},{"not_picked":["Rampage","Twin Strike"],"picked":"Flex","floor":10},{"not_picked":["Combust","Burning Pact","Twin Strike"],"picked":"SKIP","floor":11},{"not_picked":["Rampage","Bloodletting","Thunderclap"],"picked":"SKIP","floor":12},{"not_picked":["Shrug It Off","Headbutt"],"picked":"Immolate","floor":13},{"not_picked":["Bludgeon","Corruption"],"picked":"Demon Form","floor":16},{"not_picked":["Warcry","Whirlwind+1"],"picked":"Armaments+1","floor":18},{"not_picked":["Twin Strike","Cleave+1"],"picked":"Anger","floor":19},{"not_picked":["Flame Barrier+1","Shrug It Off+1","Second Wind"],"picked":"SKIP","floor":21},{"not_picked":["Sword Boomerang","Rampage","Wild Strike"],"picked":"SKIP","floor":23}],"player_experience":542961,"relics_obtained":[{"floor":9,"key":"Pantograph"},{"floor":10,"key":"White Beast Statue"}],"event_choices":[{"cards_removed":["Defend_R"],"damage_healed":0,"gold_gain":0,"player_choice":"Card Removal","damage_taken":7,"max_hp_gain":0,"max_hp_loss":0,"event_name":"Golden Wing","floor":2,"gold_loss":0},{"cards_removed":["Defend_R"],"damage_healed":0,"gold_gain":0,"player_choice":"Purged","damage_taken":0,"max_hp_gain":0,"max_hp_loss":0,"event_name":"Purifier","floor":7,"gold_loss":0},{"damage_healed":0,"gold_gain":0,"player_choice":"Copied","damage_taken":0,"max_hp_gain":0,"max_hp_loss":0,"event_name":"Duplicator","floor":20,"gold_loss":0,"cards_obtained":["Clash"]},{"damage_healed":0,"gold_gain":0,"player_choice":"Forge","damage_taken":0,"max_hp_gain":0,"max_hp_loss":0,"event_name":"Accursed Blacksmith","floor":22,"gold_loss":0,"cards_upgraded":["Flex"]}],"is_beta":false,"boss_relics":[{"not_picked":["Busted Crown","Coffee Dripper"],"picked":"Runic Cube"}],"items_purged_floors":[4,14],"is_endless":true,"potions_floor_spawned":[8,11,12,13,16,18,19,21,23],"killed_by":"Snecko","ascension_level":0}}