{"host":"mnpd8gh7cwxsn5kh","time":1613242433,"event":{"mods":["BaseMod","Bestiary","Block Reminder","Colored Map","Colored Powertips","Highlight Path","Minty Spire (QoL Compilation)","Relic Sorter","Relic Stats"],"gold_per_floor":[109,122,142,142,156,156,190,190,190,216,216,234,67,87,87,160,160,175,175,175,193,210,210,225,225,225],"floor_reached":25,"language":"ENG","playtime":1290,"items_purged":[],"score":383,"play_id":"1600a4c5-d2ea-4621-ae00-84d31634dd9f","local_time":"20210213195353","is_ascension_mode":true,"campfire_choices":[{"data":"Doom and Gloom","floor":6,"key":"SMITH"},{"floor":8,"key":"REST"},{"data":"Hologram","floor":11,"key":"SMITH"},{"floor":15,"key":"REST"},{"floor":23,"key":"REST"}],"circlet_count":0,"master_deck":["AscendersBane","Strike_B","Strike_B","Defend_B","Defend_B","Defend_B","Defend_B","Zap","Dualcast","Static Discharge","Doom and Gloom+1","Ball Lightning","Biased Cognition","Echo Form","FTL","Hologram+1","Leap","Core Surge","Conserve Battery","Genetic Algorithm","Streamline"],"relics":["Cracked Core","PreservedInsect","DataDisk","StrikeDummy","Orichalcum","Odd Mushroom","Nuclear Battery"],"acts_visited":["Exordium","TheCity"],"potions_floor_usage":[10,12,16,25,25],"damage_taken":[{"damage":1,"enemies":"Cultist","floor":1,"turns":4},{"damage":8,"enemies":"2 Louse","floor":2,"turns":2},{"damage":2,"enemies":"Jaw Worm","floor":3,"turns":3},{"damage":21,"enemies":"Blue Slaver","floor":5,"turns":4},{"damage":10,"enemies":"Lagavulin","floor":7,"turns":5},{"damage":12,"enemies":"Gremlin Nob","floor":10,"turns":3},{"damage":19,"enemies":"Exordium Thugs","floor":12,"turns":4},{"damage":6,"enemies":"The Mushroom Lair","floor":14,"turns":3},{"damage":4,"enemies":"Hexaghost","floor":16,"turns":7},{"damage":7,"enemies":"Chosen","floor":18,"turns":4},{"damage":19,"enemies":"Shell Parasite","floor":21,"turns":4},{"damage":17,"enemies":"Centurion and Healer","floor":22,"turns":6},{"damage":14,"enemies":"Snake Plant","floor":24,"turns":5},{"damage":25,"enemies":"Slavers","floor":25,"turns":3}],"seed_played":"-1987881399249980356","potions_obtained":[{"floor":1,"key":"Weak Potion"},{"floor":5,"key":"Strength Potion"},{"floor":10,"key":"Energy Potion"},{"floor":14,"key":"Fire Potion"},{"floor":18,"key":"DuplicationPotion"}],"is_trial":false,"path_per_floor":["M","M","M","?","M","R","E","R","T","E","R","M","$","?","R","B",null,"M","?","?","M","M","R","M","E"],"character_chosen":"DEFECT","items_purchased":["Orichalcum"],"campfire_rested":3,"item_purchase_floors":[13],"current_hp_per_floor":[63,55,53,53,32,32,22,43,43,31,31,12,12,6,27,23,59,52,52,52,33,16,37,23,0,0],"gold":225,"neow_bonus":"TRANSFORM_CARD","is_daily":false,"chose_seed":false,"campfire_upgraded":2,"win_rate":0.0,"timestamp":1613242433,"path_taken":["M","M","?","?","M","R","E","R","T","E","R","M","$","?","R","BOSS","M","?","?","?","M","R","M","E"],"items_purchased_type":["Relic"],"build_version":"2020-12-22","purchased_purges":0,"victory":false,"max_hp_per_floor":[71,71,71,71,71,71,71,71,71,71,71,71,71,71,71,71,71,71,71,71,71,71,71,71,71,71],"relic_stats":{"counters":[14,57],"PreservedInsect":63,"Orichalcum":[84],"obtain_stats":[{"DataDisk":9,"PreservedInsect":7,"Orichalcum":13,"Odd Mushroom":14,"Cracked Core":0,"StrikeDummy":10,"Nuclear Battery":17},{"DataDisk":5,"PreservedInsect":5,"Orichalcum":7,"Odd Mushroom":8,"Cracked Core":0,"StrikeDummy":6,"Nuclear Battery":9},{"DataDisk":18,"PreservedInsect":18,"Orichalcum":25,"Odd Mushroom":28,"Cracked Core":0,"StrikeDummy":21,"Nuclear Battery":35}]},"card_choices":[{"not_picked":["Stack","Cold Snap"],"picked":"Doom and Gloom","floor":1},{"not_picked":["White Noise","Rebound"],"picked":"Ball Lightning","floor":2},{"not_picked":["Conserve Battery","Self Repair"],"picked":"Biased Cognition","floor":3},{"not_picked":["Go for the Eyes","Heatsinks","Redo"],"picked":"SKIP","floor":5},{"not_picked":["Go for the Eyes","Compile Driver"],"picked":"FTL","floor":7},{"not_picked":["Compile Driver","Gash"],"picked":"Hologram","floor":10},{"not_picked":["Skim","Streamline"],"picked":"Leap","floor":12},{"not_picked":["Fission","Biased Cognition"],"picked":"Core Surge","floor":16},{"not_picked":["Streamline","Darkness+1"],"picked":"Conserve Battery","floor":18},{"not_picked":["Turbo","Ball Lightning"],"picked":"Genetic Algorithm","floor":21},{"not_picked":["Doom and Gloom","Blizzard"],"picked":"Streamline","floor":22},{"not_picked":["Go for the Eyes","Rebound+1","Melter"],"picked":"SKIP","floor":24}],"player_experience":518355,"relics_obtained":[{"floor":7,"key":"PreservedInsect"},{"floor":9,"key":"DataDisk"},{"floor":10,"key":"StrikeDummy"},{"floor":14,"key":"Odd Mushroom"}],"event_choices":[{"damage_healed":0,"gold_gain":0,"cards_transformed":["Strike_B"],"player_choice":"Change","damage_taken":0,"max_hp_gain":0,"max_hp_loss":0,"event_name":"Living Wall","floor":4,"gold_loss":0,"cards_obtained":["Echo Form"]},{"damage_healed":0,"gold_gain":0,"player_choice":"Fought Mushrooms","damage_taken":0,"max_hp_gain":0,"max_hp_loss":0,"event_name":"Mushrooms","floor":14,"gold_loss":0},{"damage_healed":0,"gold_gain":0,"player_choice":"Ignored","damage_taken":0,"max_hp_gain":0,"max_hp_loss":0,"event_name":"Ghosts","floor":19,"gold_loss":0},{"damage_healed":0,"gold_gain":0,"player_choice":"Got Potions","damage_taken":0,"max_hp_gain":0,"max_hp_loss":0,"event_name":"Lab","floor":20,"gold_loss":0}],"is_beta":false,"boss_relics":[{"not_picked":["Velvet Choker","Black Star"],"picked":"Nuclear Battery"}],"items_purged_floors":[],"is_endless":false,"potions_floor_spawned":[1,5,10,14,18,24],"killed_by":"Slavers","ascension_level":16}}