{"host":"l2dnabsh5e0fsksb","time":1613219763,"event":{"mods":["2.2 Compatiblity","BaseMod","Downfall","Minty Spire (QoL Compilation)","Quick Restart","StSLib"],"gold_per_floor":[99,115,135,152,137,587,587,616,716,747,765,665,708,736,765,876,903,903,919,938,557,579,579,579,579],"floor_reached":23,"language":"ENG","playtime":1064,"items_purged":["downfall:Icky"],"score":254,"play_id":"9e9c7afa-565d-4bfd-b3e1-aad3d4a0815c","local_time":"20210213230603","is_ascension_mode":true,"campfire_choices":[{"data":"hexamod:Sear","floor":1.0,"key":"SMITH"},{"floor":12.0,"key":"REST"},{"floor":18,"key":"RECALL"}],"circlet_count":0,"master_deck":["hexamod:Strike","hexamod:Strike","hexamod:Defend","hexamod:Defend","hexamod:Defend","hexamod:Sear+1","hexamod:Float","hexamod:HeatMetal","hexamod:RadiantFlame","hexamod:Incineration","hexamod:GhostOfSpireFuture","downfall:Icky","downfall:Icky","hexamod:GhostLash","hexamod:ApocalypticArmor","hexamod:RainOfEmbers","hexamod:PowerFromBeyond","hexamod:EmpoweredFlame","hexamod:SpectersWail","hexamod:HexaLevel","hexamod:FlamesFromBeyond+1","hexamod:Haunt+1","hexamod:GiftsFromTheDead+1","hexamod:FlamesFromBeyond","hexamod:NecessarySacrifice","hexamod:Firestarter"],"relics":["hexamod:SpiritBrand","Meat on the Bone","Odd Mushroom","Lantern","downfall:HeartBlessingGreen","CeramicFish","Astrolabe","Lee\u0027s Waffle","Bronze Scales"],"acts_visited":["Exordium","TheCity"],"potions_floor_usage":[14,15,19,20,21,23],"damage_taken":[{"damage":0.0,"enemies":"Cultist","floor":2.0,"turns":3.0},{"damage":2.0,"enemies":"2 Louse","floor":3.0,"turns":3.0},{"damage":0.0,"enemies":"Small Slimes","floor":4.0,"turns":3.0},{"damage":5.0,"enemies":"downfall:FleeingMerchant","floor":5.0,"turns":4.0},{"damage":14.0,"enemies":"The Mushroom Lair","floor":8.0,"turns":4.0},{"damage":36.0,"enemies":"3 Sentries","floor":10.0,"turns":9.0},{"damage":3.0,"enemies":"Exordium Wildlife","floor":11.0,"turns":3.0},{"damage":16.0,"enemies":"Gremlin Nob","floor":13.0,"turns":3.0},{"damage":0,"enemies":"Gremlin Gang","floor":14,"turns":5},{"damage":11,"enemies":"3 Louse","floor":15,"turns":3},{"damage":10,"enemies":"SI_SHIV_ARCHETYPE","floor":16,"turns":6},{"damage":32,"enemies":"3 Byrds","floor":19,"turns":5},{"damage":34,"enemies":"downfall:LooterAlt2","floor":20,"turns":4},{"damage":4,"enemies":"downfall:FleeingMerchant","floor":21,"turns":4},{"damage":18,"enemies":"Centurion and Healer","floor":22,"turns":5},{"damage":60,"enemies":"Slavers","floor":23,"turns":3}],"seed_played":"-1696073568761338500","potions_obtained":[{"floor":0.0,"key":"Energy Potion"},{"floor":0.0,"key":"hexamod:InfernoChargePotion"},{"floor":0.0,"key":"hexamod:InfernoChargePotion"},{"floor":11.0,"key":"hexamod:SoulburnPotion"},{"floor":14,"key":"BlessingOfTheForge"},{"floor":15,"key":"Explosive Potion"},{"floor":20,"key":"Energy Potion"}],"is_trial":false,"path_per_floor":["R","M","M","M","$","?","T","?","?","E","M","R","E","M","M","B",null,"R","M","M","$","M","E"],"character_chosen":"THE_SPIRIT","items_purchased":["Lee\u0027s Waffle","Bronze Scales"],"campfire_rested":1,"item_purchase_floors":[21,21],"current_hp_per_floor":[70,70,68,68,63,63,63,49,49,25,34,55,39,39,40,42,63,63,43,21,77,59,0,0,0],"gold":579,"neow_bonus":"THREE_SMALL_POTIONS","is_daily":false,"chose_seed":false,"campfire_upgraded":1,"win_rate":0.0,"timestamp":1613219763,"path_taken":["R","M","M","M","?","?","T","?","?","E","M","R","E","?","M","BOSS","R","M","M","$","?","E"],"items_purchased_type":["Relic","Relic"],"build_version":"2020-12-22","purchased_purges":1,"victory":false,"max_hp_per_floor":[70,70,70,70,70,70,70,70,70,70,70,70,70,70,70,70,70,70,70,70,77,77,77,77,77],"card_choices":[{"not_picked":["hexamod:NightmareGuise","hexamod:GhostLash"],"picked":"hexamod:HeatMetal","floor":2.0},{"not_picked":["hexamod:FastForward","hexamod:AdvancingGuard"],"picked":"hexamod:RadiantFlame","floor":3.0},{"not_picked":["hexamod:FlameSwitch","hexamod:PhantomCloak"],"picked":"hexamod:Incineration","floor":4.0},{"not_picked":["hexamod:HauntingEcho","hexamod:NightmareStrike"],"picked":"hexamod:GhostOfSpireFuture","floor":5.0},{"not_picked":["hexamod:FastForward","hexamod:SuperheatedStrike"],"picked":"hexamod:GhostLash","floor":8.0},{"not_picked":["hexamod:ForkedFlame","hexamod:RadiantFlame"],"picked":"hexamod:ApocalypticArmor","floor":10.0},{"not_picked":["hexamod:Firestarter","hexamod:GhostShield"],"picked":"hexamod:RainOfEmbers","floor":11.0},{"not_picked":["hexamod:HeatCrush","hexamod:FastForward"],"picked":"hexamod:PowerFromBeyond","floor":13.0},{"not_picked":["hexamod:Rewind","hexamod:SpectersWail"],"picked":"hexamod:EmpoweredFlame","floor":14},{"not_picked":["hexamod:GhostflameInferno","hexamod:RecurringNightmare"],"picked":"hexamod:SpectersWail","floor":15},{"not_picked":["hexamod:ApocalypticArmor","hexamod:Toasty"],"picked":"hexamod:HexaLevel","floor":16},{"not_picked":["hexamod:SuperheatedStrike","hexamod:ChargedBarrage","hexamod:HauntingEcho"],"picked":"SKIP","floor":19},{"not_picked":["hexamod:StepThrough+1","hexamod:AdvancingGuard"],"picked":"hexamod:FlamesFromBeyond","floor":20},{"not_picked":["hexamod:HauntingEcho+1","hexamod:HeatShield"],"picked":"hexamod:NecessarySacrifice","floor":21},{"not_picked":["hexamod:GhostOfSpirePresent","hexamod:RecurringNightmare"],"picked":"hexamod:Firestarter","floor":22}],"player_experience":1930572,"relics_obtained":[{"floor":7.0,"key":"Meat on the Bone"},{"floor":8.0,"key":"Odd Mushroom"},{"floor":10.0,"key":"Lantern"},{"floor":13.0,"key":"CeramicFish"}],"event_choices":[{"damage_healed":0.0,"max_hp_gain":0.0,"max_hp_loss":0.0,"gold_gain":0.0,"event_name":"Mushrooms","player_choice":"Fought Mushrooms","floor":8.0,"gold_loss":0.0,"damage_taken":0.0}],"is_beta":false,"boss_relics":[{"not_picked":["Philosopher\u0027s Stone","Empty Cage"],"picked":"Astrolabe"}],"items_purged_floors":[21],"is_endless":false,"potions_floor_spawned":[2,11,13,14,15,20],"killed_by":"Slavers","ascension_level":5}}