{"host":"m4pe905ae9bldoe7","time":1613259037,"event":{"mods":["BaseMod","Bestiary","Block Reminder","Downfall","Minty Spire (QoL Compilation)","StSLib"],"gold_per_floor":[117,133,152,117,136,164,60,71,96,96,96,96,116,116,133,148,148,222,222,239,239,164,164,164],"floor_reached":23,"language":"ENG","playtime":628,"items_purged":["Strike_R"],"score":376,"play_id":"096953f7-95e4-4241-b5fb-c42d102367c8","local_time":"20210214003037","is_ascension_mode":true,"campfire_choices":[{"data":"Demon Form","floor":12,"key":"SMITH"},{"data":"Heavy Blade","floor":14,"key":"SMITH"},{"floor":17,"key":"REST"}],"circlet_count":0,"master_deck":["AscendersBane","Strike_R","Strike_R","Strike_R","Defend_R","Defend_R","Defend_R","Defend_R","Bash","Demon Form+1","Twin Strike","Disarm","Flex","Shrug It Off","Heavy Blade+1","Sword Boomerang","Headbutt","Inflame","Sword Boomerang","Disarm","Berserk","Thunderclap"],"relics":["Burning Blood","Vajra","Strawberry","Bottled Tornado","Philosopher\u0027s Stone"],"acts_visited":["Exordium","TheCity"],"potions_floor_usage":[3,6,6,18,18,20],"damage_taken":[{"damage":7,"enemies":"Small Slimes","floor":1,"turns":4},{"damage":16,"enemies":"Jaw Worm","floor":2,"turns":5},{"damage":7,"enemies":"2 Louse","floor":3,"turns":3},{"damage":19,"enemies":"2 Fungi Beasts","floor":5,"turns":4},{"damage":25,"enemies":"Lagavulin","floor":6,"turns":7},{"damage":11,"enemies":"Blue Slaver","floor":8,"turns":3},{"damage":33,"enemies":"Lots of Slimes","floor":13,"turns":4},{"damage":16,"enemies":"2 Fungi Beasts","floor":15,"turns":3},{"damage":19,"enemies":"3 Louse","floor":16,"turns":3},{"damage":31,"enemies":"Hexaghost","floor":18,"turns":6},{"damage":51,"enemies":"2 Thieves","floor":20,"turns":3},{"damage":22,"enemies":"Shell Parasite","floor":23,"turns":1}],"seed_played":"-6938039877514030897","potions_obtained":[{"floor":2,"key":"Block Potion"},{"floor":3,"key":"BlessingOfTheForge"},{"floor":5,"key":"SkillPotion"},{"floor":8,"key":"Dexterity Potion"},{"floor":16,"key":"bronze:BurnAndBuffPotion"},{"floor":18,"key":"FearPotion"}],"is_trial":false,"path_per_floor":["M","M","M","?","M","E","$","M","T","T","?","R","M","R","M","M","R","B",null,"M","?","?","M"],"character_chosen":"IRONCLAD","items_purchased":["Sword Boomerang"],"campfire_rested":1,"item_purchase_floors":[7],"current_hp_per_floor":[67,57,56,74,61,42,42,37,44,44,71,71,44,44,34,21,45,20,67,22,22,22,0,0],"gold":164,"neow_bonus":"ONE_RANDOM_RARE_CARD","is_daily":false,"chose_seed":false,"campfire_upgraded":2,"win_rate":0.0,"timestamp":1613259037,"path_taken":["M","M","M","?","M","E","$","M","T","T","?","R","M","R","M","?","R","BOSS","M","?","?","M"],"items_purchased_type":["Card"],"build_version":"2020-12-22","purchased_purges":1,"victory":false,"max_hp_per_floor":[75,75,75,75,75,75,75,75,82,82,82,82,82,82,82,82,82,82,82,82,82,82,82,82],"card_choices":[{"not_picked":["Wild Strike","Havoc"],"picked":"Twin Strike","floor":1},{"not_picked":["Infernal Blade","Warcry"],"picked":"Disarm","floor":2},{"not_picked":["Reckless Charge","Havoc"],"picked":"Flex","floor":3},{"not_picked":["Whirlwind","Clash"],"picked":"Shrug It Off","floor":5},{"not_picked":["Inflame","Bludgeon"],"picked":"Heavy Blade","floor":6},{"not_picked":["True Grit","Perfected Strike"],"picked":"Headbutt","floor":8},{"not_picked":["Reckless Charge","Hemokinesis"],"picked":"Inflame","floor":13},{"not_picked":["Second Wind","Headbutt"],"picked":"Sword Boomerang","floor":15},{"not_picked":["Dark Embrace","Burning Pact"],"picked":"Disarm","floor":16},{"not_picked":["Feed","Juggernaut"],"picked":"Berserk","floor":18},{"not_picked":["Sentinel","Iron Wave"],"picked":"Thunderclap","floor":20}],"player_experience":602539,"relics_obtained":[{"floor":6,"key":"Vajra"},{"floor":9,"key":"Strawberry"},{"floor":10,"key":"Bottled Tornado"}],"event_choices":[{"damage_healed":18,"gold_gain":0,"player_choice":"Healed","damage_taken":0,"max_hp_gain":0,"max_hp_loss":0,"event_name":"The Cleric","floor":4,"gold_loss":35},{"damage_healed":27,"gold_gain":0,"player_choice":"Banana","damage_taken":0,"max_hp_gain":0,"max_hp_loss":0,"event_name":"Big Fish","floor":11,"gold_loss":0},{"damage_healed":0,"gold_gain":0,"player_choice":"Ignored","damage_taken":0,"max_hp_gain":0,"max_hp_loss":0,"event_name":"Cursed Tome","floor":21,"gold_loss":0},{"cards_removed":["Strike_R"],"damage_healed":0,"gold_gain":0,"player_choice":"Gave Gold","damage_taken":0,"max_hp_gain":0,"max_hp_loss":0,"event_name":"Beggar","floor":22,"gold_loss":75}],"is_beta":false,"boss_relics":[{"not_picked":["Coffee Dripper","Black Blood"],"picked":"Philosopher\u0027s Stone"}],"items_purged_floors":[7],"is_endless":false,"potions_floor_spawned":[2,3,5,8,16,18],"killed_by":"Shell Parasite","ascension_level":19}}