{"host":"o5jvvi5yapo90aia","time":1613242698,"event":{"mods":["BaseMod","CapriCore","Minty Spire (QoL Compilation)","MostiFishMod","Prisma Mod","Spicy Shops","StSLib","TestMod","The Immortal","Yakumo Yukari mod","【人物mod】游戏王New YuGiOh mod","【功能Mod】Neow奖励"],"gold_per_floor":[126,51,51,73,73,73,123,123,147,147,188,213,245,281,281,379,379,412,440,205,243,268,316,350,405,428,473,416,459,486,527,527,614,614,641,1041,1041,1066,1066,1114,1114,1163,1189,1189,1218,1218,1272,1302,1302,1317,1332,1332,1332,302,342,342],"floor_reached":57,"language":"ZHS","playtime":1487,"items_purged":["Strike_P"],"score":3664,"play_id":"6147fc47-60ee-4f39-8a24-e6e2b2c93db4","local_time":"20210214025818","is_ascension_mode":true,"campfire_choices":[{"data":"Defend_P","floor":6.0,"key":"PURGE"},{"data":"Defend_P","floor":8.0,"key":"PURGE"},{"data":"Defend_P","floor":10.0,"key":"PURGE"},{"data":"Strike_P","floor":15.0,"key":"PURGE"},{"data":"Wallop","floor":32.0,"key":"PURGE"},{"data":"Vigilance+1","floor":41.0,"key":"PURGE"},{"data":"Eruption+1","floor":44.0,"key":"PURGE"},{"floor":46.0,"key":"RECALL"},{"data":"Wallop+1","floor":49.0,"key":"PURGE"},{"data":"LessonLearned+1","floor":53.0,"key":"PURGE"}],"circlet_count":0,"master_deck":["AscendersBane","MostiFishMod:Speedup+1","Tantrum+1","MostiFishMod:DisColor+1","TalkToTheHand+1","FearNoEvil+1","Adaptation+1","MentalFortress+1","MostiFishMod:StarOceanP+1"],"relics":["testmod-TestBox","Black Star","DianPoetry","testmod-Brilliant","SynthV:TestCard","CeramicFish","testmod-Antiphasic","War Paint","Orichalcum","CloakClasp","TimeKeys","TheAbacus","Matryoshka","CaptainsWheel","testmod-Nyarlathotep","Strawberry","Whetstone","Blood Vial","Lizard Tail","testmod-ObsoleteBoomerang","Singing Bowl","MealTicket","testmod-Fanaticism","Anchor","SynthV:C4","testmod-InjuryResistance","Bottled Lightning","Shuriken","testmod-Justice","Happy Flower","Toy Ornithopter","testmod-BalancedPeriapt","StrikeDummy","ChiLing","Chi","Ling","ImprovedEquipment","Eternal Feather"],"acts_visited":["Exordium","TheCity","TheBeyond","TheEnding"],"potions_floor_usage":[56,56],"damage_taken":[{"damage":4.0,"enemies":"Jaw Worm","floor":1.0,"turns":3.0},{"damage":0.0,"enemies":"2 Louse","floor":4.0,"turns":1.0},{"damage":39.0,"enemies":"Lagavulin","floor":7.0,"turns":4.0},{"damage":0.0,"enemies":"Gremlin Nob","floor":11.0,"turns":3.0},{"damage":0.0,"enemies":"Small Slimes","floor":12.0,"turns":1.0},{"damage":0.0,"enemies":"Gremlin Gang","floor":13.0,"turns":1.0},{"damage":0.0,"enemies":"Red Slaver","floor":14.0,"turns":2.0},{"damage":0.0,"enemies":"The Guardian","floor":16.0,"turns":5.0},{"damage":1.0,"enemies":"Spheric Guardian","floor":18.0,"turns":3.0},{"damage":0.0,"enemies":"2 Thieves","floor":19.0,"turns":1.0},{"damage":0.0,"enemies":"3 Cultists","floor":21.0,"turns":2.0},{"damage":1.0,"enemies":"Snake Plant","floor":22.0,"turns":3.0},{"damage":0.0,"enemies":"Slavers","floor":23.0,"turns":1.0},{"damage":18.0,"enemies":"Shelled Parasite and Fungi","floor":24.0,"turns":2.0},{"damage":10.0,"enemies":"Gremlin Leader","floor":25.0,"turns":3.0},{"damage":0.0,"enemies":"Book of Stabbing","floor":27.0,"turns":2.0},{"damage":0.0,"enemies":"3 Cultists","floor":29.0,"turns":2.0},{"damage":0.0,"enemies":"Cultist and Chosen","floor":30.0,"turns":3.0},{"damage":0.0,"enemies":"Slavers","floor":31.0,"turns":1.0},{"damage":0.0,"enemies":"Automaton","floor":33.0,"turns":3.0},{"damage":0.0,"enemies":"Orb Walker","floor":35.0,"turns":1.0},{"damage":0.0,"enemies":"3 Darklings","floor":38.0,"turns":1.0},{"damage":0.0,"enemies":"Reptomancer","floor":40.0,"turns":2.0},{"damage":0.0,"enemies":"Nemesis","floor":42.0,"turns":1.0},{"damage":0.0,"enemies":"Jaw Worm Horde","floor":45.0,"turns":1.0},{"damage":0.0,"enemies":"Reptomancer","floor":47.0,"turns":1.0},{"damage":0.0,"enemies":"Writhing Mass","floor":48.0,"turns":2.0},{"damage":17.0,"enemies":"Time Eater","floor":50.0,"turns":4.0},{"damage":2.0,"enemies":"Donu and Deca","floor":51.0,"turns":2.0},{"damage":1.0,"enemies":"Shield and Spear","floor":55.0,"turns":1.0},{"damage":12,"enemies":"The Heart","floor":56,"turns":5}],"seed_played":"858849459782058232","potions_obtained":[{"floor":1.0,"key":"CultistPotion"},{"floor":5.0,"key":"ColorlessPotion"},{"floor":18.0,"key":"BlessingOfTheForge"},{"floor":33.0,"key":"BottledMiracle"},{"floor":35.0,"key":"Weak Potion"}],"is_trial":false,"path_per_floor":["M","?","?","M","?","R","E","R","T","R","E","M","M","M","R","B",null,"M","M","$","M","M","E","M","E","T","E","?","M","M","E","R","B",null,"M","?","?","M","?","E","R","E","T","R","M","R","E","M","R","B","B",null,"R","$","E","B",null],"character_chosen":"WATCHER","items_purchased":["TheAbacus","Happy Flower","Toy Ornithopter","testmod-BalancedPeriapt","StrikeDummy","ChiLing"],"campfire_rested":0,"item_purchase_floors":[20,54,54,54,54,54],"current_hp_per_floor":[59,59,39,41,41,41,6,6,6,6,10,14,18,22,22,26,58,61,65,65,68,67,68,50,51,51,57,57,63,69,77,77,79,79,81,81,77,79,89,91,91,93,93,93,95,95,95,97,97,97,95,97,97,97,97,90],"gold":342,"neow_bonus":"BOSS_RELIC","is_daily":false,"chose_seed":false,"campfire_upgraded":0,"win_rate":0.0,"timestamp":1613242698,"path_taken":["M","?","?","M","?","R","E","R","T","R","E","M","M","M","R","BOSS","M","?","?","M","M","E","M","E","T","E","?","M","?","E","R","BOSS","M","?","?","M","?","E","R","E","T","R","?","R","E","M","R","BOSS","BOSS","R","$","E","BOSS"],"items_purchased_type":["Relic","Relic","Relic","Relic","Relic","Relic"],"build_version":"2020-12-22","purchased_purges":1,"victory":true,"max_hp_per_floor":[68,68,68,68,68,68,68,68,68,68,68,68,68,68,68,68,68,68,68,68,68,68,68,68,75,75,75,75,75,75,77,77,79,79,81,81,77,79,89,91,91,93,93,93,95,95,95,97,97,97,97,97,97,97,97,97],"card_choices":[{"not_picked":["Halt","Pray"],"picked":"MostiFishMod:Speedup","floor":1.0},{"not_picked":["PathToVictory","FollowUp","Halt","Protect","FlyingSleeves"],"picked":"SKIP","floor":4.0},{"not_picked":["PathToVictory","Indignation","Pray","Evaluate"],"picked":"Wallop","floor":7.0},{"not_picked":["CrushJoints","BowlingBash","ReachHeaven","BattleHymn","MostiFishMod:PathToVictory"],"picked":"SKIP","floor":11.0},{"not_picked":["Ragnarok","DeceiveReality","SashWhip","CrushJoints","JustLucky"],"picked":"SKIP","floor":12.0},{"not_picked":["Ragnarok","DeceiveReality","SashWhip","CrushJoints","JustLucky"],"picked":"SKIP","floor":12.0},{"not_picked":["FlurryOfBlows","Consecrate","CrushJoints","Evaluate","ThirdEye"],"picked":"SKIP","floor":13.0},{"not_picked":["ClearTheMind","Study","JustLucky","Sanctity"],"picked":"Tantrum","floor":14.0},{"not_picked":["MasterReality","Wish","SpiritShield","Brilliance"],"picked":"MostiFishMod:DisColor","floor":16.0},{"not_picked":["EmptyFist","ClearTheMind","WaveOfTheHand","Protect","DeceiveReality"],"picked":"SKIP","floor":18.0},{"not_picked":["BattleHymn","Consecrate","WindmillStrike","Protect","JustLucky"],"picked":"SKIP","floor":19.0},{"not_picked":["Prostrate","Evaluate","SashWhip","EmptyMind"],"picked":"TalkToTheHand","floor":21.0},{"not_picked":["ReachHeaven","JustLucky","ThirdEye","FollowUp","Brilliance"],"picked":"SKIP","floor":22.0},{"not_picked":["Prostrate","Consecrate","ThirdEye","CutThroughFate","WheelKick"],"picked":"SKIP","floor":23.0},{"not_picked":["CutThroughFate","Halt","EmptyMind","EmptyFist"],"picked":"FearNoEvil","floor":24.0},{"not_picked":["Halt+1","WaveOfTheHand","SashWhip","Nirvana"],"picked":"Adaptation","floor":25.0},{"not_picked":["Pray","Indignation","CrushJoints","BowlingBash","SashWhip"],"picked":"SKIP","floor":27.0},{"not_picked":["CrushJoints","Wireheading","BowlingBash+1","FollowUp"],"picked":"LessonLearned","floor":29.0},{"not_picked":["Evaluate+1","ThirdEye","MostiFishMod:FlowState","CutThroughFate","SandsOfTime"],"picked":"SKIP","floor":30.0},{"not_picked":["Crescendo","Evaluate","Weave","DeceiveReality","FollowUp"],"picked":"Singing Bowl","floor":31.0},{"not_picked":["Omniscience","MostiFishMod:StarLaLaLa","Establishment","MostiFishMod:StarOceanP","DeusExMachina"],"picked":"Singing Bowl","floor":33.0},{"not_picked":["JustLucky","EmptyMind","MostiFishMod:Clarity","Indignation","Crescendo"],"picked":"Singing Bowl","floor":35.0},{"not_picked":["EmptyFist","Sanctity","Nirvana","Perseverance","WreathOfFlame"],"picked":"Singing Bowl","floor":38.0},{"not_picked":["Evaluate","Consecrate","CrushJoints","ThirdEye+1","SashWhip"],"picked":"Singing Bowl","floor":39.0},{"not_picked":["SashWhip","JustLucky+1","Wireheading","PathToVictory","MostiFishMod:FlowState"],"picked":"Singing Bowl","floor":39.0},{"not_picked":["MostiFishMod:Clarity+1","Study","WreathOfFlame","Prostrate","CutThroughFate"],"picked":"Singing Bowl","floor":39.0},{"not_picked":["WindmillStrike","Evaluate","MostiFishMod:FlowState","Crescendo","Nirvana"],"picked":"Singing Bowl","floor":39.0},{"not_picked":["Evaluate","CrushJoints","Halt","DeceiveReality","WheelKick+1"],"picked":"Singing Bowl","floor":39.0},{"not_picked":["MostiFishMod:LegendTransform","JustLucky","Pray+1","CutThroughFate","Consecrate"],"picked":"Singing Bowl","floor":40.0},{"not_picked":["FlyingSleeves","MostiFishMod:Adaptation","Swivel","Pray","EmptyBody"],"picked":"Singing Bowl","floor":42.0},{"not_picked":["FlurryOfBlows","EmptyBody","FlyingSleeves+1","CrushJoints","CutThroughFate"],"picked":"Singing Bowl","floor":45.0},{"not_picked":["Meditate","ClearTheMind+1","Sanctity","MostiFishMod:ScryFuture"],"picked":"MostiFishMod:StarOceanP","floor":47.0},{"not_picked":["ClearTheMind","JustLucky","Consecrate","FlurryOfBlows","Conclude"],"picked":"Singing Bowl","floor":48.0},{"not_picked":["JustLucky","FlyingSleeves+1","EmptyFist","EmptyBody","CrushJoints"],"picked":"Singing Bowl","floor":55.0}],"player_experience":1533330,"relics_obtained":[{"floor":1.0,"key":"SynthV:TestCard"},{"floor":7.0,"key":"CeramicFish"},{"floor":7.0,"key":"testmod-Antiphasic"},{"floor":9.0,"key":"War Paint"},{"floor":11.0,"key":"Orichalcum"},{"floor":11.0,"key":"CloakClasp"},{"floor":23.0,"key":"Matryoshka"},{"floor":23.0,"key":"CaptainsWheel"},{"floor":25.0,"key":"testmod-Nyarlathotep"},{"floor":25.0,"key":"Strawberry"},{"floor":26.0,"key":"Whetstone"},{"floor":26.0,"key":"Blood Vial"},{"floor":27.0,"key":"Lizard Tail"},{"floor":27.0,"key":"testmod-ObsoleteBoomerang"},{"floor":31.0,"key":"Singing Bowl"},{"floor":31.0,"key":"MealTicket"},{"floor":40.0,"key":"Anchor"},{"floor":42.0,"key":"SynthV:C4"},{"floor":42.0,"key":"testmod-InjuryResistance"},{"floor":43.0,"key":"Bottled Lightning"},{"floor":47.0,"key":"Shuriken"},{"floor":47.0,"key":"testmod-Justice"},{"floor":55.0,"key":"ImprovedEquipment"},{"floor":55.0,"key":"Eternal Feather"}],"event_choices":[{"cards_removed":["Strike_P"],"damage_healed":0.0,"max_hp_gain":0.0,"max_hp_loss":0.0,"gold_gain":0.0,"event_name":"The Cleric","player_choice":"Card Removal","floor":2.0,"gold_loss":75.0,"damage_taken":0.0},{"damage_healed":0.0,"max_hp_gain":0.0,"max_hp_loss":0.0,"gold_gain":0.0,"event_name":"Shining Light","player_choice":"Entered Light","floor":3.0,"gold_loss":0.0,"damage_taken":20.0,"cards_upgraded":["Eruption","Strike_P"]},{"damage_healed":0.0,"max_hp_gain":0.0,"max_hp_loss":0.0,"gold_gain":0.0,"event_name":"Lab","player_choice":"Got Potions","floor":5.0,"gold_loss":0.0,"damage_taken":0.0},{"damage_healed":0.0,"max_hp_gain":0.0,"max_hp_loss":0.0,"gold_gain":0.0,"cards_transformed":["Strike_P","Defend_P"],"event_name":"Designer","player_choice":"Transformed Cards","floor":28.0,"gold_loss":75.0,"damage_taken":0.0,"cards_obtained":["MentalFortress","Wallop"]},{"damage_healed":0.0,"max_hp_gain":0.0,"max_hp_loss":0.0,"gold_gain":400.0,"event_name":"恩洛斯的盘子","player_choice":"Sell","floor":36.0,"relics_lost":["DaveBox"],"gold_loss":0.0,"damage_taken":0.0},{"damage_healed":0.0,"max_hp_gain":0.0,"max_hp_loss":4.0,"gold_gain":0.0,"event_name":"Winding Halls","player_choice":"Max HP","floor":37.0,"gold_loss":0.0,"damage_taken":0.0},{"damage_healed":0.0,"max_hp_gain":0.0,"max_hp_loss":0.0,"gold_gain":0.0,"event_name":"给自己的盒子","player_choice":"Swap Relic","floor":39.0,"relics_lost":["Orrery"],"gold_loss":0.0,"damage_taken":0.0,"relics_obtained":["Orrery"]}],"is_beta":false,"boss_relics":[{"not_picked":["Snecko Eye","Sozu"],"picked":"TimeKeys"},{"not_picked":["BloodWine","MoonlightInvasionPlan"],"picked":"testmod-Fanaticism"}],"items_purged_floors":[20],"is_endless":false,"potions_floor_spawned":[1,7,13,18,24,25,27,33,35,40,45],"ascension_level":20}}