{"host":"6ggzka4dag2kvku2","time":1613216904,"event":{"mods":["AchievementEnabler","BaseMod","DeckTracker","Minty Spire (QoL Compilation)","Permanent Neow","Quick Restart","SuperFastMode"],"gold_per_floor":[109,126,138,151,53,53,88,106,129,139,169,184,184,194,194,292,292,305,57,57,7,7,37,37,56,56,84,84,84],"floor_reached":28,"language":"KOR","playtime":836,"items_purged":["Clumsy"],"score":311,"play_id":"6601a9b8-00a4-439f-a109-93c634e89760","local_time":"20210213204824","is_ascension_mode":true,"campfire_choices":[{"data":"Spot Weakness","floor":6,"key":"SMITH"},{"data":"Flex","floor":15,"key":"SMITH"},{"data":"Corruption","floor":24,"key":"SMITH"}],"circlet_count":0,"master_deck":["Strike_R","Strike_R","Strike_R","Strike_R","Strike_R","Defend_R","Defend_R","Defend_R","Defend_R","Bash","Thunderclap","Flex+1","Pommel Strike","Shrug It Off","Spot Weakness+1","True Grit","Sword Boomerang","Fire Breathing","Corruption+1","Heavy Blade+1","Decay"],"relics":["Burning Blood","Champion Belt","InkBottle","Smiling Mask","Orichalcum","CultistMask","Cursed Key","Kunai","StrikeDummy","Strawberry","White Beast Statue","Regal Pillow"],"acts_visited":["Exordium","TheCity"],"potions_floor_usage":[16,27,27],"damage_taken":[{"damage":7,"enemies":"Jaw Worm","floor":1,"turns":3},{"damage":8,"enemies":"Cultist","floor":2,"turns":4},{"damage":0,"enemies":"2 Louse","floor":3,"turns":2},{"damage":9,"enemies":"Looter","floor":4,"turns":3},{"damage":25,"enemies":"Gremlin Nob","floor":7,"turns":4},{"damage":6,"enemies":"Blue Slaver","floor":8,"turns":3},{"damage":4,"enemies":"2 Fungi Beasts","floor":10,"turns":3},{"damage":20,"enemies":"3 Sentries","floor":11,"turns":4},{"damage":1,"enemies":"Red Slaver","floor":12,"turns":3},{"damage":7,"enemies":"Blue Slaver","floor":14,"turns":4},{"damage":31,"enemies":"Slime Boss","floor":16,"turns":9},{"damage":27,"enemies":"2 Thieves","floor":18,"turns":4},{"damage":36,"enemies":"Gremlin Leader","floor":23,"turns":6},{"damage":8,"enemies":"Shell Parasite","floor":25,"turns":5},{"damage":34,"enemies":"Slavers","floor":27,"turns":4},{"damage":26,"enemies":"Snake Plant","floor":28,"turns":3}],"seed_played":"-2958536482572875592","potions_obtained":[{"floor":3,"key":"Energy Potion"},{"floor":4,"key":"BloodPotion"},{"floor":8,"key":"Fire Potion"},{"floor":25,"key":"Regen Potion"},{"floor":27,"key":"Strength Potion"}],"is_trial":false,"path_per_floor":["M","M","M","M","$","R","E","M","T","M","E","M","?","M","R","B",null,"M","$","T","$","?","E","R","M","T","E","M"],"character_chosen":"IRONCLAD","items_purchased":["Spot Weakness","True Grit","Kunai"],"campfire_rested":0,"item_purchase_floors":[5,5,19],"current_hp_per_floor":[71,69,72,69,69,69,50,50,50,52,38,43,43,42,42,17,72,51,51,51,51,51,28,28,26,26,25,0,0],"gold":84,"neow_bonus":"ONE_RARE_RELIC","is_daily":false,"chose_seed":false,"campfire_upgraded":3,"win_rate":0.0,"timestamp":1613216904,"path_taken":["M","M","M","M","$","R","E","M","T","M","E","M","?","M","R","BOSS","M","$","?","$","?","E","R","M","T","E","M"],"items_purchased_type":["Card","Card","Relic"],"build_version":"2020-12-22","purchased_purges":1,"victory":false,"max_hp_per_floor":[72,72,72,72,72,72,72,72,72,72,72,72,72,72,72,72,72,72,72,72,72,72,79,79,79,79,79,79,79],"card_choices":[{"not_picked":["Perfected Strike","Iron Wave"],"picked":"Thunderclap","floor":1},{"not_picked":["Intimidate","Havoc"],"picked":"Flex","floor":2},{"not_picked":["Rampage","Twin Strike"],"picked":"Pommel Strike","floor":3},{"not_picked":["Feel No Pain","Anger"],"picked":"Shrug It Off","floor":4},{"not_picked":["Sever Soul","Anger","Juggernaut"],"picked":"SKIP","floor":7},{"not_picked":["Armaments","Body Slam"],"picked":"Sword Boomerang","floor":8},{"not_picked":["Dropkick","Pommel Strike","Flex"],"picked":"SKIP","floor":10},{"not_picked":["Shrug It Off","Cleave","Dark Embrace"],"picked":"SKIP","floor":11},{"not_picked":["Combust","Shrug It Off"],"picked":"Fire Breathing","floor":12},{"not_picked":["Wild Strike","Dark Embrace","Cleave"],"picked":"SKIP","floor":14},{"not_picked":["Brutality","Exhume"],"picked":"Corruption","floor":16},{"not_picked":["Pommel Strike+1","Clothesline","Fire Breathing"],"picked":"SKIP","floor":18},{"not_picked":["Offering","Sentinel"],"picked":"Heavy Blade+1","floor":23},{"not_picked":["Body Slam","Combust","Flex"],"picked":"SKIP","floor":25},{"not_picked":["Havoc+1","Pommel Strike","Thunderclap"],"picked":"SKIP","floor":27}],"player_experience":295397,"relics_obtained":[{"floor":7,"key":"InkBottle"},{"floor":9,"key":"Smiling Mask"},{"floor":11,"key":"Orichalcum"},{"floor":20,"key":"StrikeDummy"},{"floor":23,"key":"Strawberry"},{"floor":26,"key":"White Beast Statue"},{"floor":27,"key":"Regal Pillow"}],"event_choices":[{"damage_healed":0,"gold_gain":0,"player_choice":"Trade","damage_taken":0,"relics_obtained":["CultistMask"],"max_hp_gain":0,"max_hp_loss":0,"event_name":"FaceTrader","floor":13,"gold_loss":0},{"damage_healed":0,"gold_gain":0,"player_choice":"Ignored","damage_taken":0,"max_hp_gain":0,"max_hp_loss":0,"event_name":"Vampires","floor":22,"gold_loss":0}],"is_beta":false,"boss_relics":[{"not_picked":["Fusion Hammer","Snecko Eye"],"picked":"Cursed Key"}],"items_purged_floors":[21],"is_endless":false,"potions_floor_spawned":[3,4,8,10,11,25,27],"killed_by":"Snake Plant","ascension_level":3}}