{"host":"mmqs5ul2bvb60kyc","time":1613184195,"event":{"mods":["AchievementEnabler","Act Like it!","BaseMod","Colored Map","Colored Powertips","Minty Spire (QoL Compilation)","Quick Restart","StSLib"],"gold_per_floor":[117,267,267,6,21,21,55,55,78,109,128,53,53,74,74,146,146,160,160,179,196,196,196,227,227,227,256,256,266,85,85,85,160,160,177,77,77,102,102,102,120,154,154,173,173,191,201,201,201,201,201,201,68,97,97,97],"floor_reached":55,"language":"ZHS","playtime":3262,"items_purged":["Strike_G","Strike_G+1"],"score":1441,"play_id":"2a209da5-dc90-4604-80d4-60bb8a509036","local_time":"20210213104315","is_ascension_mode":true,"campfire_choices":[{"data":"Venomology","floor":6.0,"key":"SMITH"},{"floor":8.0,"key":"REST"},{"floor":13.0,"key":"REST"},{"data":"Caltrops","floor":15.0,"key":"SMITH"},{"data":"Calculated Gamble","floor":23.0,"key":"SMITH"},{"data":"Footwork","floor":25.0,"key":"SMITH"},{"data":"Acrobatics","floor":28.0,"key":"SMITH"},{"data":"Acrobatics","floor":32.0,"key":"SMITH"},{"data":"Impatience","floor":40.0,"key":"SMITH"},{"floor":45.0,"key":"RECALL"},{"data":"Madness","floor":49.0,"key":"SMITH"},{"data":"Madness","floor":52.0,"key":"SMITH"}],"circlet_count":0,"master_deck":["AscendersBane","Defend_G","Defend_G","Defend_G","Defend_G","Defend_G","Survivor","Neutralize","Cloak And Dagger","Caltrops+1","Bouncing Flask","Adrenaline","Blade Dance","Backflip","Grand Finale","Footwork+1","Terror","Acrobatics+1","Calculated Gamble+1","Prepared+1","Acrobatics+1","Impatience+1","Noxious Fumes+1","Night Terror+1","All Out Attack+1","Madness+1","Madness+1","Prepared+1","Adrenaline","Calculated Gamble","Well Laid Plans"],"relics":["Ring of the Snake","TheAbacus","InkBottle","Bronze Scales","Whetstone","Odd Mushroom","Philosopher\u0027s Stone","Potion Belt","Anchor","Question Card","Meat on the Bone","Astrolabe","Ginger","Strawberry","White Beast Statue","Letter Opener"],"acts_visited":["Exordium","TheCity","TheBeyond","TheEnding"],"potions_floor_usage":[55,55,55,55,55],"damage_taken":[{"damage":3.0,"enemies":"2 Louse","floor":1.0,"turns":5.0},{"damage":3.0,"enemies":"Small Slimes","floor":5.0,"turns":5.0},{"damage":43.0,"enemies":"3 Sentries","floor":7.0,"turns":14.0},{"damage":16.0,"enemies":"Gremlin Nob","floor":10.0,"turns":4.0},{"damage":0.0,"enemies":"Cultist","floor":11.0,"turns":3.0},{"damage":6.0,"enemies":"The Mushroom Lair","floor":14.0,"turns":4.0},{"damage":6.0,"enemies":"Hexaghost","floor":16.0,"turns":9.0},{"damage":9.0,"enemies":"Spheric Guardian","floor":18.0,"turns":5.0},{"damage":2.0,"enemies":"Chosen","floor":20.0,"turns":5.0},{"damage":6.0,"enemies":"Centurion and Healer","floor":21.0,"turns":7.0},{"damage":0.0,"enemies":"Gremlin Leader","floor":24.0,"turns":4.0},{"damage":5.0,"enemies":"Slavers","floor":27.0,"turns":2.0},{"damage":0.0,"enemies":"Shelled Parasite and Fungi","floor":29.0,"turns":2.0},{"damage":37.0,"enemies":"Automaton","floor":33.0,"turns":10.0},{"damage":5.0,"enemies":"Orb Walker","floor":35.0,"turns":4.0},{"damage":5.0,"enemies":"Mind Bloom Boss Battle","floor":38.0,"turns":8.0},{"damage":13.0,"enemies":"3 Darklings","floor":41.0,"turns":3.0},{"damage":4.0,"enemies":"Reptomancer","floor":42.0,"turns":4.0},{"damage":11.0,"enemies":"Sphere and 2 Shapes","floor":44.0,"turns":4.0},{"damage":0.0,"enemies":"Maw","floor":46.0,"turns":4.0},{"damage":0.0,"enemies":"4 Shapes","floor":47.0,"turns":1.0},{"damage":25.0,"enemies":"Donu and Deca","floor":50.0,"turns":7.0},{"damage":35.0,"enemies":"Shield and Spear","floor":54.0,"turns":5.0},{"damage":65,"enemies":"The Heart","floor":55,"turns":2}],"seed_played":"9144124820265620287","potions_obtained":[{"floor":1.0,"key":"FearPotion"},{"floor":7.0,"key":"Strength Potion"},{"floor":10.0,"key":"FairyPotion"},{"floor":21.0,"key":"BlessingOfTheForge"},{"floor":33.0,"key":"SkillPotion"},{"floor":38.0,"key":"SpeedPotion"},{"floor":54.0,"key":"Poison Potion"}],"is_trial":false,"path_per_floor":["M","?","?","$","M","R","E","R","T","E","M","?","R","?","R","B",null,"M","?","M","M","?","R","E","R","T","E","R","M","$","?","R","B",null,"M","$","?","?","$","R","M","E","T","M","R","M","M","$","R","B",null,"R","$","E","B"],"character_chosen":"THE_SILENT","items_purchased":["TheAbacus","Caltrops","Impatience","Well Laid Plans","ColorlessPotion"],"campfire_rested":2,"item_purchase_floors":[4,4,30,53,53],"current_hp_per_floor":[56,56,49,49,46,46,3,21,21,5,5,5,23,17,17,11,48,39,39,37,31,31,31,31,31,31,26,26,26,26,26,26,16,49,44,44,33,40,40,40,39,42,42,43,43,43,43,43,43,30,58,58,58,35,0,0],"gold":97,"neow_bonus":"THREE_RARE_CARDS","is_daily":false,"chose_seed":false,"campfire_upgraded":9,"win_rate":0.0,"timestamp":1613184195,"path_taken":["M","?","?","$","M","R","E","R","T","E","M","?","R","?","R","BOSS","M","?","?","M","?","R","E","R","T","E","R","M","$","?","R","BOSS","M","$","?","?","?","R","M","E","T","M","R","M","M","$","R","BOSS","R","$","E","BOSS"],"items_purchased_type":["Relic","Card","Card","Card","Potion"],"build_version":"2020-12-22","purchased_purges":2,"victory":false,"max_hp_per_floor":[60,60,60,60,60,60,60,60,60,60,60,60,60,60,60,60,60,60,60,60,60,60,60,60,60,60,60,60,60,60,60,60,60,60,60,60,60,60,60,60,60,67,67,67,67,67,67,67,67,67,67,67,67,67,67,67],"card_choices":[{"not_picked":["After Image","Doppelganger"],"picked":"Venomology","floor":0.0},{"not_picked":["Deadly Poison","Skewer"],"picked":"Cloak And Dagger","floor":1.0},{"not_picked":["Bane","Cloak And Dagger"],"picked":"Bouncing Flask","floor":5.0},{"not_picked":["Backflip","Flechettes"],"picked":"Adrenaline","floor":7.0},{"not_picked":["Die Die Die","Dagger Spray"],"picked":"Blade Dance","floor":10.0},{"not_picked":["Dagger Spray","Slice"],"picked":"Backflip","floor":11.0},{"not_picked":["Glass Knife","Unload"],"picked":"Grand Finale","floor":16.0},{"not_picked":["Bouncing Flask","Leg Sweep"],"picked":"Footwork","floor":18.0},{"not_picked":["Bane","Finisher"],"picked":"Terror","floor":20.0},{"not_picked":["Endless Agony+1","PiercingWail"],"picked":"Acrobatics","floor":21.0},{"not_picked":["Backstab","Bane"],"picked":"Prepared+1","floor":24.0},{"not_picked":["Slice","Blade Dance","Dagger Throw"],"picked":"SKIP","floor":27.0},{"not_picked":["Predator","Dodge and Roll","Night Terror"],"picked":"Acrobatics","floor":29.0},{"not_picked":["Flying Knee","Setup","Endless Agony","Quick Slash"],"picked":"SKIP","floor":35.0},{"not_picked":["Flechettes","Crippling Poison","Bouncing Flask"],"picked":"Prepared+1","floor":41.0},{"not_picked":["Deadly Poison+1","Eviscerate+1","Die Die Die"],"picked":"Adrenaline","floor":42.0},{"not_picked":["Backstab+1","Bane+1","Backflip"],"picked":"Calculated Gamble","floor":44.0},{"not_picked":["Cloak And Dagger","Outmaneuver","Backflip+1","Riddle With Holes"],"picked":"SKIP","floor":46.0},{"not_picked":["Dagger Throw","Flying Knee","Underhanded Strike","Quick Slash"],"picked":"SKIP","floor":47.0},{"not_picked":["Choke","Backflip","Poisoned Stab+1","All Out Attack"],"picked":"SKIP","floor":54.0}],"player_experience":357330,"relics_obtained":[{"floor":7.0,"key":"InkBottle"},{"floor":9.0,"key":"Bronze Scales"},{"floor":10.0,"key":"Whetstone"},{"floor":14.0,"key":"Odd Mushroom"},{"floor":24.0,"key":"Anchor"},{"floor":27.0,"key":"Question Card"},{"floor":31.0,"key":"Meat on the Bone"},{"floor":38.0,"key":"Ginger"},{"floor":42.0,"key":"Strawberry"},{"floor":43.0,"key":"White Beast Statue"},{"floor":54.0,"key":"Letter Opener"}],"event_choices":[{"damage_healed":0.0,"max_hp_gain":0.0,"max_hp_loss":0.0,"gold_gain":150.0,"event_name":"Liars Game","player_choice":"AGREE","floor":2.0,"gold_loss":0.0,"damage_taken":0.0,"cards_obtained":["Doubt"]},{"cards_removed":["Doubt"],"damage_healed":0.0,"max_hp_gain":0.0,"max_hp_loss":0.0,"gold_gain":0.0,"event_name":"Golden Wing","player_choice":"Card Removal","floor":3.0,"gold_loss":0.0,"damage_taken":7.0},{"cards_removed":["Strike_G"],"damage_healed":0.0,"max_hp_gain":0.0,"max_hp_loss":0.0,"gold_gain":0.0,"event_name":"The Cleric","player_choice":"Card Removal","floor":12.0,"gold_loss":75.0,"damage_taken":0.0},{"damage_healed":0.0,"max_hp_gain":0.0,"max_hp_loss":0.0,"gold_gain":0.0,"event_name":"Mushrooms","player_choice":"Fought Mushrooms","floor":14.0,"gold_loss":0.0,"damage_taken":0.0},{"damage_healed":0.0,"max_hp_gain":0.0,"max_hp_loss":0.0,"gold_gain":0.0,"event_name":"WeMeetAgain","player_choice":"Gave Potion","floor":19.0,"gold_loss":0.0,"damage_taken":0.0,"relics_obtained":["Potion Belt"]},{"damage_healed":0.0,"max_hp_gain":0.0,"max_hp_loss":0.0,"gold_gain":0.0,"event_name":"The Library","player_choice":"Read","floor":22.0,"gold_loss":0.0,"damage_taken":0.0,"cards_obtained":["Calculated Gamble"]},{"damage_healed":0.0,"max_hp_gain":0.0,"max_hp_loss":0.0,"gold_gain":0.0,"event_name":"Wheel of Change","player_choice":"Relic","floor":31.0,"gold_loss":0.0,"damage_taken":0.0},{"damage_healed":0.0,"max_hp_gain":0.0,"max_hp_loss":0.0,"gold_gain":0.0,"event_name":"Winding Halls","player_choice":"Embrace Madness","floor":37.0,"gold_loss":0.0,"damage_taken":11.0,"cards_obtained":["Madness","Madness"]},{"damage_healed":0.0,"max_hp_gain":0.0,"max_hp_loss":0.0,"gold_gain":0.0,"event_name":"MindBloom","player_choice":"Fight","floor":38.0,"gold_loss":0.0,"damage_taken":0.0}],"is_beta":false,"boss_relics":[{"not_picked":["Busted Crown","Tiny House"],"picked":"Philosopher\u0027s Stone"},{"not_picked":["Snecko Eye","Calling Bell"],"picked":"Astrolabe"}],"items_purged_floors":[30,36],"is_endless":false,"potions_floor_spawned":[1,7,10,16,21,33,38,44,46,47,54],"killed_by":"The Heart","ascension_level":19}}