{"host":"m4zn6rtsd36lrr22","time":1613225533,"event":{"mods":["2.2 Compatiblity","Act Like it!","BaseMod","Better Synergies","BetterRewards","CapriCore","Colored Map","Custom Start","FoggyMod","Gensokyo","GungeonMod","HololiveMod","Ironclad Rager","Lobotomy","LobotomyExtend","Luminous","Minty Spire (QoL Compilation)","Permanent Neow","Poor People Problems","Prisma Mod","Quick Restart","Reimu（博丽灵梦）","Relic Filter Mod","Relic Stats","Reliquary","Remilia（蕾米莉亚）","Remove Card Discount Mod","Replay The Spire","RumiaBox-露米娅的神秘盒子","Shop Mod","Spicy Shops","StSLib","The Alterego","The Animator","The Immortal","WarShipGirlsR/战舰少女R mod","Yakumo Yukari mod","noobMod","【功能Mod】混沌之环修复补丁","【遗物卡牌】REMEMod"],"gold_per_floor":[110,127,227,227,4,4,4,2,71,71,71,118,131,156,156,264,264,276,276,381,381,401,401,176,276,301,301,301,314,314,8,8,103,103,113,113,113,10,10,36,36,36,36,36,36,5,5,5,5,5,5],"floor_reached":52,"language":"ZHS","playtime":3198,"items_purged":["animator:Strike","animator:Strike","animator:Strike","animator:Defend","animator:Defend","animator:Defend","Injury"],"score":814,"play_id":"6f32717e-4ca0-49af-88e8-ef5c667d447d","local_time":"20210213221213","is_ascension_mode":false,"campfire_choices":[{"data":"animator:Hibiki","floor":6,"key":"SMITH"},{"data":"animator:Shinoa","floor":10,"key":"SMITH"},{"data":"animator:Yuuichirou","floor":15,"key":"SMITH"},{"data":"animator:Guren","floor":23,"key":"SMITH"},{"data":"animator:Mikaela","floor":30,"key":"SMITH"},{"data":"animator:Shigure","floor":32,"key":"SMITH"},{"data":"animator:CrowleyEusford","floor":41,"key":"SMITH"},{"floor":49,"key":"RECALL"}],"circlet_count":0,"master_deck":["animator:Strike_OwariNoSeraph+1","animator:Defend_OwariNoSeraph+1","animator:Shinoa+1","animator:Mikaela+1","animator:Hibiki+1","animator:Yuuichirou+1","animator:CrowleyEusford+1","animator:Shinoa+1","animator:Guren+1","animator:HiiragiShinya+1","animator:Shigure+1"],"relics":["animator:LivingPicture","animator:TheMissingPiece","REME_ComplimentaryCards","ice","animator:PurgingStone","NeowsBlessing","LetterFromLob","reliquary:BoilingFlask","GodSword5","Dream Catcher","Gensokyo:SongOfSouls","Membership Card","War Paint","DemoMod:Relodestone","StoneCalendar","Replay:Baseball","Medical Kit","animator:CursedBlade","Centennial Puzzle","Vajra","Happy Flower","DemoMod:PoisonVial","Juzu Bracelet","Anchor","Replay:Ringing Soul","ReplayTheSpireMod:ShopPack","DemoMod:GreenGuonStone"],"acts_visited":["Gensokyo:Gensokyo","Gensokyo:Gensokyoer","Gensokyo:Gensokyoest"],"potions_floor_usage":[],"damage_taken":[{"damage":0,"enemies":"Gensokyo:3_Fairies","floor":1,"turns":1},{"damage":0,"enemies":"Gensokyo:2_Kodama","floor":2,"turns":2},{"damage":0,"enemies":"Gensokyo:Aya","floor":12,"turns":1},{"damage":0,"enemies":"Gensokyo:Gryphon","floor":13,"turns":3},{"damage":29,"enemies":"Gensokyo:Kokoro","floor":16,"turns":6},{"damage":16,"enemies":"Gensokyo:CosmicMonolith","floor":18,"turns":4},{"damage":8,"enemies":"Gensokyo:Chomper","floor":22,"turns":4},{"damage":15,"enemies":"Gensokyo:Chomper","floor":25,"turns":7},{"damage":0,"enemies":"Gensokyo:Swordslinger","floor":29,"turns":2},{"damage":52,"enemies":"Gensokyo:Eiki","floor":33,"turns":6},{"damage":0,"enemies":"Gensokyo:3_Boulders","floor":35,"turns":2},{"damage":0,"enemies":"Gensokyo:Kasen","floor":40,"turns":2},{"damage":0,"enemies":"Gensokyo:Scarlet_Devils","floor":50,"turns":3}],"seed_played":"-1742528262587018854","potions_obtained":[{"floor":12,"key":"Swift Potion"},{"floor":13,"key":"Weak Potion"},{"floor":18,"key":"Weak Potion"},{"floor":35,"key":"Languid Potion"},{"floor":40,"key":"MagicPotion:ReiMu"}],"is_trial":false,"path_per_floor":["M","M","?","?","$","R","?","$","T","R","?","E","M","T","R","B",null,"M","?","?","?","M","R","$","?","T","?","$","M","R","COS","R","B",null,"M","?","?","$","?","E","R","?","T","$","?","$","?","COS","R_BF","B",null,null],"character_chosen":"THE_ANIMATOR","items_purchased":["animator:Hibiki","Membership Card","War Paint","Vajra","Happy Flower","ReplayTheSpireMod:ShopPack"],"campfire_rested":0,"item_purchase_floors":[5,24,24,38,38,46],"current_hp_per_floor":[66,66,66,66,66,66,66,66,66,66,66,66,67,67,67,38,67,51,51,26,26,18,18,18,68,68,68,68,68,68,68,68,73,75,75,75,75,75,75,75,75,75,75,75,75,75,75,75,75,75,75],"gold":5,"neow_bonus":"THREE_ENEMY_KILL","is_daily":false,"chose_seed":false,"campfire_upgraded":7,"win_rate":0.0,"timestamp":1613225533,"path_taken":["M","?","?","?","$","R","?","?","T","R","?","E","?","?","R","BOSS","M","?","?","?","?","R","$","?","T","?","?","?","R","COS","R","BOSS","M","?","?","$","?","E","R","?","T","?","?","?","?","COS","R_BF","BOSS"],"items_purchased_type":["Card","Relic","Relic","Relic","Relic","Relic"],"build_version":"2020-12-22","purchased_purges":7,"victory":true,"max_hp_per_floor":[66,66,66,66,66,66,66,66,66,66,66,66,67,67,67,67,67,67,67,68,68,68,68,68,68,68,68,68,69,69,69,69,75,75,75,75,75,75,75,76,76,76,76,76,76,76,76,76,76,78,78],"relic_stats":{"Dream Catcher":0,"Centennial Puzzle":[0],"Happy Flower":[1],"counters":[13,43],"StoneCalendar":[0],"Juzu Bracelet":1,"War Paint":["animator:HiiragiShinya","animator:Defend_OwariNoSeraph"],"Medical Kit":[6],"obtain_stats":[{"DemoMod:GreenGuonStone":50,"DemoMod:PoisonVial":39,"animator:TheMissingPiece":0,"reliquary:BoilingFlask":9,"Vajra":38,"StoneCalendar":25,"DemoMod:GlassGuonStoneRelic":18,"ice":0,"Juzu Bracelet":40,"Replay:Ringing Soul":43,"Dream Catcher":14,"Centennial Puzzle":35,"animator:PurgingStone":0,"Gensokyo:SongOfSouls":19,"NeowsBlessing":0,"Happy Flower":38,"War Paint":24,"Medical Kit":31,"Replay:Baseball":26,"Anchor":40,"animator:CursedBlade":34,"animator:LivingPicture":0,"DemoMod:Relodestone":25,"LetterFromLob":1,"GodSword5":12,"Membership Card":24,"REME_ComplimentaryCards":0,"ReplayTheSpireMod:ShopPack":46},{"DemoMod:GreenGuonStone":13,"DemoMod:PoisonVial":11,"animator:TheMissingPiece":0,"reliquary:BoilingFlask":2,"Vajra":11,"StoneCalendar":8,"DemoMod:GlassGuonStoneRelic":6,"ice":0,"Juzu Bracelet":12,"Replay:Ringing Soul":12,"Dream Catcher":4,"Centennial Puzzle":11,"animator:PurgingStone":0,"Gensokyo:SongOfSouls":6,"NeowsBlessing":0,"Happy Flower":11,"War Paint":7,"Medical Kit":9,"Replay:Baseball":8,"Anchor":12,"animator:CursedBlade":10,"animator:LivingPicture":0,"DemoMod:Relodestone":8,"LetterFromLob":1,"GodSword5":3,"Membership Card":7,"REME_ComplimentaryCards":0,"ReplayTheSpireMod:ShopPack":12},{"DemoMod:GreenGuonStone":41,"DemoMod:PoisonVial":38,"animator:TheMissingPiece":0,"reliquary:BoilingFlask":3,"Vajra":38,"StoneCalendar":28,"DemoMod:GlassGuonStoneRelic":17,"ice":0,"Juzu Bracelet":40,"Replay:Ringing Soul":40,"Dream Catcher":7,"Centennial Puzzle":37,"animator:PurgingStone":0,"Gensokyo:SongOfSouls":17,"NeowsBlessing":0,"Happy Flower":38,"War Paint":21,"Medical Kit":30,"Replay:Baseball":28,"Anchor":40,"animator:CursedBlade":36,"animator:LivingPicture":0,"DemoMod:Relodestone":28,"LetterFromLob":1,"GodSword5":4,"Membership Card":21,"REME_ComplimentaryCards":0,"ReplayTheSpireMod:ShopPack":40}]},"card_choices":[{"not_picked":["animator:MamiTomoe","animator:Mitsurugi","animator:Shion"],"picked":"SKIP","floor":1},{"not_picked":["animator:Aqua","animator:Berserker","animator:Vesta"],"picked":"SKIP","floor":2},{"not_picked":["animator:Biyorigo","animator:Emonzaemon"],"picked":"animator:Yuuichirou","floor":12},{"not_picked":["animator:Mikaela","animator:Shigure"],"picked":"animator:CrowleyEusford","floor":13},{"not_picked":["animator:Sora","animator:FeridBathory"],"picked":"animator:Guren","floor":16},{"not_picked":["animator:DolaStephanie","animator:DolaCouronne","animator:UneriGinkaku"],"picked":"SKIP","floor":18},{"not_picked":["animator:Genos","animator:DolaRiku"],"picked":"animator:HiiragiShinya","floor":20},{"not_picked":["animator:YunYun+1","animator:Eris"],"picked":"animator:Shigure","floor":20},{"not_picked":["animator:Vesta","animator:PandorasActor","animator:Benimaru"],"picked":"SKIP","floor":22},{"not_picked":["animator:Benimaru","animator:Tatsumaki","animator:GazelDwargon"],"picked":"SKIP","floor":35},{"not_picked":["animator:MamiTomoe","animator:Hitei+1","animator:Alexander"],"picked":"SKIP","floor":40}],"player_experience":391963,"relics_obtained":[{"floor":1,"key":"LetterFromLob"},{"floor":9,"key":"reliquary:BoilingFlask"},{"floor":12,"key":"GodSword5"},{"floor":14,"key":"Dream Catcher"},{"floor":25,"key":"DemoMod:Relodestone"},{"floor":25,"key":"StoneCalendar"},{"floor":26,"key":"Replay:Baseball"},{"floor":40,"key":"Anchor"},{"floor":43,"key":"Replay:Ringing Soul"}],"event_choices":[],"is_beta":false,"boss_relics":[{"not_picked":["reliquary:RedPaperclip","Busted Crown","reliquary:Ember"]},{"not_picked":["reliquary:KinkedSpring","Hololive_ChaosS"],"picked":"animator:CursedBlade"}],"items_purged_floors":[5,5,5,5,5,8,38],"is_endless":false,"potions_floor_spawned":[12,13,18,29,33,35,40],"ascension_level":0}}