{"host":"kh6fvhxn285ncg0o","time":1613247707,"event":{"mods":["Act Like it!","BaseMod","Colored Map","Friendly Minions","Keyboard Shortcuts","Minty Spire (QoL Compilation)","Quick Restart","Relic Stats","StSLib","SuperFastMode","UnlockEverythingMod"],"gold_per_floor":[19,36,36,36,49,49,76,76,76,106,122,147,161,186,186,263,263,276,276,291,308,308,308,342,165,236,249,249,249,249],"floor_reached":29,"language":"KOR","playtime":624,"items_purged":["Strike_R"],"score":626,"play_id":"6f94259f-64e5-407d-bca2-a546a1bb3f19","local_time":"20210214052147","is_ascension_mode":true,"campfire_choices":[{"data":"Bludgeon","floor":6,"key":"SMITH"},{"data":"Bash","floor":8,"key":"SMITH"},{"data":"1","floor":15,"key":"LIFT"},{"data":"2","floor":23,"key":"LIFT"}],"circlet_count":0,"master_deck":["AscendersBane","Strike_R","Strike_R","Strike_R","Defend_R","Defend_R","Defend_R","Defend_R","Bash+1","Immolate+1","Bludgeon+1","Battle Trance","Metallicize","Shrug It Off","Fiend Fire","Fire Breathing","Flame Barrier","Corruption","Dual Wield","Flash of Steel","Dark Embrace"],"relics":["Burning Blood","Ice Cream","Girya","Vajra","Odd Mushroom","Omamori","Mark of Pain","Happy Flower","Gambling Chip","Singing Bowl"],"acts_visited":["Exordium","TheCity"],"potions_floor_usage":[12,14,16,24],"damage_taken":[{"damage":0,"enemies":"Cultist","floor":1,"turns":2},{"damage":3,"enemies":"2 Louse","floor":2,"turns":2},{"damage":7,"enemies":"Jaw Worm","floor":5,"turns":2},{"damage":37,"enemies":"3 Sentries","floor":7,"turns":5},{"damage":8,"enemies":"Gremlin Nob","floor":10,"turns":3},{"damage":4,"enemies":"Red Slaver","floor":11,"turns":2},{"damage":0,"enemies":"The Mushroom Lair","floor":12,"turns":2},{"damage":8,"enemies":"Blue Slaver","floor":13,"turns":2},{"damage":31,"enemies":"3 Sentries","floor":14,"turns":8},{"damage":0,"enemies":"The Guardian","floor":16,"turns":10},{"damage":13,"enemies":"3 Byrds","floor":18,"turns":5},{"damage":22,"enemies":"Shell Parasite","floor":20,"turns":4},{"damage":0,"enemies":"Chosen and Byrds","floor":21,"turns":3},{"damage":18,"enemies":"Gremlin Leader","floor":24,"turns":4},{"damage":9,"enemies":"Snake Plant","floor":27,"turns":3},{"damage":37,"enemies":"Slavers","floor":29,"turns":2}],"seed_played":"-5026607025831879044","potions_obtained":[{"floor":10,"key":"CultistPotion"},{"floor":11,"key":"BloodPotion"},{"floor":12,"key":"Swift Potion"},{"floor":14,"key":"BlessingOfTheForge"},{"floor":20,"key":"DistilledChaos"}],"is_trial":false,"path_per_floor":["M","M","?","?","M","R","E","R","T","E","M","?","M","E","R","B",null,"M","?","M","M","?","R","E","$","T","M","?","E"],"character_chosen":"IRONCLAD","items_purchased":["Flash of Steel"],"campfire_rested":0,"item_purchase_floors":[25],"current_hp_per_floor":[74,75,68,68,67,67,36,36,36,34,36,57,55,30,30,36,65,58,58,42,48,48,48,36,36,36,35,35,0,0],"gold":249,"neow_bonus":"THREE_RARE_CARDS","is_daily":false,"chose_seed":false,"campfire_upgraded":2,"win_rate":0.0,"timestamp":1613247707,"path_taken":["M","?","?","?","?","R","E","R","T","E","M","?","M","E","R","BOSS","M","?","M","?","?","R","E","$","T","M","?","E"],"items_purchased_type":["Card"],"build_version":"2020-12-22","purchased_purges":1,"victory":false,"max_hp_per_floor":[75,75,75,75,75,75,75,75,75,75,75,75,75,75,75,75,75,75,75,75,75,75,75,75,75,75,77,77,77,77],"relic_stats":{"Happy Flower":[3],"Singing Bowl":2,"counters":[16,59],"Gambling Chip":[8],"obtain_stats":[{"Ice Cream":7,"Girya":9,"Happy Flower":22,"Singing Bowl":26,"Gambling Chip":24,"Vajra":10,"Mark of Pain":17,"Omamori":14,"Odd Mushroom":12,"Burning Blood":0},{"Ice Cream":4,"Girya":4,"Happy Flower":13,"Singing Bowl":14,"Gambling Chip":14,"Vajra":5,"Mark of Pain":10,"Omamori":9,"Odd Mushroom":7,"Burning Blood":0},{"Ice Cream":11,"Girya":11,"Happy Flower":50,"Singing Bowl":54,"Gambling Chip":54,"Vajra":14,"Mark of Pain":38,"Omamori":28,"Odd Mushroom":18,"Burning Blood":0}],"Burning Blood":88},"card_choices":[{"not_picked":["Offering","Feed"],"picked":"Immolate","floor":0},{"not_picked":["Cleave","Thunderclap"],"picked":"Bludgeon","floor":2},{"not_picked":["Warcry","True Grit"],"picked":"Battle Trance","floor":7},{"not_picked":["Cleave","Twin Strike"],"picked":"Metallicize","floor":11},{"not_picked":["Blood for Blood","Limit Break","Body Slam"],"picked":"SKIP","floor":13},{"not_picked":["Iron Wave","Sever Soul"],"picked":"Shrug It Off","floor":14},{"not_picked":["Barricade","Reaper"],"picked":"Fiend Fire","floor":16},{"not_picked":["Anger","Pummel"],"picked":"Fire Breathing","floor":18},{"not_picked":["Wild Strike","Inflame+1"],"picked":"Dual Wield","floor":20},{"not_picked":["Iron Wave","Pommel Strike","Sentinel"],"picked":"SKIP","floor":21},{"not_picked":["Perfected Strike","Twin Strike+1","Armaments"],"picked":"SKIP","floor":24},{"not_picked":["Inflame","Sentinel","Thunderclap"],"picked":"Singing Bowl","floor":27}],"player_experience":1389982,"relics_obtained":[{"floor":7,"key":"Ice Cream"},{"floor":9,"key":"Girya"},{"floor":10,"key":"Vajra"},{"floor":12,"key":"Odd Mushroom"},{"floor":14,"key":"Omamori"},{"floor":24,"key":"Gambling Chip"},{"floor":26,"key":"Singing Bowl"}],"event_choices":[{"cards_removed":["Strike_R"],"damage_healed":0,"gold_gain":0,"player_choice":"Card Removal","damage_taken":7,"max_hp_gain":0,"max_hp_loss":0,"event_name":"Golden Wing","floor":3,"gold_loss":0},{"damage_healed":0,"gold_gain":0,"player_choice":"Upgraded","damage_taken":0,"max_hp_gain":0,"max_hp_loss":0,"event_name":"Upgrade Shrine","floor":4,"gold_loss":0,"cards_upgraded":["Immolate"]},{"damage_healed":0,"gold_gain":0,"player_choice":"Fought Mushrooms","damage_taken":0,"max_hp_gain":0,"max_hp_loss":0,"event_name":"Mushrooms","floor":12,"gold_loss":0},{"damage_healed":0,"gold_gain":0,"player_choice":"2 cards matched","damage_taken":0,"max_hp_gain":0,"max_hp_loss":0,"event_name":"Match and Keep!","floor":19,"gold_loss":0,"cards_obtained":["Flame Barrier","Corruption"]},{"damage_healed":0,"gold_gain":0,"player_choice":"Stole Relic","damage_taken":0,"relics_obtained":["Happy Flower"],"max_hp_gain":0,"max_hp_loss":0,"event_name":"Addict","floor":22,"gold_loss":0,"cards_obtained":["Shame"]},{"damage_healed":0,"gold_gain":0,"player_choice":"Read","damage_taken":0,"max_hp_gain":0,"max_hp_loss":0,"event_name":"The Library","floor":28,"gold_loss":0,"cards_obtained":["Dark Embrace"]}],"is_beta":false,"boss_relics":[{"not_picked":["Pandora\u0027s Box","Runic Cube"],"picked":"Mark of Pain"}],"items_purged_floors":[25],"is_endless":false,"potions_floor_spawned":[10,11,12,14,20],"killed_by":"Slavers","ascension_level":20}}