{"host":"5z7rhcocprldured","time":1613180148,"event":{"mods":["2.2 Compatiblity","AchievementEnabler","BaseMod","Best Route Mod","Better Altar","Better Match","Better Note","Better Sensory Stone","Better Skull","Better Third Choice","BetterRewards","Block Reminder","Colored Map","Colored Powertips","Emptier Cage","Googly Eyes","Hermit","Marisa????????","Minty Spire (QoL Compilation)","Permanent Neow","Potionbrewer","Rare Cards Sparkle","StSLib","Synergy Search","The Cursed","The Hierophant","The Runesmith","Unceasing Turn Reminder"],"gold_per_floor":[113,113,129,129,129,129,148,148,171,184,245,276,290,327,327,431,431,443,443,443,443,463,473,473,503,503,503,418,37,48,58,58,153,153,172,183,183,183,203,203,219,245,245,245,245],"floor_reached":44,"language":"ENG","playtime":1794,"items_purged":[],"score":810,"play_id":"63f230ea-45a9-462b-b214-1b1500137ea1","local_time":"20210213013548","is_ascension_mode":false,"campfire_choices":[{"floor":6,"key":"RECALL"},{"floor":15,"key":"REST"},{"data":"Ragnarok","floor":24,"key":"SMITH"},{"data":"BattleHymn","floor":32,"key":"SMITH"},{"data":"Omniscience","floor":40,"key":"SMITH"}],"circlet_count":0,"master_deck":["Defend_P+1","Defend_P+1","Defend_P+1","Eruption+1","Vigilance+1","LessonLearned+1","Crescendo+1","JustLucky+1","Wallop","WindmillStrike","Wish","Nirvana+1","Study","Tantrum+1","Ragnarok+1","Evaluate+1","Vault+1","Bite","Bite","Bite","Bite+1","Bite+1","Fasting2+1","ThirdEye+1","FollowUp","BattleHymn+1","ForeignInfluence","Blasphemy","Protect","FlurryOfBlows+1","Madness","Madness","Omniscience+1","MasterReality","Worship+1","Ragnarok"],"relics":["PureWater","potionbrewer:Keyblade","Mango","Pen Nib","Akabeko","SlaversCollar","Torii","Calipers","Damaru","Vajra","Lee\u0027s Waffle","VioletLotus","Centennial Puzzle","potionbrewer:SlideRule"],"acts_visited":["Exordium","TheCity","TheBeyond"],"potions_floor_usage":[12,25,25,25,25,25,31,39,39,44,44],"damage_taken":[{"damage":0,"enemies":"2 Louse","floor":1,"turns":2},{"damage":0,"enemies":"Small Slimes","floor":3,"turns":3},{"damage":0,"enemies":"Cultist","floor":7,"turns":3},{"damage":0,"enemies":"Exordium Wildlife","floor":10,"turns":2},{"damage":8,"enemies":"Lagavulin Event","floor":11,"turns":6},{"damage":50,"enemies":"Lagavulin","floor":12,"turns":7},{"damage":0,"enemies":"Looter","floor":13,"turns":2},{"damage":2,"enemies":"3 Louse","floor":14,"turns":4},{"damage":0,"enemies":"Slime Boss","floor":16,"turns":4},{"damage":5,"enemies":"2 Thieves","floor":18,"turns":2},{"damage":2,"enemies":"3 Byrds","floor":22,"turns":3},{"damage":18,"enemies":"Snake Plant","floor":23,"turns":3},{"damage":11,"enemies":"Book of Stabbing","floor":25,"turns":4},{"damage":12,"enemies":"Snecko","floor":30,"turns":3},{"damage":0,"enemies":"Cultist and Chosen","floor":31,"turns":1},{"damage":0,"enemies":"Collector","floor":33,"turns":4},{"damage":16,"enemies":"3 Darklings","floor":35,"turns":3},{"damage":16,"enemies":"3 Shapes","floor":36,"turns":7},{"damage":9,"enemies":"Writhing Mass","floor":39,"turns":3},{"damage":8,"enemies":"3 Darklings","floor":41,"turns":3},{"damage":28,"enemies":"Reptomancer","floor":42,"turns":5},{"damage":38,"enemies":"Maw","floor":44,"turns":2}],"seed_played":"-1437172506006229777","potions_obtained":[{"floor":5,"key":"PowerPotion"},{"floor":5,"key":"potionbrewer:SplittingPotion"},{"floor":5,"key":"Regen Potion"},{"floor":13,"key":"SteroidPotion"},{"floor":14,"key":"potionbrewer:AcidPotion"},{"floor":31,"key":"Fruit Juice"},{"floor":33,"key":"potionbrewer:CleansingPotion"},{"floor":35,"key":"potionbrewer:DiscountPotion"},{"floor":39,"key":"DuplicationPotion"},{"floor":42,"key":"potionbrewer:DiscountPotion"}],"is_trial":false,"path_per_floor":["M","?","M","?","?","R","M","T","T","M","?","E","M","M","R","B",null,"M","?","?","?","M","M","R","E","T","?","?","$","M","M","R","B",null,"M","M","?","?","M","R","M","E","T","M"],"character_chosen":"WATCHER","items_purchased":["potionbrewer:Keyblade","LessonLearned","Vajra","BattleHymn","Lee\u0027s Waffle"],"campfire_rested":1,"item_purchase_floors":[0,0,29,29,29],"current_hp_per_floor":[86,86,86,86,86,86,86,86,86,86,78,43,45,45,70,72,86,81,81,81,81,81,65,65,61,61,40,40,93,81,86,86,88,98,82,70,58,58,51,51,43,20,20,0,0],"gold":245,"neow_bonus":"","is_daily":false,"chose_seed":false,"campfire_upgraded":3,"win_rate":0.0,"timestamp":1613180148,"path_taken":["M","?","M","?","?","R","?","?","T","M","?","E","M","M","R","BOSS","M","?","?","?","?","M","R","E","T","?","?","$","M","M","R","BOSS","M","M","?","?","M","R","M","E","T","?"],"items_purchased_type":["Relic","Card","Relic","Card","Relic"],"build_version":"2020-12-22","purchased_purges":0,"victory":false,"max_hp_per_floor":[86,86,86,86,86,86,86,86,86,86,86,86,86,86,86,86,86,86,86,86,86,86,86,86,86,86,86,86,93,93,98,98,98,98,98,98,98,98,98,98,98,98,98,98,98],"card_choices":[{"not_picked":["Worship","JustLucky"],"picked":"Crescendo","floor":1},{"not_picked":["ThirdEye","Consecrate"],"picked":"JustLucky","floor":3},{"not_picked":["FlurryOfBlows","PathToVictory"],"picked":"Wallop","floor":7},{"not_picked":["EmptyFist","Consecrate"],"picked":"WindmillStrike","floor":10},{"not_picked":["CrushJoints","FlyingSleeves"],"picked":"Wish","floor":11},{"not_picked":["EmptyBody","CutThroughFate"],"picked":"Nirvana","floor":12},{"not_picked":["Crescendo","Collect"],"picked":"Study","floor":13},{"not_picked":["LikeWater","Pray"],"picked":"Tantrum","floor":14},{"not_picked":["Judgement","Establishment"],"picked":"Ragnarok","floor":16},{"not_picked":["FlyingSleeves+1","WreathOfFlame"],"picked":"Evaluate","floor":18},{"not_picked":["JustLucky+1","Indignation+1"],"picked":"Fasting2+1","floor":22},{"not_picked":["SashWhip","Vengeance"],"picked":"ThirdEye","floor":23},{"not_picked":["FearNoEvil","SignatureMove"],"picked":"FollowUp","floor":25},{"not_picked":["ThirdEye","FollowUp"],"picked":"ForeignInfluence","floor":30},{"not_picked":["WheelKick+1","Sanctity+1","Meditate+1"],"picked":"SKIP","floor":31},{"not_picked":["LessonLearned","Judgement"],"picked":"Blasphemy","floor":33},{"not_picked":["ClearTheMind+1","WaveOfTheHand+1"],"picked":"Protect","floor":35},{"not_picked":["FollowUp+1","CutThroughFate"],"picked":"FlurryOfBlows+1","floor":36},{"not_picked":["CutThroughFate+1","EmptyFist"],"picked":"MasterReality","floor":39},{"not_picked":["Tantrum","FlyingSleeves+1"],"picked":"Worship+1","floor":41},{"not_picked":["PathToVictory+1","CutThroughFate+1"],"picked":"Ragnarok","floor":42}],"player_experience":184723,"relics_obtained":[{"floor":9,"key":"Pen Nib"},{"floor":11,"key":"Akabeko"},{"floor":12,"key":"Blood Vial"},{"floor":25,"key":"Torii"},{"floor":26,"key":"Calipers"},{"floor":42,"key":"Centennial Puzzle"},{"floor":43,"key":"potionbrewer:SlideRule"}],"event_choices":[{"damage_healed":0,"gold_gain":0,"player_choice":"Ignored","damage_taken":113,"max_hp_gain":0,"max_hp_loss":0,"event_name":"betterThird:BetterSerpent","floor":2,"gold_loss":0},{"damage_healed":0,"gold_gain":0,"player_choice":"Grow","damage_taken":0,"max_hp_gain":0,"max_hp_loss":0,"event_name":"Living Wall","floor":4,"gold_loss":0,"cards_upgraded":["LessonLearned"]},{"damage_healed":0,"gold_gain":0,"player_choice":"Got Potions","damage_taken":0,"max_hp_gain":0,"max_hp_loss":0,"event_name":"Lab","floor":5,"gold_loss":0},{"damage_healed":0,"gold_gain":0,"player_choice":"Searched \u00272\u0027 times","damage_taken":0,"max_hp_gain":0,"max_hp_loss":0,"event_name":"Dead Adventurer","floor":11,"gold_loss":0},{"cards_removed":["LessonLearned"],"damage_healed":0,"gold_gain":0,"player_choice":"Take \u0026 Give","damage_taken":0,"max_hp_gain":0,"max_hp_loss":0,"event_name":"betterNote:BetterNote","floor":19,"gold_loss":0,"cards_obtained":["Vault"]},{"damage_healed":0,"gold_gain":0,"player_choice":"Simplicity","damage_taken":0,"max_hp_gain":0,"max_hp_loss":5,"event_name":"betterThird:BetterWriting","floor":20,"gold_loss":0},{"damage_healed":0,"gold_gain":0,"player_choice":"Became a vampire (Vial)","damage_taken":0,"max_hp_gain":0,"max_hp_loss":0,"event_name":"Vampires","floor":21,"relics_lost":["Blood Vial"],"gold_loss":0,"cards_obtained":["Bite","Bite","Bite","Bite","Bite"]},{"damage_healed":0,"gold_gain":0,"player_choice":" Potion ","damage_taken":21,"relics_obtained":[],"max_hp_gain":61,"max_hp_loss":40,"event_name":"betterAltar:BetterAltar","floor":27,"potions_obtained":["betterAltar:AltarPotion"],"relics_lost":[],"gold_loss":0},{"damage_healed":0,"gold_gain":0,"player_choice":"Obtained Relic","damage_taken":0,"relics_obtained":["Damaru"],"max_hp_gain":0,"max_hp_loss":0,"event_name":"Addict","floor":28,"gold_loss":85},{"damage_healed":0,"gold_gain":0,"player_choice":"Embrace Madness","damage_taken":12,"max_hp_gain":0,"max_hp_loss":0,"event_name":"Winding Halls","floor":37,"gold_loss":0,"cards_obtained":["Madness","Madness"]},{"damage_healed":0,"gold_gain":0,"cards_transformed":["Defend_P"],"player_choice":"Transformed","damage_taken":0,"max_hp_gain":0,"max_hp_loss":0,"event_name":"Transmorgrifier","floor":38,"gold_loss":0,"cards_obtained":["Omniscience"]}],"is_beta":false,"boss_relics":[{"not_picked":["Busted Crown","Calling Bell"],"picked":"SlaversCollar"},{"not_picked":["Astrolabe","Philosopher\u0027s Stone"],"picked":"VioletLotus"}],"items_purged_floors":[],"is_endless":false,"potions_floor_spawned":[10,13,14,16,25,30,31,33,35,39,42],"killed_by":"Maw","ascension_level":0}}