{"host":"m9osufisr3agwk96","time":1613215459,"event":{"mods":["Aspiration","BaseMod","Colored Map","Colored Powertips","Downfall","Duelist Mod","Friendly Minions","GifTheSpireLib","Gremlin Mod","Hermit","Hero for Fun","Highlight Path","Hubris","Infinite Spire","Minty Spire (QoL Compilation)","Rare Cards Sparkle","Reliquary","Replay The Spire","Shop Mod","StSLib"],"gold_per_floor":[14,28,43,53,63,92,112,142,168,168,181,256,256,270,270,368,368,384,399,399,412,367,395,395,413,413,429,429,449,468,479,479,583,583,583],"floor_reached":34,"language":"ENG","playtime":393,"items_purged":[],"score":642,"play_id":"decaad5f-5911-4616-822a-5cf462af7941","local_time":"20210213032419","is_ascension_mode":false,"campfire_choices":[{"data":"Strike_Y","floor":10,"key":"SMITH"},{"data":"Defend_Y","floor":13,"key":"SMITH"}],"circlet_count":0,"master_deck":["Defend_Y","Defend_Y","Defend_Y","Defend_Y+1","Defend_Y","Ignore+1","Ignore","Wear_Disguise","Hop","Consecutive_Normal_Punch","Get_Hopes_Up","Slap","Toss_Stone","Yawn","Normal_Punch","Hip_Strike","Slap","Consecutive_Normal_Punch","Bite","Bite","Bite","Bite","Bite","Yawn","Slap","hubris:Fate","Toss_Stone+1","Slap","Slap+1","Wear_Disguise","Normal_Punch","Slap","Hip_Strike"],"relics":["Cape","reliquary:RosewoodLute","infinitespire:ShieldingShard","ReplayTheSpireMod:Lightbulb","Black Star","ReplayTheSpireMod:Shallot","aspiration:ArtOfWarUpgrade","reliquary:TridentHead","hubris:Icosahedron","reliquary:Craggleroot"],"acts_visited":["Exordium","TheCity","TheBeyond"],"potions_floor_usage":[],"damage_taken":[{"damage":0,"enemies":"Small Slimes","floor":1,"turns":1},{"damage":0,"enemies":"Cultist","floor":2,"turns":1},{"damage":0,"enemies":"Jaw Worm","floor":3,"turns":1},{"damage":0,"enemies":"Blue Slaver","floor":4,"turns":1},{"damage":0,"enemies":"Red Slaver","floor":5,"turns":1},{"damage":0,"enemies":"Lagavulin","floor":6,"turns":1},{"damage":0,"enemies":"3 Louse","floor":7,"turns":2},{"damage":0,"enemies":"3 Sentries","floor":8,"turns":2},{"damage":0,"enemies":"2 Fungi Beasts","floor":11,"turns":2},{"damage":0,"enemies":"Gremlin Gang","floor":14,"turns":1},{"damage":0,"enemies":"The Guardian","floor":16,"turns":1},{"damage":0,"enemies":"Spheric Guardian","floor":18,"turns":1},{"damage":0,"enemies":"Shell Parasite","floor":19,"turns":1},{"damage":0,"enemies":"Snake Plant","floor":21,"turns":1},{"damage":0,"enemies":"Nightmare","floor":23,"turns":1},{"damage":0,"enemies":"Chosen and Byrds","floor":25,"turns":1},{"damage":0,"enemies":"Centurion and Healer","floor":27,"turns":1},{"damage":0,"enemies":"Snake Plant","floor":29,"turns":1},{"damage":0,"enemies":"Sentry and Sphere","floor":30,"turns":1},{"damage":0,"enemies":"Snecko","floor":31,"turns":1},{"damage":0,"enemies":"Pondfish","floor":33,"turns":1}],"seed_played":"-6938913449352701942","potions_obtained":[{"floor":2,"key":"champ:CounterPotion"},{"floor":5,"key":"PowerPotion"},{"floor":8,"key":"EssenceOfSteel"}],"is_trial":false,"path_per_floor":["M","M","M","M","M","E","M","E","T","R","M","?","R","M","R_BF","B",null,"M","M","?","M","$","NM","R","M","T","M","?","M","M","M","R","B",null],"character_chosen":"OPM","items_purchased":["Slap"],"campfire_rested":0,"item_purchase_floors":[22],"current_hp_per_floor":[1098,1098,1098,1098,1098,1098,1098,1098,1098,1098,1098,1098,1098,1098,1098,1098,1098,1098,1098,768,768,768,768,768,768,768,768,768,768,768,768,768,768,768,768],"gold":583,"neow_bonus":"TEN_PERCENT_HP_BONUS","is_daily":false,"chose_seed":false,"campfire_upgraded":2,"win_rate":0.0,"timestamp":1613215459,"path_taken":["M","M","M","M","M","E","M","E","T","R","M","?","R","M","R_BF","BOSS","M","M","?","M","$","NM","R","M","T","M","?","M","M","M","R","BOSS"],"items_purchased_type":["Card"],"build_version":"2020-12-22","purchased_purges":0,"victory":false,"max_hp_per_floor":[1098,1098,1098,1098,1098,1098,1098,1098,1098,1098,1098,1098,1098,1098,1098,1098,1098,1098,1098,768,768,768,768,768,768,768,768,768,768,768,768,768,768,768,768],"card_choices":[{"not_picked":["Slap","Consecutive_Normal_Punch"],"picked":"Ignore","floor":1},{"not_picked":["Side_Hop","Slap"],"picked":"Ignore","floor":2},{"not_picked":["Slap","Ignore"],"picked":"Wear_Disguise","floor":3},{"not_picked":["Side_Hop","Slap"],"picked":"Hop","floor":4},{"not_picked":["Side_Hop","Ignore"],"picked":"Consecutive_Normal_Punch","floor":5},{"not_picked":["Yawn","Hop"],"picked":"Get_Hopes_Up","floor":6},{"not_picked":["Hop","Side_Hop"],"picked":"Slap","floor":7},{"not_picked":["Yawn","Terrifying_Presence"],"picked":"Toss_Stone","floor":8},{"not_picked":["Normal_Punch","Slap"],"picked":"Yawn","floor":11},{"not_picked":["Hop","Ignore"],"picked":"Normal_Punch","floor":14},{"not_picked":["Get_Hopes_Up","Oh"],"picked":"Hip_Strike","floor":16},{"not_picked":["Consecutive_Normal_Punch","Toss_Stone"],"picked":"Slap","floor":18},{"not_picked":["Do_Nothing+1","Ignore+1"],"picked":"Consecutive_Normal_Punch","floor":19},{"not_picked":["Ignore+1","Toss_Stone"],"picked":"Yawn","floor":21},{"not_picked":["ReplayTheSpireMod:Chaos Vortex","infinitespire:SevenWalls"],"picked":"hubris:Fate","floor":23},{"not_picked":["Side_Hop+1","Wear_Disguise+1"],"picked":"Toss_Stone+1","floor":23},{"not_picked":["Ignore","Hop"],"picked":"Slap","floor":25},{"not_picked":["Consecutive_Normal_Punch","Ignore"],"picked":"Slap+1","floor":27},{"not_picked":["Side_Hop","Ignore"],"picked":"Wear_Disguise","floor":29},{"not_picked":["Serious_Side_Hops","Yawn+1"],"picked":"Normal_Punch","floor":30},{"not_picked":["Yawn","Consecutive_Normal_Punch"],"picked":"Slap","floor":31},{"not_picked":["Serious_Side_Hops","Terrifying_Presence"],"picked":"Hip_Strike","floor":33}],"player_experience":484102,"relics_obtained":[{"floor":6,"key":"reliquary:RosewoodLute"},{"floor":8,"key":"infinitespire:ShieldingShard"},{"floor":9,"key":"ReplayTheSpireMod:Lightbulb"},{"floor":23,"key":"ReplayTheSpireMod:Shallot"},{"floor":23,"key":"Art of War"},{"floor":26,"key":"reliquary:TridentHead"}],"event_choices":[{"damage_healed":0,"gold_gain":75,"player_choice":"Touch","damage_taken":109,"max_hp_gain":0,"max_hp_loss":0,"event_name":"FaceTrader","floor":12,"gold_loss":0},{"damage_healed":0,"gold_gain":0,"player_choice":"Became a vampire","damage_taken":0,"max_hp_gain":0,"max_hp_loss":330,"event_name":"Vampires","floor":20,"gold_loss":0,"cards_obtained":["Bite","Bite","Bite","Bite","Bite"]}],"is_beta":false,"boss_relics":[{"not_picked":["Tiny House","bronze:MakeshiftBattery"],"picked":"Black Star"},{"not_picked":["Replay:Wanted Poster","aspiration:IroncladSkillbook"],"picked":"reliquary:Craggleroot"}],"items_purged_floors":[],"is_endless":false,"potions_floor_spawned":[2,5,8,16,18,23,27,29],"ascension_level":0}}