{"host":"5fozw18ph4jp5uv8","time":1613197677,"event":{"mods":["BaseMod","Duelist Mod","GifTheSpireLib","Hermit","Minty Spire (QoL Compilation)","StSLib"],"gold_per_floor":[139,157,257,282,57,57,83,83,83,83,83,103,52,66,66,169,169,184,210,210,210,223,223,242,254,254,267,287,298,308,321,321,321,321],"floor_reached":33,"language":"ENG","playtime":1797,"items_purged":["theDuelist:GravekeeperCurse"],"score":351,"play_id":"11cbe5a9-90aa-4234-9167-499020146e82","local_time":"20210212222757","is_ascension_mode":false,"campfire_choices":[{"data":"theDuelist:TyrantWing","floor":6.0,"key":"SMITH"},{"data":"theDuelist:GenesisDragon","floor":8.0,"key":"SMITH"},{"data":"theDuelist:BoosterDragon","floor":10.0,"key":"SMITH"},{"data":"theDuelist:BlizzardDragon","floor":15.0,"key":"SMITH"},{"floor":23,"key":"REST"},{"floor":32,"key":"REST"}],"circlet_count":0,"master_deck":["theDuelist:MaskedDragon","theDuelist:TyrantWing+1","theDuelist:DragonCaptureJar","theDuelist:CastleDragonSouls","theDuelist:CastleWalls","theDuelist:BlizzardDragon+1","theDuelist:Raigeki","theDuelist:GenesisDragon+1","theDuelist:LesserDragon","theDuelist:DragonCaptureJar","theDuelist:GenesisDragon+1","theDuelist:LesserDragon","theDuelist:Sparks","theDuelist:Sparks","theDuelist:GenesisDragon+1","theDuelist:CaveDragon","theDuelist:StardustDragon","theDuelist:BabyDragon","theDuelist:GenesisDragon+1","theDuelist:GenesisDragon+1","theDuelist:ViceDragon","theDuelist:CoralDragon","theDuelist:MagicalStone","theDuelist:LesserDragon","theDuelist:CaveDragon","theDuelist:GenesisDragon+1","theDuelist:GenesisDragon+1","theDuelist:GenesisDragon+1","theDuelist:CastleWalls","theDuelist:CyberTwinDragon","theDuelist:YamataDragon","theDuelist:BoosterDragon+1","theDuelist:GenesisDragon+1","theDuelist:GenesisDragon+1","theDuelist:GenesisDragon+1","theDuelist:GenesisDragon+1","theDuelist:DragonMastery","theDuelist:GenesisDragon+1","theDuelist:GenesisDragon+1","theDuelist:GenesisDragon+1","theDuelist:GenesisDragon+1","theDuelist:GenesisDragon+1","theDuelist:GenesisDragon+1","theDuelist:GenesisDragon+1","theDuelist:GenesisDragon+1","theDuelist:DianKeto","theDuelist:GenesisDragon+1","theDuelist:GenesisDragon+1","theDuelist:GenesisDragon+1","theDuelist:GenesisDragon+1"],"relics":["theDuelist:MillenniumPuzzle","theDuelist:CardPoolRelic","theDuelist:CardPoolBasicRelic","theDuelist:BoosterPackPoolRelic","theDuelist:CardPoolAddRelic","theDuelist:CardPoolMinusRelic","theDuelist:CardPoolSaveRelic","theDuelist:CardPoolOptionsRelic","NeowsBlessing","theDuelist:MillenniumCoin","Bag of Preparation","Smiling Mask","Bird Faced Urn","Fusion Hammer","Red Mask","CaptainsWheel"],"acts_visited":["Exordium","TheCity"],"potions_floor_usage":[],"damage_taken":[{"damage":0.0,"enemies":"2 Louse","floor":1.0,"turns":1.0},{"damage":0.0,"enemies":"Jaw Worm","floor":2.0,"turns":1.0},{"damage":0.0,"enemies":"Lagavulin","floor":7.0,"turns":1.0},{"damage":0.0,"enemies":"Cultist","floor":12.0,"turns":2.0},{"damage":5.0,"enemies":"Looter","floor":14.0,"turns":3.0},{"damage":31.0,"enemies":"Hexaghost","floor":16.0,"turns":6.0},{"damage":0,"enemies":"Chosen","floor":18,"turns":3},{"damage":0,"enemies":"Masked Bandits","floor":19,"turns":4},{"damage":0,"enemies":"Spheric Guardian","floor":22,"turns":3},{"damage":0,"enemies":"Centurion and Healer","floor":24,"turns":2},{"damage":7,"enemies":"Snake Plant","floor":25,"turns":3},{"damage":0,"enemies":"3 Cultists","floor":27,"turns":5},{"damage":0,"enemies":"Snecko","floor":28,"turns":3},{"damage":12,"enemies":"Centurion and Healer","floor":29,"turns":3},{"damage":0,"enemies":"Snake Plant","floor":30,"turns":2},{"damage":0,"enemies":"Chosen and Byrds","floor":31,"turns":3},{"damage":94,"enemies":"Collector","floor":33,"turns":5}],"seed_played":"-1506826012967753994","potions_obtained":[{"floor":1.0,"key":"AttackPotion"},{"floor":2.0,"key":"theDuelist:DragonfirePotion"},{"floor":22,"key":"PowerPotion"},{"floor":27,"key":"theDuelist:SealedPackE"}],"is_trial":false,"path_per_floor":["M","M","?","T","$","R","E","R","T","R","?","M","$","M","R","B",null,"M","?","?","?","M","R","M","M","T","M","M","M","M","M","R","B"],"character_chosen":"THE_DUELIST","items_purchased":["theDuelist:GenesisDragon","theDuelist:TyrantWing","theDuelist:CoralDragon"],"campfire_rested":2,"item_purchase_floors":[5,5,13],"current_hp_per_floor":[80,80,80,80,80,80,80,80,80,80,80,80,80,77,77,52,80,80,80,80,80,80,80,80,73,73,75,77,68,72,72,80,0,0],"gold":321,"neow_bonus":"THREE_ENEMY_KILL","is_daily":false,"chose_seed":false,"campfire_upgraded":4,"win_rate":0.0,"timestamp":1613197677,"path_taken":["M","M","?","?","$","R","E","R","T","R","?","M","$","?","R","BOSS","M","?","?","?","M","R","M","M","T","M","M","?","M","M","R","BOSS"],"items_purchased_type":["Card","Card","Card"],"build_version":"2020-12-22","purchased_purges":1,"victory":false,"max_hp_per_floor":[80,80,80,80,80,80,80,80,80,80,80,80,80,80,80,80,80,80,80,80,80,80,80,80,80,80,80,80,80,80,80,80,80,80],"card_choices":[{"not_picked":["theDuelist:WhiteHowling","theDuelist:Vandalgyon","theDuelist:MiraculousDescent"],"picked":"theDuelist:BoosterDragon","floor":1.0},{"not_picked":["theDuelist:Sabersaurus","theDuelist:FiveHeaded"],"picked":"theDuelist:CyberTwinDragon","floor":2.0},{"not_picked":["theDuelist:Duoterion","theDuelist:Hydrogeddon","theDuelist:DefenseDraw","theDuelist:CyberTwinDragon"],"picked":"theDuelist:LesserDragon","floor":7.0},{"not_picked":["theDuelist:ViceDragon","theDuelist:TwinBarrelDragon","theDuelist:LesserDragon","theDuelist:BlueEyes"],"picked":"theDuelist:BlizzardDragon","floor":12.0},{"not_picked":["theDuelist:Mountain","theDuelist:CyberLaserDragon","theDuelist:BoosterDragon"],"picked":"theDuelist:CastleDragonSouls","floor":14.0},{"not_picked":["theDuelist:SeismicShockwave","theDuelist:DoomkaiserDragon","theDuelist:CyberDragonInfinity","theDuelist:BlasterDragonInfernos"],"picked":"theDuelist:StardustDragon","floor":16.0},{"not_picked":["theDuelist:BigFire","theDuelist:Hinotama","theDuelist:LightningDarts","theDuelist:RainbowOverdragon"],"picked":"theDuelist:Raigeki","floor":18},{"not_picked":["theDuelist:RainbowOverdragon","theDuelist:DarkCreator","theDuelist:BlackPendant","theDuelist:Terraforming"],"picked":"theDuelist:MagicalStone","floor":19},{"not_picked":["theDuelist:FrostflameDragon+1","theDuelist:CyberDinosaur","theDuelist:Earthquake+1","theDuelist:Hydrogeddon"],"picked":"theDuelist:ViceDragon","floor":22},{"not_picked":["theDuelist:CyberDragonNachster","theDuelist:CyberDragonVier","theDuelist:ExploderDragonwing+1","theDuelist:ScrapIronScarecrow"],"picked":"theDuelist:DragonCaptureJar","floor":24},{"not_picked":["theDuelist:CyberneticRevolution","theDuelist:DefensiveTactics+1","theDuelist:SeismicShockwave","theDuelist:SurvivalFittest"],"picked":"theDuelist:DragonCaptureJar","floor":25},{"not_picked":["theDuelist:YamataDragon","theDuelist:RedRisingDragon","theDuelist:SphereChaos+1","theDuelist:ExploderDragon"],"picked":"theDuelist:MaskedDragon","floor":27},{"not_picked":["theDuelist:CyberDragonInfinity","theDuelist:DefensiveTactics+1","theDuelist:FiveHeaded","theDuelist:TailSwipe"],"picked":"theDuelist:DragonMastery","floor":28},{"not_picked":["theDuelist:BlackBrachios","theDuelist:BlackVeloci","theDuelist:GalaxyTyranno","theDuelist:Kabazauls+1","theDuelist:Pyrorex"],"picked":"SKIP","floor":29},{"not_picked":["theDuelist:LightningDarts","theDuelist:GreyGreedOni+1","theDuelist:BigKoala","theDuelist:ImperialOrder"],"picked":"theDuelist:DianKeto","floor":30},{"not_picked":["theDuelist:ChimeratechOverdragon","theDuelist:LostWorld","theDuelist:VoidOgreDragon"],"picked":"SKIP","floor":31}],"player_experience":38410,"relics_obtained":[{"floor":4.0,"key":"Bag of Preparation"},{"floor":7.0,"key":"Smiling Mask"},{"floor":9.0,"key":"Bird Faced Urn"},{"floor":19,"key":"Red Mask"},{"floor":26,"key":"CaptainsWheel"}],"event_choices":[{"damage_healed":0.0,"max_hp_gain":0.0,"max_hp_loss":0.0,"gold_gain":0.0,"event_name":"Millennium Items","player_choice":"Took item - Received: Millennium Coin","duelist":true,"floor":3.0,"gold_loss":0.0,"damage_taken":0.0},{"damage_healed":0.0,"max_hp_gain":0.0,"max_hp_loss":0.0,"gold_gain":0.0,"event_name":"Aknamkanon\u0027s Tomb","player_choice":"Leave","duelist":true,"floor":11.0,"gold_loss":0.0,"damage_taken":0.0},{"damage_healed":0,"gold_gain":0,"player_choice":"Fought Bandits","damage_taken":0,"max_hp_gain":0,"max_hp_loss":0,"event_name":"Masked Bandits","floor":19,"gold_loss":0},{"damage_healed":0,"gold_gain":0,"player_choice":"Ignored","damage_taken":0,"max_hp_gain":0,"max_hp_loss":0,"event_name":"Cursed Tome","floor":20,"gold_loss":0},{"total_magic_score":57,"gold_gain":0,"duelist":true,"damage_taken":0,"relics_obtained":[],"points":6,"max_hp_gain":0,"max_hp_loss":0,"spent_points":{"magic":0,"greed":0,"war":0,"power":0,"hunger":0},"event_name":"Nameless Tomb","floor":21,"gold_loss":0,"cards_obtained":[]}],"is_beta":false,"boss_relics":[{"not_picked":["Velvet Choker","Runic Dome"],"picked":"Fusion Hammer"}],"items_purged_floors":[5],"is_endless":false,"potions_floor_spawned":[1,2,22,25,27,29,30],"killed_by":"Collector","ascension_level":0}}