{"host":"j1dv7kwky60lg19i","time":1613187831,"event":{"mods":["ATMod(阿瑾Mod)","AchievementEnabler","Act Like it!","Arknights","BaseMod","Better Vampires","Bossed Relics","Colored Powertips","Conspire","Friendly Minions","Gensokyo","Gold Saver","Highlight Path","HololiveMod","KinomotoSakuraMod(木之本樱)","Luminous","Minty Spire (QoL Compilation)","MostiFishMod","Quarter Circle Forward PUNCH!","Quick Restart","Rare Cards Sparkle","Reimu（博丽灵梦）","Reliquary","Replay The Spire","RumiaBox-露米娅的神秘盒子","StSLib","TestMod","The Alterego","The Servant 0.9.4","Yakumo Yukari mod","noobMod","【功能Mod】强力的原版药水","【功能Mod】混沌之环修复补丁","【遗物Mod】简单游戏","【遗物卡牌】REMEMod","篝火指南"],"gold_per_floor":[154,194,47,47,60,60,94,94,143,62,106,106,36,79,79,377,377,413,94,110,175,186,186,293,323,323,356,306,306,117,117,117,420,420,448,480,12,51,68,68,38,38,38,-1362,-1362,-1351,-1351,-1351,-1351,-1326,-1326,-1326,-1326,-1271,-1256],"floor_reached":56,"language":"ZHS","playtime":6825,"items_purged":["Luminous:Light_Flash_Shower","Luminous:Dark_Abyssal_Drop","Luminous:Light_Flash_Shower"],"score":1313,"play_id":"e35a0f3e-1819-42d6-b547-6849d559fe0d","local_time":"20210213114351","is_ascension_mode":false,"campfire_choices":[{"data":"Luminous:Erosion_Luminous","floor":6.0,"key":"SMITH"},{"data":"HandOfGreed","floor":8.0,"key":"SMITH"},{"data":"AT_Dispersion","floor":12.0,"key":"SMITH"},{"data":"Luminous:Mana_Overload_Luminous","floor":15.0,"key":"SMITH"},{"data":"Luminous:Lania_Blessing_Luminous","floor":23,"key":"SMITH"},{"data":"Luminous:Date_of_Light_Luminous","floor":29,"key":"SMITH"},{"floor":32,"key":"RECALL"},{"data":"Luminous:Freud_Wisdom1_Luminous","floor":40,"key":"SMITH"},{"data":"Luminous:Magic_Accelerate_Luminous","floor":42,"key":"SMITH"},{"data":"Luminous:Darkness_Mastery_Luminous","floor":45,"key":"SMITH"},{"data":"MostiFishMod:SparklingWater","floor":49,"key":"SMITH"},{"data":"Luminous:Freud_Wisdom1_Luminous+1","floor":52,"key":"SMITH"}],"circlet_count":0,"master_deck":["Luminous:Light_Flash_Shower","Luminous:Dark_Abyssal_Drop","Luminous:Defend_Luminous","Luminous:Defend_Luminous","Luminous:Defend_Luminous","Luminous:Switch_Luminous","AT_Dispersion+1","HandOfGreed+1","Luminous:Light_Gather","Luminous:Photic_Meditation_Luminous","Luminous:Magic_Accelerate_Luminous+1","Luminous:Erosion_Luminous+1","Luminous:Dark_Pressure_Void+1","Luminous:Concentrate_Luminous","Luminous:Photic_Meditation_Luminous+1","Luminous:Mana_Overload_Luminous+1","Luminous:Dark_Dim_Erosion","Luminous:Lania_Blessing_Luminous+1","MostiFishMod:Neptune","MostiFishMod:TheEndOfMoonlight","MostiFishMod:SparklingWater+1","MostiFishMod:FantasySummer","MostiFishMod:NightSea","Luminous:Dark_Apocalypse+1","Luminous:Lunar_Tide_Luminous+1","Luminous:Light_Track","Luminous:Date_of_Light_Luminous+1","Luminous:Magic_Boost_Luminous+1","Luminous:Freud_Wisdom1_Luminous+2","Luminous:Light_Disperse","conspire:SpireCoStock","testmod-BackupPower","Luminous:Lania_Blessing_Luminous","Luminous:Darkness_Mastery_Luminous+1","Luminous:Balance_Ender","Metamorphosis","Luminous:Light_Disperse+1","Gensokyo:TarnishedGold"],"relics":["Luminous:MirrorRelic","testmod-TestBox","EasyRelic","REME_ComplimentaryCards","ice","DaveBox","AT_ATBox","EGODaCapo","testmod-CrystalShield","SynthV:TestCard","qcfpunch:Army_Boots","AT_TimeSand","MoonlightInvasionPlan","Dodecahedron","Blue Doll","Shuriken","Bottled Lightning","Chameleon Ring","Gensokyo:Companionship","SacredBark","REME_OnlineShoppingPlatform","reliquary:Sideboard","SynthV:MejaisSoulstealer"],"acts_visited":["Gensokyo:Gensokyo","Gensokyo:Gensokyoer","Gensokyo:Gensokyoest","TheEnding"],"potions_floor_usage":[36],"damage_taken":[{"damage":0.0,"enemies":"Gensokyo:3_Fairies","floor":1.0,"turns":3.0},{"damage":0.0,"enemies":"Gensokyo:2_Kodama","floor":2.0,"turns":3.0},{"damage":0.0,"enemies":"Gensokyo:Python","floor":5.0,"turns":3.0},{"damage":2.0,"enemies":"Gensokyo:Cirno","floor":7.0,"turns":8.0},{"damage":9.0,"enemies":"Gensokyo:Gryphon_and_Rabbit","floor":11.0,"turns":7.0},{"damage":2.0,"enemies":"Gensokyo:3_Kodama","floor":14.0,"turns":6.0},{"damage":3.0,"enemies":"Gensokyo:Reimu","floor":16.0,"turns":7.0},{"damage":0,"enemies":"Gensokyo:2_Gloops","floor":18,"turns":3},{"damage":0,"enemies":"Gensokyo:3_Dogs","floor":20,"turns":4},{"damage":16,"enemies":"Gensokyo:3_Gloops","floor":21,"turns":7},{"damage":0,"enemies":"Gensokyo:Swordslinger","floor":22,"turns":3},{"damage":5,"enemies":"Gensokyo:Reisen","floor":25,"turns":5},{"damage":5,"enemies":"conspire:MimicChest","floor":27,"turns":5},{"damage":5,"enemies":"Gensokyo:Eternal_Rivals","floor":33,"turns":9},{"damage":0,"enemies":"Gensokyo:3_Boulders","floor":35,"turns":4},{"damage":0,"enemies":"Gensokyo:3_Bats","floor":36,"turns":1},{"damage":0,"enemies":"Gensokyo:Rafflesia","floor":38,"turns":6},{"damage":0,"enemies":"Gensokyo:3_Boulders","floor":39,"turns":4},{"damage":0,"enemies":"Gensokyo:AtlasGolem","floor":46,"turns":4},{"damage":0,"enemies":"Gensokyo:Yuyuko","floor":50,"turns":6},{"damage":0,"enemies":"Shield and Spear","floor":54,"turns":7},{"damage":22,"enemies":"The Heart","floor":55,"turns":10}],"seed_played":"5120351812066663886","potions_obtained":[{"floor":1.0,"key":"Swift Potion"},{"floor":2.0,"key":"LiquidBronze"},{"floor":5.0,"key":"Venom Potion"},{"floor":16.0,"key":"AttackPotion"},{"floor":21,"key":"Elixir"},{"floor":25,"key":"Explosive Potion"},{"floor":27,"key":"BlessingOfTheForge"}],"is_trial":false,"path_per_floor":["M","M","$","?","M","R","E","R","T","COS","M","R","?","M","R","B",null,"M","COS","M","M","M","R","?","E","T","?","?","R","$","?","R","B",null,"M","M","$","M","M","R","COS","R","T","$","R","M","?","$","R","B",null,"R","$","E","B",null],"character_chosen":"LuminousClass","items_purchased":["Luminous:Magic_Accelerate_Luminous","testmod-BackupPower","REME_OnlineShoppingPlatform","Metamorphosis","SynthV:MejaisSoulstealer"],"campfire_rested":0,"item_purchase_floors":[3,30,37,37,44],"current_hp_per_floor":[82,82,82,82,82,82,82,82,82,82,82,82,82,80,80,79,82,82,82,82,80,82,82,82,82,82,82,82,82,82,82,82,82,82,82,82,82,82,82,82,82,82,82,82,82,82,82,82,82,82,82,82,82,82,80],"gold":-1256,"neow_bonus":"TEN_PERCENT_HP_BONUS","is_daily":false,"chose_seed":false,"campfire_upgraded":11,"win_rate":0.0,"timestamp":1613187831,"path_taken":["M","M","$","?","M","R","E","R","T","COS","?","R","?","M","R","BOSS","M","COS","M","M","M","R","?","E","T","?","?","R","$","?","R","BOSS","M","M","$","M","M","R","COS","R","T","$","R","M","?","?","R","BOSS","R","$","E","BOSS"],"items_purchased_type":["Card","Card","Relic","Card","Relic"],"build_version":"2020-12-22","purchased_purges":3,"victory":true,"max_hp_per_floor":[82,82,82,82,82,82,82,82,82,82,82,82,82,82,82,82,82,82,82,82,82,82,82,82,82,82,82,82,82,82,82,82,82,82,82,82,82,82,82,82,82,82,82,82,82,82,82,82,82,82,82,82,82,82,82],"card_choices":[{"not_picked":["Luminous:Light_Glare","Luminous:Light_Ray_of_Redemption"],"picked":"Luminous:Light_Gather","floor":1.0},{"not_picked":["Luminous:Light_Wash_Luminous","Luminous:Dusk_Guard_Luminous","Luminous:Light_Glare","Luminous:Dark_Apocalypse"],"picked":"Luminous:Photic_Meditation_Luminous","floor":2.0},{"not_picked":["Luminous:Light_Glare","Luminous:Blinding_Pillar_Luminous","Luminous:Accumulation_Luminous","Luminous:Light_Gather"],"picked":"Luminous:Erosion_Luminous","floor":4.0},{"not_picked":["Luminous:Light_Sylvan_Lance","Luminous:Light_Wash_Luminous","Luminous:Light_Gather","Luminous:Light_Reflection"],"picked":"Luminous:Dark_Pressure_Void","floor":4.0},{"not_picked":["Luminous:Darks_Surge_Luminous","Luminous:Mana_Overload_Luminous","Luminous:Dark_Moonlight_Spear","Luminous:Light_Wash_Luminous"],"picked":"Luminous:Concentrate_Luminous","floor":5.0},{"not_picked":["Luminous:Mirror_Force_Luminous","Luminous:Accumulation_Luminous","Luminous:Dark_Dim_Erosion","Luminous:Dusk_Guard_Luminous"],"picked":"Luminous:Photic_Meditation_Luminous","floor":7.0},{"not_picked":["Luminous:Lunar_Tide_Luminous","Luminous:Light_Wash_Luminous","Luminous:Light_Gather","Luminous:Light_Sylvan_Lance"],"picked":"Luminous:Mana_Overload_Luminous","floor":11.0},{"not_picked":["Luminous:Hero_Will_Luminous","Luminous:Tune_Luminous","Luminous:Blinding_Pillar_Luminous","Luminous:Concentrate_Luminous"],"picked":"Luminous:Dark_Dim_Erosion","floor":14.0},{"not_picked":["Luminous:Ethereal_Form_Luminous","Luminous:Balance_Aether_Conduit","Luminous:Arcane_Rage_Luminous","Luminous:Equalize_Luminous"],"picked":"Luminous:Lania_Blessing_Luminous","floor":16.0},{"not_picked":["Luminous:Accumulation_Luminous","Luminous:Light_Glare","Luminous:Concentrate_Luminous","Luminous:Magic_Accelerate_Luminous","Luminous:Dark_Dim_Erosion+1"],"picked":"SKIP","floor":18},{"not_picked":["Luminous:Light_Wash_Luminous","Luminous:Concentrate_Luminous","Luminous:Dark_Raid","Luminous:Magic_Accelerate_Luminous+1"],"picked":"Luminous:Dark_Apocalypse+1","floor":20},{"not_picked":["Luminous:Magic_Accelerate_Luminous","Luminous:Accumulation_Luminous","Luminous:Light_Glare","Luminous:Fast_Spell_Luminous"],"picked":"Luminous:Lunar_Tide_Luminous+1","floor":21},{"not_picked":["Luminous:Light_Sylvan_Lance","Luminous:Concentrate_Luminous+1","Luminous:Light_Wash_Luminous","Luminous:Dark_Dim_Erosion"],"picked":"Luminous:Light_Track","floor":22},{"not_picked":["Luminous:Lunar_Tide_Luminous","Luminous:Lights_Protection_Luminous","Luminous:Accumulation_Luminous","Luminous:Light_Disperse"],"picked":"Luminous:Date_of_Light_Luminous","floor":24},{"not_picked":["Luminous:Dark_Pressure_Void","Luminous:Shadow_Shell_Luminous","Luminous:Dark_Raid","Luminous:Sympathy_Luminous"],"picked":"Luminous:Magic_Boost_Luminous+1","floor":24},{"not_picked":["Luminous:Dark_Raid","Luminous:Abyss_Heart_Luminous","Luminous:Dark_Crescendo_Luminous","Luminous:Dark_Pressure_Void+1"],"picked":"Luminous:Freud_Wisdom1_Luminous","floor":25},{"not_picked":["Luminous:Accumulation_Luminous","Luminous:Light_Gather","Luminous:Hero_Will_Luminous","Luminous:Dark_Dim_Erosion"],"picked":"Luminous:Light_Disperse","floor":27},{"not_picked":["Luminous:Date_of_Light_Luminous","Luminous:Ethereal_Form_Luminous","Luminous:Erosion_Luminous","Luminous:Armageddon_Luminous"],"picked":"Luminous:Lania_Blessing_Luminous","floor":33},{"not_picked":["Luminous:Light_Gather+1","Luminous:Accumulation_Luminous","Luminous:Concentrate_Luminous+1","Luminous:Blinding_Pillar_Luminous+1"],"picked":"Luminous:Darkness_Mastery_Luminous","floor":35},{"not_picked":["Luminous:Dark_Raid+1","Luminous:Dark_Pressure_Void","Luminous:Light_Wash_Luminous","Luminous:Photic_Meditation_Luminous"],"picked":"Luminous:Balance_Ender","floor":36},{"not_picked":["Luminous:Light_Wash_Luminous+1","Luminous:Light_Glare","Luminous:Magic_Accelerate_Luminous","Luminous:Accumulation_Luminous","Luminous:Dark_Moonlight_Spear+1"],"picked":"SKIP","floor":38},{"not_picked":["Luminous:Dark_Dim_Erosion+1","Luminous:Magic_Boost_Luminous+1","Luminous:Blinding_Pillar_Luminous","Luminous:Dusk_Guard_Luminous"],"picked":"Luminous:Light_Disperse+1","floor":39},{"not_picked":["Luminous:Darks_Surge_Luminous","Luminous:Phantom_Treasure_Luminous+1","Luminous:Light_Wash_Luminous","Luminous:Dark_Extract"],"picked":"Luminous:Arcane_Rage_Luminous","floor":46},{"not_picked":["Gensokyo:BrilliantDragonBullet","Gensokyo:MorningMist"],"picked":"Gensokyo:NewMoon","floor":47},{"not_picked":["Luminous:Concentrate_Luminous","Luminous:Magic_Boost_Luminous","Luminous:Armageddon_Luminous","Luminous:Dark_Morning_Star"],"picked":"Luminous:Hero_Will_Luminous+1","floor":54}],"player_experience":194792,"relics_obtained":[{"floor":1.0,"key":"SynthV:TestCard"},{"floor":7.0,"key":"qcfpunch:Army_Boots"},{"floor":25,"key":"Shuriken"},{"floor":26,"key":"Bottled Lightning"},{"floor":27,"key":"Chameleon Ring"},{"floor":43,"key":"reliquary:Sideboard"}],"event_choices":[{"damage_healed":0,"gold_gain":0,"player_choice":"Invest 1","damage_taken":0,"max_hp_gain":0,"max_hp_loss":0,"event_name":"conspire:Investor","floor":28,"gold_loss":0}],"is_beta":false,"boss_relics":[{"not_picked":["GreenFoldingFan","OneHitWonderSystem"],"picked":"MoonlightInvasionPlan"},{"not_picked":["reliquary:WritOfMandamus","xbg"],"picked":"SacredBark"}],"items_purged_floors":[3,30,37],"is_endless":false,"potions_floor_spawned":[1,2,5,16,21,25,27,39,46],"ascension_level":0}}