{"host":"jruzzdd1waq9u00d","time":1613199008,"event":{"mods":["BaseMod","Colored Map","Colored Powertips","DeckTracker","Downfall","Minty Spire (QoL Compilation)","Quick Restart","Relic Stats","StSLib","SuperFastMode"],"gold_per_floor":[99,110,110,120,120,30,57,68,68,68,68,83,83,93,112,112,112,112],"floor_reached":16,"language":"ENG","playtime":537,"items_purged":["Guardian:Strike_Guardian"],"score":92,"play_id":"fdf5162b-751f-4179-bcba-5789659f4a6c","local_time":"20210213155008","is_ascension_mode":false,"campfire_choices":[{"data":"Guardian:TwinSlam","floor":1,"key":"SMITH"}],"circlet_count":0,"master_deck":["Guardian:Strike_Guardian","Guardian:Strike_Guardian","Guardian:Strike_Guardian","Guardian:Defend_Guardian","Guardian:Defend_Guardian","Guardian:Defend_Guardian","Guardian:Defend_Guardian","Guardian:CurlUp","Guardian:TwinSlam+1","Guardian:PiercingHide","Guardian:TwinSlam+1","Guardian:Gem_Red","Guardian:Gem_Blue","Guardian:Gem_Fragmented","Guardian:Gem_Cyan","Guardian:Gem_Yellow","Guardian:Gem_Fragmented"],"relics":["Guardian:ModeShifter","Bronze Scales","WingedGreaves","Guardian:PickAxe","downfall:BrokenWingStatue"],"acts_visited":["Exordium"],"potions_floor_usage":[6],"damage_taken":[{"damage":1,"enemies":"Cultist","floor":2,"turns":3},{"damage":0,"enemies":"2 Louse","floor":4,"turns":2},{"damage":0,"enemies":"downfall:FleeingMerchant","floor":6,"turns":4},{"damage":0,"enemies":"Small Slimes","floor":8,"turns":3},{"damage":8,"enemies":"Exordium Wildlife","floor":12,"turns":3},{"damage":11,"enemies":"2 Fungi Beasts","floor":14,"turns":3},{"damage":16,"enemies":"Large Slime","floor":15,"turns":7},{"damage":44,"enemies":"DF_ARCHETYPE_STREAMLINE","floor":16,"turns":12}],"seed_played":"2527172545347994848","potions_obtained":[{"floor":2,"key":"SkillPotion"},{"floor":14,"key":"hexamod:SoulburnPotion"},{"floor":15,"key":"sneckomod:MuddlingPotion"}],"is_trial":false,"path_per_floor":["R","M","T","M","?","$","T","M","R","R","?","M","R","M","M","B"],"character_chosen":"GUARDIAN","items_purchased":[],"campfire_rested":0,"item_purchase_floors":[],"current_hp_per_floor":[80,79,79,79,79,79,79,79,79,79,79,71,71,60,44,0,0,0],"gold":112,"neow_bonus":"RANDOM_COMMON_RELIC","is_daily":false,"chose_seed":false,"campfire_upgraded":1,"win_rate":0.0,"timestamp":1613199008,"path_taken":["R","M","?","M","?","$","T","?","R","R","?","M","R","M","M","BOSS"],"items_purchased_type":[],"build_version":"2020-12-22","purchased_purges":1,"victory":false,"max_hp_per_floor":[80,80,80,80,80,80,80,80,80,80,80,80,80,80,80,80,80,80],"relic_stats":{"counters":[8,37],"Bronze Scales":[78],"obtain_stats":[{"Guardian:PickAxe":7,"downfall:BrokenWingStatue":11,"Bronze Scales":0,"Guardian:ModeShifter":0,"WingedGreaves":3},{"Guardian:PickAxe":3,"downfall:BrokenWingStatue":4,"Bronze Scales":0,"Guardian:ModeShifter":0,"WingedGreaves":1},{"Guardian:PickAxe":9,"downfall:BrokenWingStatue":12,"Bronze Scales":0,"Guardian:ModeShifter":0,"WingedGreaves":3}]},"card_choices":[{"not_picked":["Guardian:Gem_Yellow","Guardian:ShieldCharger","Guardian:PrismaticBarrier"],"picked":"SKIP","floor":2},{"not_picked":["Guardian:GuardianWhirl","Guardian:Recover"],"picked":"Guardian:PiercingHide","floor":4},{"not_picked":["Guardian:EvasiveProtocol","Guardian:PiercingHide"],"picked":"Guardian:Gem_Red","floor":6},{"not_picked":["Guardian:Suspension","Guardian:ShieldCharger","Guardian:SpikerProtocol"],"picked":"SKIP","floor":8},{"not_picked":["Guardian:Gem_Green","Guardian:PiercingHide"],"picked":"Guardian:Gem_Cyan","floor":12},{"not_picked":["Guardian:ShieldCharger","Guardian:Gem_Red","Guardian:Suspension"],"picked":"SKIP","floor":14},{"not_picked":["Guardian:Gem_Blue","Guardian:Gem_Lightblue","Guardian:Suspension"],"picked":"SKIP","floor":15}],"player_experience":442728,"relics_obtained":[{"floor":3,"key":"WingedGreaves"},{"floor":7,"key":"Guardian:PickAxe"}],"event_choices":[],"is_beta":false,"boss_relics":[],"items_purged_floors":[6],"is_endless":false,"potions_floor_spawned":[2,14,15],"killed_by":"DF_ARCHETYPE_STREAMLINE","ascension_level":0}}