{"host":"8r9w96u1r57aou22","time":1613196882,"event":{"mods":["AchievementEnabler","BaseMod","Colored Map","Colored Powertips","Keyboard Shortcuts","Minty Spire (QoL Compilation)","StSLib","SuperFastMode"],"gold_per_floor":[113,113,113,132,142,142,174,256,256,256,273,198,198,198,198,302,302,321,334,348,365,382,417,417,237,287,287,386,403,418,434,434,434,434],"floor_reached":33,"language":"KOR","playtime":933,"items_purged":["Pain","Injury"],"score":296,"play_id":"4ff8a4b9-fffe-48fc-a2e5-cc8827e27a43","local_time":"20210213151442","is_ascension_mode":true,"campfire_choices":[{"data":"Eruption","floor":6,"key":"SMITH"},{"floor":10,"key":"REST"},{"data":"SandsOfTime","floor":13,"key":"SMITH"},{"data":"ClearTheMind","floor":15,"key":"SMITH"},{"data":"Meditate","floor":24,"key":"SMITH"},{"data":"MentalFortress","floor":27,"key":"SMITH"},{"data":"Perseverance","floor":32,"key":"SMITH"}],"circlet_count":0,"master_deck":["Strike_P","Strike_P","Defend_P","Defend_P","Eruption+1","Vigilance","InnerPeace","SandsOfTime+1","CarveReality","CrushJoints","EmptyFist","ClearTheMind+1","DevaForm","ClearTheMind+1","WheelKick+1","Indignation+1","Meditate+1","Perseverance+1","MentalFortress+1","Normality","Wallop","TalkToTheHand+1"],"relics":["Cursed Key","Dream Catcher","Bottled Flame","Mercury Hourglass","Darkstone Periapt","Astrolabe","Boot"],"acts_visited":["Exordium","TheCity"],"potions_floor_usage":[16,33],"damage_taken":[{"damage":4,"enemies":"Small Slimes","floor":1,"turns":3},{"damage":3,"enemies":"Jaw Worm","floor":4,"turns":4},{"damage":2,"enemies":"2 Louse","floor":5,"turns":2},{"damage":28,"enemies":"Gremlin Nob","floor":7,"turns":3},{"damage":0,"enemies":"2 Fungi Beasts","floor":11,"turns":2},{"damage":18,"enemies":"Hexaghost","floor":16,"turns":4},{"damage":13,"enemies":"Shell Parasite","floor":18,"turns":3},{"damage":4,"enemies":"Chosen","floor":19,"turns":2},{"damage":0,"enemies":"3 Cultists","floor":20,"turns":2},{"damage":1,"enemies":"Centurion and Healer","floor":21,"turns":3},{"damage":24,"enemies":"Snake Plant","floor":22,"turns":3},{"damage":16,"enemies":"Book of Stabbing","floor":23,"turns":3},{"damage":5,"enemies":"Cultist and Chosen","floor":29,"turns":4},{"damage":8,"enemies":"Shelled Parasite and Fungi","floor":30,"turns":2},{"damage":19,"enemies":"Snake Plant","floor":31,"turns":4},{"damage":22,"enemies":"Collector","floor":33,"turns":7}],"seed_played":"811141873882406081","potions_obtained":[{"floor":1,"key":"BlessingOfTheForge"},{"floor":11,"key":"Ancient Potion"},{"floor":18,"key":"FearPotion"},{"floor":23,"key":"Weak Potion"},{"floor":30,"key":"FairyPotion"}],"is_trial":false,"path_per_floor":["M","?","?","M","M","R","E","T","T","R","M","$","R","?","R","B",null,"M","M","M","M","M","E","R","$","T","R","?","M","M","M","R","B"],"character_chosen":"WATCHER","items_purchased":["MentalFortress"],"campfire_rested":1,"item_purchase_floors":[25],"current_hp_per_floor":[68,43,36,33,31,31,3,3,3,24,24,24,24,29,29,11,77,64,60,60,59,35,19,19,19,25,25,25,20,12,24,24,2,2],"gold":434,"neow_bonus":"BOSS_RELIC","is_daily":false,"chose_seed":false,"campfire_upgraded":6,"win_rate":0.0,"timestamp":1613196882,"path_taken":["M","?","?","M","M","R","E","?","T","R","?","$","R","?","R","BOSS","M","M","M","M","M","E","R","$","T","R","?","M","M","M","R","BOSS"],"items_purchased_type":["Card"],"build_version":"2020-12-22","purchased_purges":2,"victory":false,"max_hp_per_floor":[72,72,72,72,72,72,72,72,72,72,72,72,72,77,77,77,77,77,77,77,77,77,77,77,77,83,83,83,83,83,83,83,83,83],"card_choices":[{"not_picked":["Evaluate","ThirdEye"],"picked":"InnerPeace","floor":1},{"not_picked":["Indignation","Halt"],"picked":"SandsOfTime","floor":4},{"not_picked":["EmptyFist","FlurryOfBlows"],"picked":"CarveReality","floor":5},{"not_picked":["SashWhip","SignatureMove"],"picked":"CrushJoints","floor":7},{"not_picked":["Collect","CutThroughFate"],"picked":"EmptyFist","floor":10},{"not_picked":["Consecrate","FlyingSleeves"],"picked":"ClearTheMind","floor":11},{"not_picked":["Brilliance","Establishment"],"picked":"DevaForm","floor":16},{"not_picked":["FollowUp+1","Consecrate"],"picked":"Meditate","floor":18},{"not_picked":["EmptyMind","SashWhip","WindmillStrike"],"picked":"SKIP","floor":19},{"not_picked":["CarveReality","ThirdEye","Tantrum"],"picked":"SKIP","floor":20},{"not_picked":["CutThroughFate","EmptyFist"],"picked":"Perseverance","floor":21},{"not_picked":["PathToVictory","Pray","Indignation"],"picked":"SKIP","floor":22},{"not_picked":["EmptyFist","PathToVictory","ThirdEye"],"picked":"SKIP","floor":23},{"not_picked":["BowlingBash+1","Collect","CutThroughFate+1"],"picked":"SKIP","floor":29},{"not_picked":["EmptyFist","ForeignInfluence+1"],"picked":"Wallop","floor":30},{"not_picked":["Conclude+1","CarveReality"],"picked":"TalkToTheHand+1","floor":31}],"player_experience":320808,"relics_obtained":[{"floor":7,"key":"Bottled Flame"},{"floor":8,"key":"Mercury Hourglass"},{"floor":9,"key":"Darkstone Periapt"},{"floor":23,"key":"Boot"}],"event_choices":[{"damage_healed":0,"gold_gain":0,"player_choice":"Success","damage_taken":25,"relics_obtained":["Dream Catcher"],"max_hp_gain":0,"max_hp_loss":0,"event_name":"Scrap Ooze","floor":2,"gold_loss":0},{"cards_removed":["Defend_P"],"damage_healed":0,"gold_gain":0,"player_choice":"Card Removal","damage_taken":7,"max_hp_gain":0,"max_hp_loss":0,"event_name":"Golden Wing","floor":3,"gold_loss":0},{"damage_healed":0,"gold_gain":0,"player_choice":"Donut","damage_taken":0,"max_hp_gain":5,"max_hp_loss":0,"event_name":"Big Fish","floor":14,"gold_loss":0},{"damage_healed":0,"gold_gain":99,"player_choice":"Stole From Cult","damage_taken":0,"max_hp_gain":0,"max_hp_loss":0,"event_name":"Nest","floor":28,"gold_loss":0}],"is_beta":false,"boss_relics":[{"not_picked":["Busted Crown","VioletLotus"],"picked":"Astrolabe"}],"items_purged_floors":[12,25],"is_endless":false,"potions_floor_spawned":[1,11,18,23,30],"killed_by":"Collector","ascension_level":2}}