{"host":"dl909bjyolgrn2uw","time":1613257025,"event":{"mods":["2.2 Compatiblity","AlwaysNeverKeys","BaseMod","Bestiary","Better Altar","Better Note","Better Sensory Stone","Better Skull","Better Third Choice","Better Vampires","Better-Laid Plans","BetterRewards","Colored Powertips","Curses Come First","Disable Question Mark Monsters","Displayed Cursed Tome","Emptier Cage","Evolution","Minty Spire (QoL Compilation)","Morshu Shopkeeper","Permanent Neow","Quick Restart","Rare Cards Sparkle","Relic Stats","Shop Mod","Spicy Shops","StSLib","SuperFastMode","Transform Curses"],"gold_per_floor":[112,0,18,33,44,79,97,127,150,150,35,93,93,136,136,216,216,235,255,255,255,275,275,309,309,361,388,415,440,440,476,476,561,561,578,636,650,650,210,245,265,265,334,368,368,395,395,404,404,404,404,404,44,86,86],"floor_reached":56,"language":"ENG","playtime":3756,"items_purged":["Strike_B","Strike_B","FTL+1"],"score":2912,"play_id":"a8923d30-654a-482f-b472-5096cfb8a64e","local_time":"20210213165705","is_ascension_mode":true,"campfire_choices":[{"data":"Zap","floor":10,"key":"SMITH"},{"data":"Coolheaded","floor":13,"key":"SMITH"},{"data":"Capacitor","floor":15,"key":"SMITH"},{"data":"Multi-Cast","floor":23,"key":"SMITH"},{"data":"Undo","floor":25,"key":"SMITH"},{"data":"Tempest","floor":30,"key":"SMITH"},{"data":"Electrodynamics","floor":32,"key":"SMITH"},{"data":"Seek","floor":45,"key":"SMITH"},{"data":"Echo Form","floor":47,"key":"SMITH"},{"floor":49,"key":"RECALL"},{"data":"Strike_B","floor":52,"key":"PURGE"}],"circlet_count":0,"master_deck":["AscendersBane","Defend_B+1","Defend_B","Defend_B","Defend_B+1","Zap+1","Dualcast","Coolheaded+1","Doom and Gloom+1","Beam Cell+1","Streamline+1","Lockon+1","Undo+1","Ball Lightning+1","Capacitor+1","Multi-Cast+1","FTL+1","Coolheaded+1","Barrage+1","Hologram+1","Tempest+1","Conserve Battery","Electrodynamics+1","Echo Form+1","Force Field","Conserve Battery+1","Seek+1","Coolheaded+1","Machine Learning","Defragment","Recycle","Dark Shackles","ThirdEye"],"relics":["Cracked Core","EVO:Axolotl","Anchor","Juzu Bracelet","Membership Card","PreservedInsect","Molten Egg 2","Lantern","ClockworkSouvenir","FossilizedHelix","Emotion Chip","War Paint","Akabeko","Blood Vial","Art of War","Runic Capacitor","Oddly Smooth Stone","Bronze Scales","OrangePellets","Strawberry","Vajra","CeramicFish","Omamori","Bag of Preparation","Orichalcum","Coffee Dripper","Potion Belt","CultistMask","Gambling Chip","Happy Flower","Ice Cream","Runic Pyramid","Peace Pipe","Pen Nib","Orrery","Lee\u0027s Waffle","Bag of Marbles","Pantograph","StrikeDummy","Gremlin Horn","Pocketwatch","PrismaticShard","Lizard Tail","Shuriken"],"acts_visited":["Exordium","TheCity","TheBeyond","TheEnding"],"potions_floor_usage":[33,55,55,55,55],"damage_taken":[{"damage":0,"enemies":"Jaw Worm","floor":1,"turns":3},{"damage":0,"enemies":"2 Louse","floor":3,"turns":2},{"damage":0,"enemies":"Cultist","floor":4,"turns":2},{"damage":0,"enemies":"Exordium Thugs","floor":5,"turns":2},{"damage":10,"enemies":"3 Sentries","floor":6,"turns":3},{"damage":0,"enemies":"2 Fungi Beasts","floor":7,"turns":1},{"damage":0,"enemies":"Gremlin Nob","floor":8,"turns":2},{"damage":0,"enemies":"3 Sentries","floor":12,"turns":2},{"damage":0,"enemies":"3 Sentries","floor":14,"turns":2},{"damage":0,"enemies":"Slime Boss","floor":16,"turns":6},{"damage":0,"enemies":"3 Byrds","floor":18,"turns":2},{"damage":0,"enemies":"Spheric Guardian","floor":19,"turns":1},{"damage":0,"enemies":"Centurion and Healer","floor":22,"turns":3},{"damage":0,"enemies":"Slavers","floor":24,"turns":3},{"damage":0,"enemies":"Chosen and Byrds","floor":27,"turns":4},{"damage":0,"enemies":"Book of Stabbing","floor":28,"turns":3},{"damage":0,"enemies":"Shelled Parasite and Fungi","floor":29,"turns":3},{"damage":0,"enemies":"Gremlin Leader","floor":31,"turns":2},{"damage":0,"enemies":"Collector","floor":33,"turns":5},{"damage":0,"enemies":"Orb Walker","floor":35,"turns":2},{"damage":16,"enemies":"2 Orb Walkers","floor":36,"turns":2},{"damage":0,"enemies":"3 Darklings","floor":37,"turns":2},{"damage":0,"enemies":"Nemesis","floor":40,"turns":3},{"damage":0,"enemies":"Maw","floor":41,"turns":5},{"damage":0,"enemies":"Mind Bloom Boss Battle","floor":44,"turns":5},{"damage":0,"enemies":"Spire Growth","floor":46,"turns":3},{"damage":0,"enemies":"Awakened One","floor":50,"turns":10},{"damage":0,"enemies":"Shield and Spear","floor":54,"turns":4},{"damage":4,"enemies":"The Heart","floor":55,"turns":9}],"seed_played":"-2821585884937499586","potions_obtained":[{"floor":3,"key":"DistilledChaos"},{"floor":4,"key":"LiquidBronze"},{"floor":6,"key":"PowerPotion"},{"floor":7,"key":"SpeedPotion"},{"floor":18,"key":"Fruit Juice"},{"floor":27,"key":"LiquidBronze"},{"floor":29,"key":"AttackPotion"},{"floor":33,"key":"SpeedPotion"}],"is_trial":false,"path_per_floor":["M","$","M","M","M","E","M","E","T","R","$","?","R","E","R","B",null,"M","M","?","?","M","R","E","R","T","M","E","M","R","E","R","B",null,"M","?","M","?","$","E","M","?","T","?","R","M","R","?","R","B",null,"R","$","E","B",null],"character_chosen":"DEFECT","items_purchased":["Anchor","Juzu Bracelet","Membership Card","PreservedInsect","Molten Egg 2","Lantern","ClockworkSouvenir","FossilizedHelix","Emotion Chip","War Paint","Akabeko","Blood Vial","Art of War","Runic Capacitor","Oddly Smooth Stone","Bronze Scales","OrangePellets","Doom and Gloom+1","Ball Lightning+1","Omamori","Pen Nib","Orrery","Lee\u0027s Waffle","Bag of Marbles","Pantograph","Defragment","PrismaticShard","Lizard Tail","Recycle","Dark Shackles"],"campfire_rested":0,"item_purchase_floors":[0,0,0,0,0,0,0,0,0,0,0,0,0,0,0,0,2,2,11,11,39,39,39,39,39,53,53,53,53,53],"current_hp_per_floor":[70,70,72,74,75,72,74,76,76,76,76,78,78,80,80,82,82,82,82,82,82,82,82,82,82,82,82,82,82,82,82,82,87,87,87,71,73,73,94,94,94,94,94,94,94,94,94,94,94,94,94,94,94,94,90],"gold":86,"neow_bonus":"","is_daily":false,"chose_seed":false,"campfire_upgraded":9,"win_rate":0.0,"timestamp":1613257025,"path_taken":["M","$","M","M","M","E","M","E","T","R","$","?","R","E","R","BOSS","M","M","?","?","M","R","E","R","T","M","E","M","R","E","R","BOSS","M","?","M","?","$","E","M","?","T","?","R","M","R","?","R","BOSS","R","$","E","BOSS"],"items_purchased_type":["Relic","Relic","Relic","Relic","Relic","Relic","Relic","Relic","Relic","Relic","Relic","Relic","Relic","Relic","Relic","Relic","Relic","Card","Card","Relic","Relic","Relic","Relic","Relic","Relic","Card","Relic","Relic","Card","Card"],"build_version":"2020-12-22","purchased_purges":3,"victory":true,"max_hp_per_floor":[75,75,75,75,75,82,82,82,82,82,82,82,82,82,82,82,82,82,82,82,82,82,82,82,82,82,82,82,82,82,82,82,87,87,87,87,87,87,94,94,94,94,94,94,94,94,94,94,94,94,94,94,94,94,94],"relic_stats":{"Lee\u0027s Waffle":21,"Happy Flower":[28],"Gremlin Horn":[14,14],"counters":[182,769],"CeramicFish":180,"PreservedInsect":382,"Pen Nib":[22],"Juzu Bracelet":2,"Bag of Preparation":[366],"War Paint":["Defend_B","Defend_B"],"Orichalcum":[54],"Blood Vial":19,"Peace Pipe":1,"OrangePellets":[72],"Emotion Chip":[18,11,5,2,0],"Lizard Tail":0,"Shuriken":[1],"Bronze Scales":[322],"Gambling Chip":[55],"Pantograph":0,"Art of War":[10],"obtain_stats":[{"Ice Cream":19,"Gremlin Horn":9,"CeramicFish":9,"Vajra":5,"Runic Capacitor":53,"EVO:Axolotl":0,"Bottled Tornado":54,"Sling":0,"Blood Vial":12,"Centennial Puzzle":44,"Lizard Tail":13,"HornCleat":27,"DollysMirror":29,"Strawberry":8,"MealTicket":7,"Prayer Wheel":0,"Fusion Hammer":17,"Necronomicon":20,"Kunai":25,"Toxic Egg 2":0,"Pear":23,"Happy Flower":54,"Oddly Smooth Stone":19,"Velvet Choker":34,"Eternal Feather":47,"Pen Nib":24,"Letter Opener":26,"War Paint":9,"Question Card":45,"Akabeko":47,"Du-Vu Doll":12,"Runic Dome":0,"OrangePellets":0,"Bottled Flame":53,"Shuriken":9,"Bronze Scales":0,"Bird Faced Urn":46,"Snecko Eye":17,"Pandora\u0027s Box":34,"Molten Egg 2":0,"CultistMask":21,"StrikeDummy":40,"Unceasing Top":26,"Pocketwatch":44,"Lantern":13,"Regal Pillow":8,"Singing Bowl":9,"Torii":29,"Mango":14,"Juzu Bracelet":8,"Bag of Preparation":47,"Ancient Tea Set":0,"Smiling Mask":31,"PrismaticShard":53,"ClockworkSouvenir":0,"Dream Catcher":12,"Nunchaku":44,"Emotion Chip":0,"Mummified Hand":39,"Pantograph":7,"Gambling Chip":24,"WingedGreaves":26,"Chemical X":39,"Cracked Core":0,"InkBottle":6,"Runic Pyramid":17,"Potion Belt":0,"Lee\u0027s Waffle":44,"Inserter":17,"Golden Idol":7,"Thread and Needle":37,"PreservedInsect":31,"The Courier":14,"Omamori":11,"Orichalcum":31,"Odd Mushroom":10,"Frozen Egg 2":0,"Medical Kit":53,"MawBank":45,"Mercury Hourglass":9,"Peace Pipe":36,"Strange Spoon":0,"Anchor":0,"CaptainsWheel":13,"DataDisk":40,"Orrery":19,"Coffee Dripper":0,"Art of War":27,"Bag of Marbles":39,"Membership Card":19,"Toy Ornithopter":53,"FossilizedHelix":0},{"Ice Cream":12,"Gremlin Horn":24,"CeramicFish":160,"Vajra":37,"Runic Capacitor":121,"EVO:Axolotl":0,"Bottled Tornado":122,"Sling":123,"Blood Vial":39,"Centennial Puzzle":56,"Lizard Tail":67,"HornCleat":46,"DollysMirror":108,"Strawberry":97,"MealTicket":6,"Prayer Wheel":90,"Fusion Hammer":41,"Necronomicon":12,"Kunai":106,"Toxic Egg 2":123,"Pear":137,"Happy Flower":89,"Oddly Smooth Stone":42,"Velvet Choker":50,"Eternal Feather":59,"Pen Nib":14,"Letter Opener":14,"War Paint":37,"Question Card":118,"Akabeko":86,"Du-Vu Doll":8,"Runic Dome":1,"OrangePellets":90,"Bottled Flame":151,"Shuriken":66,"Bronze Scales":90,"Bird Faced Urn":119,"Snecko Eye":69,"Pandora\u0027s Box":77,"Molten Egg 2":123,"CultistMask":165,"StrikeDummy":176,"Unceasing Top":45,"Pocketwatch":178,"Lantern":67,"Regal Pillow":130,"Singing Bowl":6,"Torii":108,"Mango":27,"Juzu Bracelet":24,"Bag of Preparation":119,"Ancient Tea Set":18,"Smiling Mask":139,"PrismaticShard":180,"ClockworkSouvenir":90,"Dream Catcher":26,"Nunchaku":56,"Emotion Chip":153,"Mummified Hand":81,"Pantograph":66,"Gambling Chip":167,"WingedGreaves":73,"Chemical X":81,"Cracked Core":0,"InkBottle":95,"Runic Pyramid":133,"Potion Belt":90,"Lee\u0027s Waffle":56,"Inserter":28,"Golden Idol":37,"Thread and Needle":143,"PreservedInsect":76,"The Courier":98,"Omamori":160,"Orichalcum":17,"Odd Mushroom":38,"Frozen Egg 2":90,"Medical Kit":88,"MawBank":148,"Mercury Hourglass":97,"Peace Pipe":174,"Strange Spoon":90,"Anchor":61,"CaptainsWheel":67,"DataDisk":82,"Orrery":42,"Coffee Dripper":0,"Art of War":15,"Bag of Marbles":175,"Membership Card":12,"Toy Ornithopter":88,"FossilizedHelix":153},{"Ice Cream":38,"Gremlin Horn":75,"CeramicFish":688,"Vajra":139,"Runic Capacitor":530,"EVO:Axolotl":0,"Bottled Tornado":534,"Sling":539,"Blood Vial":145,"Centennial Puzzle":228,"Lizard Tail":291,"HornCleat":173,"DollysMirror":462,"Strawberry":412,"MealTicket":19,"Prayer Wheel":391,"Fusion Hammer":153,"Necronomicon":38,"Kunai":452,"Toxic Egg 2":539,"Pear":586,"Happy Flower":383,"Oddly Smooth Stone":156,"Velvet Choker":195,"Eternal Feather":248,"Pen Nib":45,"Letter Opener":45,"War Paint":139,"Question Card":517,"Akabeko":370,"Du-Vu Doll":23,"Runic Dome":1,"OrangePellets":391,"Bottled Flame":661,"Shuriken":287,"Bronze Scales":391,"Bird Faced Urn":522,"Snecko Eye":298,"Pandora\u0027s Box":336,"Molten Egg 2":539,"CultistMask":701,"StrikeDummy":733,"Unceasing Top":168,"Pocketwatch":743,"Lantern":291,"Regal Pillow":560,"Singing Bowl":19,"Torii":462,"Mango":90,"Juzu Bracelet":75,"Bag of Preparation":522,"Ancient Tea Set":58,"Smiling Mask":594,"PrismaticShard":756,"ClockworkSouvenir":391,"Dream Catcher":86,"Nunchaku":228,"Emotion Chip":673,"Mummified Hand":353,"Pantograph":287,"Gambling Chip":707,"WingedGreaves":315,"Chemical X":353,"Cracked Core":0,"InkBottle":405,"Runic Pyramid":572,"Potion Belt":391,"Lee\u0027s Waffle":228,"Inserter":101,"Golden Idol":139,"Thread and Needle":618,"PreservedInsect":327,"The Courier":417,"Omamori":688,"Orichalcum":55,"Odd Mushroom":142,"Frozen Egg 2":391,"Medical Kit":381,"MawBank":642,"Mercury Hourglass":412,"Peace Pipe":728,"Strange Spoon":391,"Anchor":271,"CaptainsWheel":291,"DataDisk":356,"Orrery":156,"Coffee Dripper":0,"Art of War":48,"Bag of Marbles":730,"Membership Card":38,"Toy Ornithopter":381,"FossilizedHelix":673}],"Pocketwatch":[0]},"card_choices":[{"not_picked":["Conserve Battery","Stack"],"picked":"Coolheaded","floor":1},{"not_picked":["Stack","Reboot"],"picked":"Beam Cell+1","floor":3},{"not_picked":["Double Energy","Lockon+1"],"picked":"FTL+1","floor":4},{"not_picked":["Turbo","White Noise"],"picked":"Streamline+1","floor":5},{"not_picked":["Aggregate","Fusion"],"picked":"Lockon+1","floor":6},{"not_picked":["Ball Lightning+1","Aggregate"],"picked":"Undo","floor":7},{"not_picked":["Rebound+1","Hologram","Scrape+1"],"picked":"SKIP","floor":8},{"not_picked":["Barrage+1","Tempest"],"picked":"Capacitor","floor":14},{"not_picked":["Amplify","All For One+1"],"picked":"Multi-Cast","floor":16},{"not_picked":["Sunder+1","Static Discharge"],"picked":"FTL+1","floor":18},{"not_picked":["Beam Cell+1","Self Repair"],"picked":"Coolheaded+1","floor":19},{"not_picked":["BootSequence+1","Aggregate"],"picked":"Barrage+1","floor":22},{"not_picked":["Redo","Hologram+1","Go for the Eyes+1"],"picked":"SKIP","floor":24},{"not_picked":["Redo","Go for the Eyes+1"],"picked":"Hologram+1","floor":24},{"not_picked":["Gash+1","Streamline+1"],"picked":"Tempest","floor":27},{"not_picked":["Rip and Tear+1","Recycle","Static Discharge"],"picked":"SKIP","floor":28},{"not_picked":["Ball Lightning+1","Genetic Algorithm+1"],"picked":"Conserve Battery","floor":29},{"not_picked":["Sweeping Beam+1","Darkness"],"picked":"Electrodynamics","floor":31},{"not_picked":["Machine Learning","Core Surge+1"],"picked":"Echo Form","floor":33},{"not_picked":["Streamline+1","Darkness","Redo"],"picked":"SKIP","floor":35},{"not_picked":["Go for the Eyes+1","Conserve Battery+1"],"picked":"Force Field","floor":36},{"not_picked":["Conserve Battery","Coolheaded+1","Leap"],"picked":"SKIP","floor":37},{"not_picked":["Undo","Reprogram"],"picked":"Conserve Battery+1","floor":40},{"not_picked":["Reprogram+1","Rip and Tear+1","White Noise"],"picked":"SKIP","floor":41},{"not_picked":["Streamline+1","Go for the Eyes+1"],"picked":"Seek","floor":44},{"not_picked":["Melter+1","Sweeping Beam+1"],"picked":"Coolheaded+1","floor":46},{"not_picked":["Poisoned Stab+1","SandsOfTime+1"],"picked":"ThirdEye","floor":54}],"player_experience":419637,"relics_obtained":[{"floor":6,"key":"Strawberry"},{"floor":8,"key":"Vajra"},{"floor":9,"key":"CeramicFish"},{"floor":14,"key":"Orichalcum"},{"floor":24,"key":"Gambling Chip"},{"floor":28,"key":"Happy Flower"},{"floor":31,"key":"Ice Cream"},{"floor":36,"key":"Peace Pipe"},{"floor":40,"key":"StrikeDummy"},{"floor":43,"key":"Gremlin Horn"},{"floor":44,"key":"Pocketwatch"},{"floor":54,"key":"Shuriken"}],"event_choices":[{"damage_healed":0,"gold_gain":0,"player_choice":"Searched \u00273\u0027 times","damage_taken":0,"relics_obtained":["Bag of Preparation"],"max_hp_gain":0,"max_hp_loss":0,"event_name":"Dead Adventurer","floor":12,"gold_loss":0},{"damage_healed":0,"gold_gain":0,"player_choice":"Opened","damage_taken":0,"relics_obtained":["Potion Belt"],"max_hp_gain":0,"max_hp_loss":0,"event_name":"The Mausoleum","floor":20,"gold_loss":0,"cards_obtained":["Writhe"]},{"damage_healed":0,"gold_gain":0,"player_choice":"Trade","damage_taken":0,"relics_obtained":["CultistMask"],"max_hp_gain":0,"max_hp_loss":0,"event_name":"FaceTrader","floor":21,"gold_loss":0},{"damage_healed":0,"gold_gain":0,"player_choice":"Fight","damage_taken":0,"max_hp_gain":0,"max_hp_loss":0,"event_name":"Mysterious Sphere","floor":36,"gold_loss":0},{"damage_healed":0,"gold_gain":0,"player_choice":"Ignored","damage_taken":0,"max_hp_gain":0,"max_hp_loss":0,"event_name":"Tomb of Lord Red Mask","floor":38,"gold_loss":0},{"damage_healed":0,"gold_gain":0,"player_choice":"Bought 0 Potions","damage_taken":0,"max_hp_gain":0,"max_hp_loss":0,"event_name":"The Woman in Blue","floor":42,"gold_loss":0},{"damage_healed":0,"gold_gain":0,"player_choice":"Fight","damage_taken":0,"max_hp_gain":0,"max_hp_loss":0,"event_name":"MindBloom","floor":44,"gold_loss":0},{"damage_healed":0,"gold_gain":0,"cards_transformed":["Strike_B"],"player_choice":"Transformed","damage_taken":0,"max_hp_gain":0,"max_hp_loss":0,"event_name":"Transmorgrifier","floor":48,"gold_loss":0,"cards_obtained":["Machine Learning"]}],"is_beta":false,"boss_relics":[{"not_picked":["SacredBark","Pandora\u0027s Box"],"picked":"Coffee Dripper"},{"not_picked":["Cursed Key","Empty Cage"],"picked":"Runic Pyramid"}],"items_purged_floors":[11,39,53],"is_endless":false,"potions_floor_spawned":[3,4,6,7,8,18,27,29,33,35,37,40,44],"ascension_level":13}}