{"host":"dr01x95rw3kaiuk5","time":1613205028,"event":{"mods":["ATMod(阿瑾Mod)","Act Like it!","Arknights","BaseMod","Colored Powertips","Conspire","Energized Spire","Friendly Minions","Gensokyo","GifTheSpireLib","KinomotoSakuraMod(木之本樱)","Minty Spire (QoL Compilation)","MostiFishMod","Reliquary","Replay The Spire","Shop Mod","Spicy Shops","StSLib","TestMod","UnlockEverythingMod","[IsaacMod]以撒尖塔","【遗物卡牌】REMEMod"],"gold_per_floor":[111,111,127,127,142,142,67,79,79,89,122,47,81,150,150,224,224,244,107,120,120,120,145,45,77,104,119,146,159,159,172,172,246,246,257,282,282,300,313,313,157,190,190,225,244,119,519,554,554,554,554],"floor_reached":52,"language":"ZHS","playtime":1853,"items_purged":["Defend_R","Defend_R","Defend_R","Strike_R"],"score":2756,"play_id":"88f61417-4a32-4393-b3a2-e7157ca75c19","local_time":"20210213163028","is_ascension_mode":true,"campfire_choices":[{"data":"Gensokyo:UnhurriedMind","floor":6,"key":"SMITH"},{"data":"Armaments","floor":15,"key":"SMITH"},{"data":"Sword Boomerang","floor":32,"key":"SMITH"},{"data":"Sword Boomerang","floor":40,"key":"SMITH"},{"data":"MostiFishMod:DarkDeal","floor":49,"key":"SMITH"}],"circlet_count":0,"master_deck":["AscendersBane","Strike_R","Strike_R","Bash","BloodyBrimstone","Gensokyo:UnhurriedMind+1","AT_FamilyPortrait","Double Tap","Battle Trance","Sword Boomerang+1","Thunderclap","MostiFishMod:DarkDeal+1","Armaments+1","Demon Form","Flex","Cleave","Sword Boomerang+1","MostiFishMod:DarkDeal","Heavy Blade"],"relics":["Burning Blood","HushsDoor","AT_ATBox","REME_ComplimentaryCards","ExusiaiGun","BelialBook","testmod-CrystalShield","SynthV:TestCard","DaveBox","MostiFishMod:Haymaker","conspire:DeflatedDodgeball","EdensBlessing","Singing Bowl","PatriotShield","Sling","Ring of Panic","Ring of Hypnosis","Happy Flower","Pen Nib","Boot","ReplayTheSpireMod:TigerMarble","GreenFoldingFan","testmod-IntensifyImprint","BrkXgEgg","HowToJump","Letter Opener","Replay:Rubber Ducky","conspire:TopHat"],"acts_visited":["Exordium","TheCity","TheBeyond"],"potions_floor_usage":[21,33],"damage_taken":[{"damage":13.0,"enemies":"conspire:RoseBush","floor":1.0,"turns":2.0},{"damage":0.0,"enemies":"ats:Genji","floor":3.0,"turns":1.0},{"damage":0,"enemies":"Small Slimes","floor":5,"turns":1},{"damage":12,"enemies":"Exordium Wildlife","floor":8,"turns":2},{"damage":0,"enemies":"Large Slime","floor":10,"turns":1},{"damage":0,"enemies":"Replay:BlueRogue","floor":11,"turns":2},{"damage":0,"enemies":"Lagavulin","floor":13,"turns":2},{"damage":0,"enemies":"Fading Forest","floor":16,"turns":13},{"damage":0,"enemies":"conspire:FuzzyDice","floor":18,"turns":1},{"damage":5,"enemies":"Shell Parasite","floor":20,"turns":1},{"damage":0,"enemies":"Slavers","floor":23,"turns":1},{"damage":0,"enemies":"REME_1_Revenger","floor":25,"turns":1},{"damage":0,"enemies":"Snecko","floor":27,"turns":1},{"damage":0,"enemies":"conspire:Head Lice","floor":28,"turns":1},{"damage":0,"enemies":"Shelled Parasite and Fungi","floor":29,"turns":1},{"damage":0,"enemies":"Centurion and Healer","floor":31,"turns":1},{"damage":5,"enemies":"conspire:MysteriousRune","floor":33,"turns":1},{"damage":30,"enemies":"3 Shapes","floor":35,"turns":1},{"damage":2,"enemies":"Mind Bloom Boss Battle","floor":36,"turns":1},{"damage":2,"enemies":"Orb Walker","floor":38,"turns":1},{"damage":2,"enemies":"Spire Growth","floor":39,"turns":1},{"damage":0,"enemies":"Nemesis","floor":42,"turns":1},{"damage":0,"enemies":"Writhing Mass","floor":45,"turns":1},{"damage":7,"enemies":"R_Hoarder","floor":48,"turns":1},{"damage":2,"enemies":"Donu and Deca","floor":50,"turns":1},{"damage":5,"enemies":"Time Eater","floor":51,"turns":1}],"seed_played":"8843708279971776272","potions_obtained":[{"floor":1.0,"key":"LiquidBronze"},{"floor":11,"key":"Fire Potion"},{"floor":13,"key":"BloodPotion"},{"floor":16,"key":"Energy Potion"},{"floor":20,"key":"Fruit Juice"},{"floor":25,"key":"EssenceOfSteel"},{"floor":28,"key":"AttackPotion"},{"floor":33,"key":"EssenceOfSteel"},{"floor":39,"key":"Elixir"}],"is_trial":false,"path_per_floor":["M","?","M","?","M","R","?","M","T","M","E","$","E","?","R","B",null,"M","$","M","?","?","E","$","E","T","M","E","M","?","M","R","B",null,"M","?","?","M","M","R","$","E","T","?","M","$","?","E","R","B","B",null],"character_chosen":"IRONCLAD","items_purchased":["Sling","Cleave","Heavy Blade","BrkXgEgg"],"campfire_rested":0,"item_purchase_floors":[19,19,41,41],"current_hp_per_floor":[68,68,74,74,80,80,80,74,74,80,82,82,79,64,64,76,71,71,71,73,78,78,80,80,82,82,84,86,88,83,88,88,88,88,76,92,92,94,96,96,96,98,98,63,81,81,81,92,92,91,94],"gold":554,"neow_bonus":"TEN_PERCENT_HP_BONUS","is_daily":false,"chose_seed":false,"campfire_upgraded":5,"win_rate":0.0,"timestamp":1613205028,"path_taken":["M","?","M","?","M","R","?","M","T","M","E","?","E","?","R","BOSS","M","$","M","?","?","E","$","E","T","?","E","?","?","M","R","BOSS","M","?","?","?","M","R","?","E","T","?","M","$","?","E","R","BOSS","BOSS"],"items_purchased_type":["Relic","Card","Card","Relic"],"build_version":"2020-12-22","purchased_purges":4,"victory":true,"max_hp_per_floor":[82,82,82,82,82,82,82,82,82,82,82,82,79,79,79,76,71,71,71,73,78,78,80,80,82,82,84,86,88,88,88,88,88,88,90,92,92,94,96,96,96,98,98,102,104,104,104,106,106,91,94],"card_choices":[{"not_picked":[],"picked":"BloodyBrimstone","floor":0.0},{"not_picked":["Run Through","Clothesline","Havoc"],"picked":"SKIP","floor":1.0},{"not_picked":["Power Through","Flex","Metallicize","AT_DrawKnifeCut"],"picked":"Double Tap","floor":3.0},{"not_picked":["Combust","Anger","Perfected Strike","ReplayTheSpireMod:Strike From Hell"],"picked":"Battle Trance","floor":5},{"not_picked":["Cleave","Pommel Strike","Rupture","Wild Strike"],"picked":"Sword Boomerang","floor":8},{"not_picked":["ReplayTheSpireMod:Strike From Hell","Clothesline","Body Slam","Headbutt"],"picked":"Thunderclap","floor":10},{"not_picked":["conspire:HitWhereItHurts","Clothesline","Shrug It Off","Headbutt"],"picked":"MostiFishMod:DarkDeal","floor":11},{"not_picked":["Intimidate","AT_BodySlamDance","Thunderclap","REME_Scribble"],"picked":"Armaments","floor":13},{"not_picked":["MostiFishMod:TemporaryOutbreak","Exhume","Demonic Infusion","MostiFishMod:OrdinaryWorld"],"picked":"Demon Form","floor":16},{"not_picked":["Shrug It Off+1","Armaments","Run Through","Evolve"],"picked":"Flex","floor":18},{"not_picked":["Run Through","Perfected Strike","ReplayTheSpireMod:Strike From Hell","Wild Strike","Clothesline"],"picked":"Singing Bowl","floor":20},{"not_picked":["MostiFishMod:#F4004","AT_DiedThrough","Infernal Blade","True Grit","Wild Strike"],"picked":"Singing Bowl","floor":23},{"not_picked":["Clash","Sentinel","AT_BodySlamDance","Disarm","MostiFishMod:ChineseTea"],"picked":"Singing Bowl","floor":25},{"not_picked":["Body Slam","conspire:ExplosiveBarrier","Hemokinesis","Warcry","Clothesline"],"picked":"Singing Bowl","floor":27},{"not_picked":["Perfected Strike","AT_ShrugMaster","AT_IchimonjiDouble","Blood for Blood","Clothesline"],"picked":"Singing Bowl","floor":28},{"not_picked":["MostiFishMod:PerfectStrikeMKII","Rage","Anger","Pommel Strike","Massacre+1"],"picked":"Singing Bowl","floor":29},{"not_picked":["ReplayTheSpireMod:Strike From Hell","AT_IchimonjiDouble","Spot Weakness","Rampage"],"picked":"Sword Boomerang","floor":31},{"not_picked":["MostiFishMod:KnuckleDown","MostiFishMod:FireWorks","MostiFishMod:PerfectStrikeMKII","MostiFishMod:DoubleSword"],"picked":"MostiFishMod:DarkDeal","floor":33},{"not_picked":["Clothesline","Cleave","AT_IchimonjiDouble","Body Slam","Second Wind+1"],"picked":"Singing Bowl","floor":35},{"not_picked":["Flex","AT_BodySlamDance","Battle Trance+1","AT_CaressingTears+1","Fire Breathing+1"],"picked":"Singing Bowl","floor":36},{"not_picked":["Bloodletting","REME_Cut","AT_IchimonjiDouble","ReplayTheSpireMod:Strike From Hell","Run Through"],"picked":"Singing Bowl","floor":38},{"not_picked":["Bloodletting+1","Bludgeon","Fire Breathing+1","Infernal Blade","Anger"],"picked":"Singing Bowl","floor":39},{"not_picked":["Bloodletting","AT_BodySlamDance","AT_IchimonjiDouble","REME_FearOfPain+1","Shrug It Off"],"picked":"Singing Bowl","floor":42},{"not_picked":["Dropkick","Cleave","Flex","Run Through","Warcry+1"],"picked":"Singing Bowl","floor":44},{"not_picked":["Iron Wave","Havoc+1","ReplayReversal","Sword Boomerang+1","Body Slam"],"picked":"Singing Bowl","floor":44},{"not_picked":["Armaments+1","Burning Pact+1","Rage","Feed+1","Disarm"],"picked":"Singing Bowl","floor":45},{"not_picked":["AT_IchimonjiDouble","Ghostly Armor","Defy Death+1","Twin Strike","AT_ShrugMaster"],"picked":"Singing Bowl","floor":48}],"player_experience":267035,"relics_obtained":[{"floor":1.0,"key":"SynthV:TestCard"},{"floor":9,"key":"conspire:DeflatedDodgeball"},{"floor":11,"key":"EdensBlessing"},{"floor":13,"key":"Singing Bowl"},{"floor":22,"key":"Ring of Panic"},{"floor":22,"key":"Ring of Hypnosis"},{"floor":23,"key":"Happy Flower"},{"floor":25,"key":"Pen Nib"},{"floor":26,"key":"Boot"},{"floor":28,"key":"ReplayTheSpireMod:TigerMarble"},{"floor":36,"key":"testmod-IntensifyImprint"},{"floor":42,"key":"HowToJump"},{"floor":43,"key":"Letter Opener"},{"floor":44,"key":"Replay:Rubber Ducky"},{"floor":48,"key":"conspire:TopHat"}],"event_choices":[{"cards_removed":["Defend_R"],"damage_healed":0.0,"max_hp_gain":0.0,"max_hp_loss":0.0,"gold_gain":0.0,"event_name":"Living Wall","player_choice":"Forget","floor":2.0,"gold_loss":0.0,"damage_taken":0.0},{"damage_healed":0,"gold_gain":0,"player_choice":"Swap Relic","damage_taken":0,"relics_obtained":["DaveBox"],"max_hp_gain":0,"max_hp_loss":0,"event_name":"给自己的盒子","floor":4,"relics_lost":["testmod-TestBox"],"gold_loss":0},{"cards_removed":["Strike_R"],"damage_healed":0,"gold_gain":0,"player_choice":"Card Removal","damage_taken":0,"max_hp_gain":0,"max_hp_loss":0,"event_name":"The Cleric","floor":7,"gold_loss":75},{"damage_healed":0,"gold_gain":0,"player_choice":"Ignored","damage_taken":0,"max_hp_gain":0,"max_hp_loss":0,"event_name":"Ghosts","floor":21,"gold_loss":0},{"damage_healed":0,"gold_gain":0,"player_choice":"Leave","damage_taken":0,"max_hp_gain":0,"max_hp_loss":0,"event_name":"conspire:Investor","floor":30,"gold_loss":0},{"damage_healed":0,"gold_gain":0,"player_choice":"Fight","damage_taken":0,"max_hp_gain":0,"max_hp_loss":0,"event_name":"MindBloom","floor":36,"gold_loss":0},{"cards_removed":["Strike_R"],"damage_healed":0,"gold_gain":0,"player_choice":"Removed Attack","damage_taken":0,"max_hp_gain":0,"max_hp_loss":0,"event_name":"Falling","floor":37,"gold_loss":0},{"damage_healed":0,"gold_gain":400,"player_choice":"Sell","damage_taken":0,"max_hp_gain":0,"max_hp_loss":0,"event_name":"恩洛斯的盘子","floor":47,"relics_lost":["DaveBox"],"gold_loss":0}],"is_beta":false,"boss_relics":[{"not_picked":["REME_ChargedStone","energizedSpire:RedRose"],"picked":"PatriotShield"},{"not_picked":[]},{"not_picked":["Runic Cube","NightmareShop"],"picked":"GreenFoldingFan"},{"not_picked":[]}],"items_purged_floors":[12,17,24,46],"is_endless":false,"potions_floor_spawned":[1,11,13,16,20,25,28,33,39,45],"ascension_level":20}}