{"host":"krw8kyiy0um8ye49","time":1613215310,"event":{"mods":["BaseMod","Minty Spire (QoL Compilation)","StSLib","The Runesmith"],"gold_per_floor":[214,214,230,405,405,435,449,449,517,517,535,57,90,90,90,185,185,203,128,138,138,153,243,243,243,243],"floor_reached":25,"language":"ENG","playtime":2054,"items_purged":[],"score":259,"play_id":"18b772df-f78e-4e09-97d6-5cefd7db87e7","local_time":"20210213122150","is_ascension_mode":false,"campfire_choices":[{"data":"Runesmith:CraftFirestone","floor":10,"key":"SMITH"},{"floor":15,"key":"REST"},{"floor":24,"key":"REST"}],"circlet_count":0,"master_deck":["Runesmith:Strike_RS","Runesmith:Strike_RS","Runesmith:Strike_RS","Runesmith:Strike_RS","Runesmith:Defend_RS","Runesmith:Defend_RS+1","Runesmith:Defend_RS","Runesmith:Defend_RS","Runesmith:CraftFirestone+1","Runesmith:Fortify+1","Runesmith:BackupBattery+1","Runesmith:Prism","Runesmith:Terraform","Runesmith:HeatExchange","Runesmith:PoweredAnvil","Runesmith:Reinforce","Runesmith:CreatorForm","Runesmith:CraftProtectio+1","Runesmith:HammerThrow","Pain","Runesmith:RunicBlueprint"],"relics":["Runesmith:BrokenRuby","Strawberry","White Beast Statue","Sundial","Toolbox","Smiling Mask","SlaversCollar","WarpedTongs"],"acts_visited":["Exordium","TheCity"],"potions_floor_usage":[13,16,16,25],"damage_taken":[{"damage":0,"enemies":"Jaw Worm","floor":1,"turns":4},{"damage":6,"enemies":"2 Louse","floor":3,"turns":4},{"damage":41,"enemies":"3 Sentries","floor":6,"turns":9},{"damage":0,"enemies":"Small Slimes","floor":7,"turns":4},{"damage":0,"enemies":"Blue Slaver","floor":11,"turns":6},{"damage":9,"enemies":"Lagavulin","floor":13,"turns":9},{"damage":0,"enemies":"Slime Boss","floor":16,"turns":10},{"damage":15,"enemies":"Shell Parasite","floor":18,"turns":8},{"damage":14,"enemies":"3 Byrds","floor":20,"turns":6},{"damage":27,"enemies":"Snecko","floor":22,"turns":10},{"damage":32,"enemies":"Slavers","floor":25,"turns":7}],"seed_played":"3629821127528865974","potions_obtained":[{"floor":7,"key":"SkillPotion"},{"floor":11,"key":"Swift Potion"},{"floor":13,"key":"AttackPotion"},{"floor":16,"key":"Ancient Potion"},{"floor":18,"key":"ColorlessPotion"},{"floor":20,"key":"CultistPotion"},{"floor":22,"key":"BlessingOfTheForge"}],"is_trial":false,"path_per_floor":["M","$","M","?","?","E","M","?","T","R","M","$","E","?","R","B",null,"M","?","M","?","M","?","R","E"],"character_chosen":"RUNESMITH_CLASS","items_purchased":["Runesmith:PoweredAnvil","Sundial","Toolbox"],"campfire_rested":2,"item_purchase_floors":[12,12,12],"current_hp_per_floor":[70,70,64,64,50,16,16,16,16,16,16,16,7,7,30,30,77,62,62,48,48,21,9,32,0,0],"gold":243,"neow_bonus":"HUNDRED_GOLD","is_daily":false,"chose_seed":false,"campfire_upgraded":1,"win_rate":0.0,"timestamp":1613215310,"path_taken":["M","$","M","?","?","E","M","?","T","R","M","$","E","?","R","BOSS","M","?","M","?","?","?","R","E"],"items_purchased_type":["Card","Relic","Relic"],"build_version":"2020-12-22","purchased_purges":0,"victory":false,"max_hp_per_floor":[70,70,70,70,70,77,77,77,77,77,77,77,77,77,77,77,77,77,77,77,77,77,77,77,77,77],"card_choices":[{"not_picked":["Runesmith:CraftMagma","Runesmith:Discharge"],"picked":"Runesmith:BackupBattery","floor":1},{"not_picked":["Runesmith:CraftProtectio","Runesmith:Overpower","Runesmith:MakeshiftArmor"],"picked":"SKIP","floor":3},{"not_picked":["Runesmith:UnstableHammer","Runesmith:CraftSpiculum"],"picked":"Runesmith:Prism","floor":6},{"not_picked":["Runesmith:Accelerate","Runesmith:BackupBattery"],"picked":"Runesmith:Terraform","floor":7},{"not_picked":["Runesmith:Refine","Runesmith:BackupBattery"],"picked":"Runesmith:HeatExchange","floor":11},{"not_picked":["Runesmith:CraftPrismatica","Runesmith:ChiselStab"],"picked":"Runesmith:Reinforce","floor":13},{"not_picked":["Runesmith:LastStand","Runesmith:CraftIndustria"],"picked":"Runesmith:CreatorForm","floor":16},{"not_picked":["Runesmith:MakeshiftArmor","Runesmith:Grindstone"],"picked":"Runesmith:CraftProtectio+1","floor":18},{"not_picked":["Runesmith:EnergizedChisel","Runesmith:BackupBattery+1"],"picked":"Runesmith:HammerThrow","floor":20},{"not_picked":["Runesmith:EarthShield+1","Runesmith:CraftVitae"],"picked":"Runesmith:RunicBlueprint","floor":22}],"player_experience":166640,"relics_obtained":[{"floor":6,"key":"Strawberry"},{"floor":9,"key":"White Beast Statue"},{"floor":13,"key":"Smiling Mask"}],"event_choices":[{"damage_healed":0,"gold_gain":175,"player_choice":"AGREE","damage_taken":0,"max_hp_gain":0,"max_hp_loss":0,"event_name":"Liars Game","floor":4,"gold_loss":0,"cards_obtained":["Doubt"]},{"damage_healed":0,"gold_gain":0,"player_choice":"Entered Light","damage_taken":14,"max_hp_gain":0,"max_hp_loss":0,"event_name":"Shining Light","floor":5,"gold_loss":0,"cards_upgraded":["Runesmith:Defend_RS","Runesmith:Fortify"]},{"damage_healed":0,"gold_gain":0,"player_choice":"Grow","damage_taken":0,"max_hp_gain":0,"max_hp_loss":0,"event_name":"Living Wall","floor":8,"gold_loss":0,"cards_upgraded":["Runesmith:BackupBattery"]},{"damage_healed":0,"gold_gain":0,"player_choice":"Ignored","damage_taken":0,"max_hp_gain":0,"max_hp_loss":0,"event_name":"Golden Wing","floor":14,"gold_loss":0},{"cards_removed":["Doubt"],"damage_healed":0,"gold_gain":0,"player_choice":"Gave Gold","damage_taken":0,"max_hp_gain":0,"max_hp_loss":0,"event_name":"Beggar","floor":19,"gold_loss":75},{"damage_healed":0,"gold_gain":0,"player_choice":"Rummage","damage_taken":0,"relics_obtained":["WarpedTongs"],"max_hp_gain":0,"max_hp_loss":0,"event_name":"Accursed Blacksmith","floor":21,"gold_loss":0,"cards_obtained":["Pain"]},{"damage_healed":0,"gold_gain":90,"player_choice":"GOLD ","damage_taken":12,"max_hp_gain":0,"max_hp_loss":0,"event_name":"Knowing Skull","floor":23,"potions_obtained":[],"gold_loss":0,"cards_obtained":[]}],"is_beta":false,"boss_relics":[{"not_picked":["Runic Dome","Busted Crown"],"picked":"SlaversCollar"}],"items_purged_floors":[],"is_endless":false,"potions_floor_spawned":[7,11,13,16,18,20,22],"killed_by":"Slavers","ascension_level":0}}