{"host":"c97twqu0op5dg8i4","time":1613235158,"event":{"mods":["AchievementEnabler","BaseMod","Colored Map","Minty Spire (QoL Compilation)","Permanent Neow"],"gold_per_floor":[114,114,133,143,143,183,183,183,183,254,278,278,312,378,378,378,498,498,517,517,571,582,582,582,582,582,582],"floor_reached":26,"language":"ENG","playtime":622,"items_purged":[],"score":409,"play_id":"04f78c85-527c-438d-af2d-2fc517344ad9","local_time":"20210213115238","is_ascension_mode":true,"campfire_choices":[{"data":"Conclude","floor":7,"key":"SMITH"},{"data":"EmptyFist","floor":16,"key":"SMITH"},{"data":"Tantrum","floor":25,"key":"SMITH"}],"circlet_count":0,"master_deck":["AscendersBane","Strike_P","Strike_P","Strike_P","Strike_P","Defend_P","Defend_P","Defend_P","Defend_P","Eruption+1","Vigilance","FlyingSleeves+1","Conclude+1","EmptyFist+1","Injury","Prostrate+1","Devotion","DevaForm","Evaluate+1","Writhe","Tantrum+1"],"relics":["PureWater","Bloody Idol","Kunai","Blue Candle","Singing Bowl","Bird Faced Urn","Cursed Key","PreservedInsect"],"acts_visited":["Exordium","TheCity"],"potions_floor_usage":[12,13,17,26],"damage_taken":[{"damage":0,"enemies":"Small Slimes","floor":1,"turns":3},{"damage":0,"enemies":"Cultist","floor":3,"turns":2},{"damage":0,"enemies":"2 Louse","floor":4,"turns":1},{"damage":14,"enemies":"3 Sentries","floor":6,"turns":5},{"damage":1,"enemies":"Large Slime","floor":11,"turns":6},{"damage":5,"enemies":"Lots of Slimes","floor":12,"turns":2},{"damage":23,"enemies":"Lagavulin","floor":13,"turns":5},{"damage":1,"enemies":"Slime Boss","floor":17,"turns":6},{"damage":31,"enemies":"3 Byrds","floor":19,"turns":6},{"damage":25,"enemies":"Spheric Guardian","floor":22,"turns":4},{"damage":32,"enemies":"Book of Stabbing","floor":26,"turns":4}],"seed_played":"-2538247480741511551","potions_obtained":[{"floor":6,"key":"Ancient Potion"},{"floor":8,"key":"SmokeBomb"},{"floor":8,"key":"DuplicationPotion"},{"floor":13,"key":"AttackPotion"},{"floor":17,"key":"BottledMiracle"},{"floor":22,"key":"GamblersBrew"}],"is_trial":false,"path_per_floor":["M","?","M","M","?","E","R","?","T","T","M","M","E","?","?","R","B",null,"M","?","T","M","?","E","R","E"],"character_chosen":"WATCHER","items_purchased":[],"campfire_rested":0,"item_purchase_floors":[],"current_hp_per_floor":[65,65,65,65,65,51,51,51,51,51,52,47,24,24,24,24,25,62,35,35,40,22,22,22,22,0,0],"gold":582,"neow_bonus":"UPGRADE_CARD","is_daily":false,"chose_seed":false,"campfire_upgraded":3,"win_rate":0.0,"timestamp":1613235158,"path_taken":["M","?","?","M","?","E","R","?","T","T","M","?","E","?","?","R","BOSS","M","?","?","?","?","E","R","E"],"items_purchased_type":[],"build_version":"2020-12-22","purchased_purges":0,"victory":false,"max_hp_per_floor":[72,72,72,72,72,72,72,72,72,72,74,74,74,74,74,74,74,74,74,74,74,74,74,74,74,74,74],"card_choices":[{"not_picked":["CrushJoints","ClearTheMind"],"picked":"FlyingSleeves","floor":1},{"not_picked":["FollowUp","Halt"],"picked":"Conclude","floor":3},{"not_picked":["EmptyMind","WaveOfTheHand"],"picked":"EmptyFist","floor":4},{"not_picked":["Sanctity","BowlingBash"],"picked":"Prostrate","floor":6},{"not_picked":["FlurryOfBlows","Wireheading","Sanctity"],"picked":"Singing Bowl","floor":11},{"not_picked":["Nirvana","WindmillStrike"],"picked":"Devotion","floor":13},{"not_picked":["DeusExMachina","Ragnarok"],"picked":"DevaForm","floor":17},{"not_picked":["Worship","PathToVictory"],"picked":"Evaluate+1","floor":19},{"not_picked":["Adaptation+1","ClearTheMind+1"],"picked":"Tantrum","floor":22}],"player_experience":399966,"relics_obtained":[{"floor":6,"key":"Kunai"},{"floor":9,"key":"Blue Candle"},{"floor":10,"key":"Singing Bowl"},{"floor":13,"key":"Bird Faced Urn"},{"floor":21,"key":"PreservedInsect"}],"event_choices":[{"damage_healed":0,"gold_gain":0,"player_choice":"Forge","damage_taken":0,"max_hp_gain":0,"max_hp_loss":0,"event_name":"Accursed Blacksmith","floor":2,"gold_loss":0,"cards_upgraded":["FlyingSleeves"]},{"damage_healed":0,"gold_gain":0,"player_choice":"Take Wound","damage_taken":0,"relics_obtained":["Golden Idol"],"max_hp_gain":0,"max_hp_loss":0,"event_name":"Golden Idol","floor":5,"gold_loss":0,"cards_obtained":["Injury"]},{"damage_healed":0,"gold_gain":0,"player_choice":"Got Potions","damage_taken":0,"max_hp_gain":0,"max_hp_loss":0,"event_name":"Lab","floor":8,"gold_loss":0},{"damage_healed":0,"gold_gain":66,"player_choice":"Gained Gold","damage_taken":0,"max_hp_gain":0,"max_hp_loss":0,"event_name":"Golden Wing","floor":14,"gold_loss":0},{"damage_healed":0,"gold_gain":0,"player_choice":"Grow","damage_taken":0,"max_hp_gain":0,"max_hp_loss":0,"event_name":"Living Wall","floor":15,"gold_loss":0,"cards_upgraded":["Prostrate"]},{"damage_healed":0,"gold_gain":0,"player_choice":"Gave Idol","damage_taken":0,"relics_obtained":["Bloody Idol"],"max_hp_gain":0,"max_hp_loss":0,"event_name":"Forgotten Altar","floor":20,"relics_lost":["Golden Idol"],"gold_loss":0},{"damage_healed":0,"gold_gain":0,"player_choice":"Ignored","damage_taken":0,"max_hp_gain":0,"max_hp_loss":0,"event_name":"Ghosts","floor":23,"gold_loss":0}],"is_beta":false,"boss_relics":[{"not_picked":["Runic Dome","VioletLotus"],"picked":"Cursed Key"}],"items_purged_floors":[],"is_endless":false,"potions_floor_spawned":[6,11,12,13,17,22],"killed_by":"Book of Stabbing","ascension_level":11}}