{"host":"8a72fthmlk1o8pdb","time":1613186650,"event":{"mods":["AchievementEnabler","Aspiration","Astrologer","Bard","BaseMod","Beaked The Cultist","Better Sensory Stone","Better Skull","Better Third Choice","ChefMod","Colored Map","Colored Powertips","Dark Map","Downfall","Friendly Minions","GifTheSpireLib","Googly Eyes","Gremlin Mod","Hermit","Hubris","JesterMod","Jorbs\u0027s Wanderer Trilogy","Marisa????????","Minty Spire (QoL Compilation)","Permanent Neow","Random Character Button","Rare Cards Sparkle","Relic Stats","Reliquary","Robot Space Explorer","Shade Mod","Shop Mod","Somnambulant","StSLib","The Animator","The Blue Laboratory","The Construct","The Cursed","The Disciple","The Hayseed","The Hierophant","The Jungle","The Marked","The Mystic","The Necromancer","The Poker Player","The Problem Sleuth","The Runesmith","thorton"],"gold_per_floor":[114,134,149,23,41,74,74,74,74,85,102,102,102,102,102,200,200,210,190,204,41,51,51,63,63,63,89,89,104,104,119,119,214,214,231,249,269,269,319,319,334,334,415,449,466,485,485,45,45,145,145,145,69,69,69],"floor_reached":54,"language":"ENG","playtime":7082,"items_purged":["Strike_W","Strike_W","Strike_W"],"score":743,"play_id":"f79495c6-c24e-4432-8cbc-85125c512bd0","local_time":"20210212192410","is_ascension_mode":false,"campfire_choices":[{"data":"Grasp_Heart","floor":7,"key":"SMITH"},{"data":"Chill_Blood","floor":12,"key":"SMITH"},{"data":"Negative_Energy_Arrows","floor":15,"key":"SMITH"},{"floor":23,"key":"REST"},{"floor":25,"key":"REST"},{"data":"Summon_Vampire_Lady","floor":28,"key":"SMITH"},{"data":"Chill_Blood","floor":30,"key":"SMITH"},{"floor":32,"key":"RECALL"},{"data":"Negative_Energy_Mist","floor":40,"key":"SMITH"},{"data":"Exploit","floor":42,"key":"SMITH"},{"data":"Spectral_Armor","floor":49,"key":"SMITH"},{"data":"Negative_Energy_Javelin","floor":52,"key":"SMITH"}],"circlet_count":0,"master_deck":["Strike_W","Defend_W","Defend_W","Defend_W","Defend_W","Negative_Energy_Arrows+1","Bone_Wall","Grasp_Heart+1","Negative_Energy_Javelin+1","Summon_Lich","Negative_Energy_Mist+1","Negative_Energy_Sphere","Chill_Blood+1","Summon_Vampire_Lady+1","Exploit+1","Negative_Energy_Javelin","Negative_Energy_Javelin+1","Spectral_Armor+1","Chill_Blood+1","Negative_Energy_Mist+1","Bone_Armor+1","Negative_Energy_Javelin+1","Negative_Energy_Mist+1","Spectral_Armor+1","Spectral_Armor+1","Bone_Prison"],"relics":["Vampire_Amulet","hubris:BottledRain","jesterMod:MachoBrace","MerchantsRug","Nunchaku","reliquary:TridentHead","hubris:HollowSoul","hubris:Icosahedron","TungstenRod","Bottled Flame","Orrery"],"acts_visited":["Exordium","theJungle:Jungle","TheBeyond","TheEnding"],"potions_floor_usage":[5,20,33,35,36,37,44,47,54],"damage_taken":[{"damage":6,"enemies":"Jaw Worm","floor":1,"turns":3},{"damage":0,"enemies":"Cultist","floor":2,"turns":3},{"damage":0,"enemies":"Small Slimes","floor":3,"turns":3},{"damage":13,"enemies":"Exordium Thugs","floor":5,"turns":5},{"damage":8,"enemies":"Lagavulin","floor":6,"turns":7},{"damage":5,"enemies":"Lots of Slimes","floor":10,"turns":3},{"damage":9,"enemies":"Large Slime","floor":11,"turns":6},{"damage":0,"enemies":"The Guardian","floor":16,"turns":9},{"damage":14,"enemies":"theJungle:GiantWrat","floor":18,"turns":5},{"damage":22,"enemies":"theJungle:MUSHROOMGANG","floor":20,"turns":5},{"damage":53,"enemies":"theJungle:Snecko_Cultist_And_Trap","floor":22,"turns":7},{"damage":41,"enemies":"theJungle:2_Snecko_Cultists","floor":24,"turns":4},{"damage":31,"enemies":"theJungle:MamaSnecko","floor":27,"turns":7},{"damage":11,"enemies":"theJungle:Lyon","floor":29,"turns":4},{"damage":15,"enemies":"theJungle:SlimyTreeVines","floor":31,"turns":7},{"damage":18,"enemies":"theJungle:FunGuy","floor":33,"turns":12},{"damage":15,"enemies":"Orb Walker","floor":35,"turns":4},{"damage":17,"enemies":"3 Darklings","floor":36,"turns":5},{"damage":29,"enemies":"Spire Growth","floor":37,"turns":5},{"damage":11,"enemies":"Mind Bloom Boss Battle","floor":39,"turns":8},{"damage":14,"enemies":"Sphere and 2 Shapes","floor":41,"turns":5},{"damage":9,"enemies":"Nemesis","floor":44,"turns":5},{"damage":30,"enemies":"Jaw Worm Horde","floor":45,"turns":6},{"damage":20,"enemies":"Maw","floor":46,"turns":9},{"damage":0,"enemies":"Writhing Mass","floor":47,"turns":2},{"damage":67,"enemies":"Donu and Deca","floor":50,"turns":18},{"damage":41,"enemies":"Shield and Spear","floor":54,"turns":3}],"seed_played":"-1245662596426260794","potions_obtained":[{"floor":2,"key":"Swift Potion"},{"floor":3,"key":"blueLaboratory:ForbiddenFruitJuice"},{"floor":11,"key":"blueLaboratory:NullPotion"},{"floor":19,"key":"Dexterity Potion"},{"floor":27,"key":"blueLaboratory:BottleOfRum"},{"floor":31,"key":"GamblersBrew"},{"floor":33,"key":"blueLaboratory:PolymorphPotion"},{"floor":35,"key":"sneckomod:MuddlingPotion"},{"floor":37,"key":"FearPotion"},{"floor":39,"key":"Dexterity Potion"},{"floor":45,"key":"blueLaboratory:PyrophylliteBrew"}],"is_trial":false,"path_per_floor":["M","M","M","$","M","E","R","?","T","M","M","R","?","?","R","B",null,"M","?","M","$","M","R","M","R","T","E","R","M","R","M","R","B",null,"M","M","M","?","?","R","M","R","T","E","M","M","M","$","R","B",null,"R","$","E"],"character_chosen":"NECROMANCER","items_purchased":["Negative_Energy_Mist","MerchantsRug","Bottled Flame","Orrery","Bone_Prison"],"campfire_rested":2,"item_purchase_floors":[4,21,48,48,53],"current_hp_per_floor":[71,73,75,75,66,60,60,60,60,65,60,60,65,65,65,67,80,74,74,67,67,30,54,26,50,50,56,56,56,56,58,58,69,80,67,64,43,43,55,55,79,79,79,80,68,68,80,80,80,65,80,80,80,0,0],"gold":69,"neow_bonus":"THREE_RARE_CARDS","is_daily":false,"chose_seed":false,"campfire_upgraded":9,"win_rate":0.0,"timestamp":1613186650,"path_taken":["M","M","M","$","M","E","R","?","T","?","M","R","?","?","R","BOSS","M","?","M","$","M","R","?","R","T","E","R","M","R","M","R","BOSS","M","M","M","?","?","R","M","R","T","E","M","M","M","$","R","BOSS","R","$","E"],"items_purchased_type":["Card","Relic","Relic","Relic","Card"],"build_version":"2020-12-22","purchased_purges":3,"victory":false,"max_hp_per_floor":[75,75,75,75,75,75,75,75,75,75,75,75,80,80,80,80,80,80,80,80,80,80,80,80,80,80,80,80,80,80,80,80,80,80,80,80,80,80,80,80,80,80,80,80,80,80,80,80,80,80,80,80,80,80,80],"relic_stats":{"Nunchaku":[18],"counters":[27,163],"obtain_stats":[{"MerchantsRug":21,"hubris:CrystalStatue":9,"jesterMod:MachoBrace":17,"hubris:HollowSoul":34,"Du-Vu Doll":39,"reliquary:TridentHead":27,"Nunchaku":26,"Bottled Flame":48,"hubris:Icosahedron":38,"Orrery":48,"Vampire_Amulet":0,"TungstenRod":44,"hubris:BottledRain":6},{"MerchantsRug":10,"hubris:CrystalStatue":5,"jesterMod:MachoBrace":8,"hubris:HollowSoul":16,"Du-Vu Doll":20,"reliquary:TridentHead":13,"Nunchaku":12,"Bottled Flame":25,"hubris:Icosahedron":19,"Orrery":25,"Vampire_Amulet":0,"TungstenRod":22,"hubris:BottledRain":5},{"MerchantsRug":49,"hubris:CrystalStatue":21,"jesterMod:MachoBrace":39,"hubris:HollowSoul":90,"Du-Vu Doll":112,"reliquary:TridentHead":67,"Nunchaku":60,"Bottled Flame":139,"hubris:Icosahedron":104,"Orrery":139,"Vampire_Amulet":0,"TungstenRod":122,"hubris:BottledRain":21}],"TungstenRod":22},"card_choices":[{"not_picked":["Negative_Energy_Bomb","Blood_Wake"],"picked":"Grasp_Heart","floor":0},{"not_picked":["Summon_Undead_Army","Slay_Living"],"picked":"Negative_Energy_Javelin","floor":1},{"not_picked":["Finger_Of_Death","Death_Coil","Scare"],"picked":"SKIP","floor":2},{"not_picked":["Bone_Spikes","Blood_Shield"],"picked":"Summon_Lich","floor":3},{"not_picked":["Toxic_Smoke_Screen","Flesh_Made_Foul","Shackles_Of_Pain"],"picked":"SKIP","floor":5},{"not_picked":["Spectral_Armor","Detonate_Bones"],"picked":"Negative_Energy_Sphere","floor":6},{"not_picked":["Bone_Shift","Epidemic","Vampiric_Strike"],"picked":"SKIP","floor":10},{"not_picked":["Acid_Javelin","Summon_Undead_Army"],"picked":"Chill_Blood","floor":11},{"not_picked":["Summon_Death_Knight","Detonate_Bones"],"picked":"Summon_Vampire_Lady","floor":16},{"not_picked":["Whirlwind_of_Bones","Violent_Necrosis+1"],"picked":"Exploit","floor":18},{"not_picked":["Blood_for_Blood+1","Summon_Undead_Army"],"picked":"Negative_Energy_Javelin","floor":20},{"not_picked":["Pandemic","Bone_Spikes","Epidemic"],"picked":"SKIP","floor":22},{"not_picked":["Shackles_Of_Pain+1","Vampiric_Strike"],"picked":"Negative_Energy_Javelin+1","floor":24},{"not_picked":["Blood_Curse","Deaths_Shadow"],"picked":"Spectral_Armor","floor":27},{"not_picked":["Bone_Shift","Cloudkill"],"picked":"Chill_Blood","floor":29},{"not_picked":["Bone_Bullets+1","Acid_Javelin","Summon_Lich"],"picked":"SKIP","floor":31},{"not_picked":["Scare","Deaths_Shadow","Bone_Armory"],"picked":"SKIP","floor":35},{"not_picked":["Siphon_Strength","Death_March_Dance"],"picked":"Negative_Energy_Mist","floor":36},{"not_picked":["Death_Coil+1","Bones_to_Steel+1"],"picked":"Bone_Armor+1","floor":37},{"not_picked":["Negative_Energy_Sphere","Life_Drain+1","Corrupt"],"picked":"SKIP","floor":41},{"not_picked":["Blood_Curse","Bone_Bullets","Epidemic"],"picked":"SKIP","floor":44},{"not_picked":["Shackles_Of_Pain+1","Summon_Undead+1"],"picked":"Negative_Energy_Javelin+1","floor":45},{"not_picked":["Bones_to_Steel","Bone_Armor","Whirlwind_of_Bones+1"],"picked":"SKIP","floor":46},{"not_picked":["Epidemic+1","Bone_Bullets"],"picked":"Negative_Energy_Mist+1","floor":48},{"not_picked":["Blood_for_Blood","Chill_Blood"],"picked":"Spectral_Armor+1","floor":48},{"not_picked":["Bone_Bullets+1","Summon_Undead_Army"],"picked":"Spectral_Armor+1","floor":48}],"player_experience":194617,"relics_obtained":[{"floor":6,"key":"hubris:BottledRain"},{"floor":9,"key":"hubris:CrystalStatue"},{"floor":26,"key":"Nunchaku"},{"floor":27,"key":"reliquary:TridentHead"},{"floor":39,"key":"Du-Vu Doll"},{"floor":44,"key":"TungstenRod"}],"event_choices":[{"damage_healed":0,"gold_gain":0,"player_choice":"Upgraded","damage_taken":0,"max_hp_gain":0,"max_hp_loss":0,"event_name":"Upgrade Shrine","floor":8,"gold_loss":0,"cards_upgraded":["Negative_Energy_Mist"]},{"damage_healed":0,"gold_gain":0,"player_choice":"Donut","damage_taken":0,"max_hp_gain":5,"max_hp_loss":0,"event_name":"Big Fish","floor":13,"gold_loss":0},{"cards_removed":["Decay"],"damage_healed":0,"gold_gain":0,"player_choice":"Forget","damage_taken":0,"max_hp_gain":0,"max_hp_loss":0,"event_name":"Living Wall","floor":14,"gold_loss":0},{"damage_healed":0,"gold_gain":0,"player_choice":"Bought 1 Potion","damage_taken":0,"max_hp_gain":0,"max_hp_loss":0,"event_name":"The Woman in Blue","floor":19,"gold_loss":0},{"damage_healed":0,"gold_gain":0,"player_choice":"Fight","damage_taken":0,"max_hp_gain":0,"max_hp_loss":0,"event_name":"MindBloom","floor":39,"gold_loss":0}],"is_beta":false,"boss_relics":[{"not_picked":["hubris:Backtick","Fusion Hammer"],"picked":"jesterMod:MachoBrace"},{"not_picked":["reliquary:Craggleroot","Sozu"],"picked":"hubris:HollowSoul"}],"items_purged_floors":[4,21,48],"is_endless":false,"potions_floor_spawned":[2,3,11,27,31,33,35,37,39,41,45],"killed_by":"Shield and Spear","ascension_level":0}}