{"host":"knk89g45d3vzr5fm","time":1613218044,"event":{"mods":["2.2 Compatiblity","BaseMod","Downfall","Minty Spire (QoL Compilation)","Relic Stats","Reliquary","Replay The Spire","StSLib","The Marked"],"gold_per_floor":[99,113,128,144,144,160,237,267,267,267,283,302,302,328,342,342,342,342],"floor_reached":16,"language":"FRA","playtime":722,"items_purged":[],"score":154,"play_id":"b6f88834-2288-420b-a395-908863f1360f","local_time":"20210213130724","is_ascension_mode":true,"campfire_choices":[{"data":"sneckomod:Defend","floor":1,"key":"PURGE"},{"floor":9,"key":"REST"},{"floor":13,"key":"REST"}],"circlet_count":0,"master_deck":["sneckomod:Strike","sneckomod:Strike","sneckomod:Strike","sneckomod:Defend","sneckomod:Defend","sneckomod:TailWhip+1","sneckomod:SnekBite","sneckomod:Unknown","sneckomod:SoulDraw","Tactician","sneckomod:PureSnecko","sneckomod:Unknown3Cost","sneckomod:SerpentMind","sneckomod:SoulRoll","sneckomod:UnknownBoss","sneckomod:UnendingSupply","sneckomod:UnendingSupply"],"relics":["sneckomod:SneckoSoul","reliquary:HotPoker","reliquary:TuningFork","Mummified Hand"],"acts_visited":["Exordium"],"potions_floor_usage":[8,16],"damage_taken":[{"damage":9,"enemies":"Jaw Worm","floor":2,"turns":3},{"damage":10,"enemies":"2 Louse","floor":3,"turns":3},{"damage":3,"enemies":"Small Slimes","floor":4,"turns":5},{"damage":27,"enemies":"2 Fungi Beasts","floor":6,"turns":5},{"damage":32,"enemies":"Replay:BlueRogue","floor":8,"turns":8},{"damage":33,"enemies":"Exordium Thugs","floor":11,"turns":5},{"damage":6,"enemies":"3 Louse","floor":12,"turns":2},{"damage":26,"enemies":"3 Sentries","floor":14,"turns":3},{"damage":43,"enemies":"Gremlin Gang","floor":15,"turns":5},{"damage":8,"enemies":"IC_STATUS_ARCHETYPE","floor":16,"turns":2}],"seed_played":"-1720750529557758871","potions_obtained":[{"floor":3,"key":"FairyPotion"},{"floor":6,"key":"Adrenaline Potion"},{"floor":12,"key":"FearPotion"},{"floor":14,"key":"BlessingOfTheForge"},{"floor":15,"key":"Explosive Potion"}],"is_trial":false,"path_per_floor":["R","M","M","M","?","M","T","E","R","?","M","M","R","E","M","B"],"character_chosen":"THE_SNECKO","items_purchased":[],"campfire_rested":2,"item_purchase_floors":[],"current_hp_per_floor":[90,81,71,68,73,46,46,14,45,45,12,6,37,11,3,0,0,0],"gold":342,"neow_bonus":"TEN_PERCENT_HP_BONUS","is_daily":false,"chose_seed":false,"campfire_upgraded":0,"win_rate":0.0,"timestamp":1613218044,"path_taken":["R","M","M","M","?","M","T","E","R","?","M","M","R","E","M","BOSS"],"items_purchased_type":[],"build_version":"2020-12-22","purchased_purges":0,"victory":false,"max_hp_per_floor":[99,99,99,99,104,104,104,104,104,104,104,104,104,104,104,104,104,104],"relic_stats":{"counters":[10,41],"Mummified Hand":[5],"obtain_stats":[{"reliquary:HotPoker":7,"Mummified Hand":14,"reliquary:TuningFork":8,"sneckomod:SneckoSoul":0},{"reliquary:HotPoker":4,"Mummified Hand":8,"reliquary:TuningFork":5,"sneckomod:SneckoSoul":0},{"reliquary:HotPoker":16,"Mummified Hand":34,"reliquary:TuningFork":24,"sneckomod:SneckoSoul":0}]},"card_choices":[{"not_picked":["sneckomod:UnknownClassTHE_BRONZE_AUTOMATON","sneckomod:UnknownClassTHE_CHAMP_GRAY"],"picked":"sneckomod:SoulDraw","floor":2},{"not_picked":["sneckomod:UnknownClassTHE_BRONZE_AUTOMATON","sneckomod:UnknownClassBLUE"],"picked":"sneckomod:Memorize","floor":3},{"not_picked":["sneckomod:UnknownClassTHE_BRONZE_AUTOMATON","sneckomod:UnknownX"],"picked":"sneckomod:PureSnecko","floor":4},{"not_picked":["sneckomod:CheapStock","sneckomod:UnknownStrike"],"picked":"sneckomod:Unknown3Cost","floor":6},{"not_picked":["sneckomod:DefensiveFlair","sneckomod:PureSnecko"],"picked":"sneckomod:SerpentMind","floor":8},{"not_picked":["sneckomod:DiceBlock","sneckomod:UnknownClassTHE_BRONZE_AUTOMATON"],"picked":"sneckomod:SoulRoll","floor":11},{"not_picked":["sneckomod:UnknownStrength","sneckomod:UnknownCommonSkill"],"picked":"sneckomod:UnknownBoss","floor":12},{"not_picked":["sneckomod:UnknownStrike","sneckomod:SlitherStrike"],"picked":"sneckomod:UnendingSupply","floor":14},{"not_picked":["sneckomod:SoulDraw","sneckomod:UnknownCommonAttack"],"picked":"sneckomod:UnendingSupply","floor":15}],"player_experience":2123567,"relics_obtained":[{"floor":7,"key":"reliquary:HotPoker"},{"floor":8,"key":"reliquary:TuningFork"},{"floor":14,"key":"Mummified Hand"}],"event_choices":[{"damage_healed":0,"gold_gain":0,"player_choice":"Donut","damage_taken":0,"max_hp_gain":5,"max_hp_loss":0,"event_name":"Big Fish","floor":5,"gold_loss":0}],"is_beta":false,"boss_relics":[],"items_purged_floors":[],"is_endless":false,"potions_floor_spawned":[3,6,12,14,15],"killed_by":"IC_STATUS_ARCHETYPE","ascension_level":7}}