{"host":"0sfgj94ncg1q6gq3","time":1613224826,"event":{"mods":["2.2 Compatiblity","BaseMod","Bestiary","Colored Map","Colored Powertips","Curses Come First","Highlight Path","Keyboard Shortcuts","Minty Spire (QoL Compilation)","Relic Stats","Slay the Relics Exporter","StSLib"],"gold_per_floor":[18,18,18,18,36,70,70,84,84,98,63,73,88,115,115,217,217,237,251,251,91,101,101,101],"floor_reached":23,"language":"ENG","playtime":1343,"items_purged":[],"score":262,"play_id":"c20f53a9-0ff3-439b-8a2e-6bdd53aac9f3","local_time":"20210213160026","is_ascension_mode":true,"campfire_choices":[{"data":"Footwork","floor":7,"key":"SMITH"},{"data":"Predator","floor":15,"key":"SMITH"}],"circlet_count":0,"master_deck":["Strike_G","Strike_G","Strike_G","Strike_G","Strike_G","Defend_G","Defend_G","Defend_G","Defend_G","Defend_G","Survivor","Neutralize","Sucker Punch+1","Deflect","Footwork+1","Dodge and Roll","Flechettes","Footwork","Dodge and Roll","Predator+1","Bullet Time","Dash","Glass Knife","Cloak And Dagger+1"],"relics":["Ring of the Snake","Unceasing Top","Tingsha","FossilizedHelix","Darkstone Periapt","Busted Crown","Enchiridion"],"acts_visited":["Exordium","TheCity"],"potions_floor_usage":[14,14,16,16,23,23],"damage_taken":[{"damage":6,"enemies":"2 Louse","floor":1,"turns":5},{"damage":0,"enemies":"Small Slimes","floor":5,"turns":5},{"damage":26,"enemies":"Gremlin Nob","floor":6,"turns":5},{"damage":0,"enemies":"Jaw Worm","floor":8,"turns":4},{"damage":1,"enemies":"Large Slime","floor":10,"turns":10},{"damage":0,"enemies":"Looter","floor":12,"turns":3},{"damage":0,"enemies":"Blue Slaver","floor":13,"turns":4},{"damage":0,"enemies":"Lagavulin","floor":14,"turns":8},{"damage":42,"enemies":"Slime Boss","floor":16,"turns":18},{"damage":0,"enemies":"Shell Parasite","floor":18,"turns":10},{"damage":1,"enemies":"Spheric Guardian","floor":19,"turns":6},{"damage":27,"enemies":"3 Cultists","floor":22,"turns":10},{"damage":37,"enemies":"Gremlin Leader","floor":23,"turns":10}],"seed_played":"-1345892182740678493","potions_obtained":[{"floor":10,"key":"CultistPotion"},{"floor":12,"key":"LiquidMemories"},{"floor":13,"key":"Energy Potion"},{"floor":14,"key":"Swift Potion"},{"floor":16,"key":"FearPotion"},{"floor":18,"key":"SkillPotion"}],"is_trial":false,"path_per_floor":["M","?","?","?","M","E","R","M","T","M","?","M","M","E","R","B",null,"M","M","?","$","M","E"],"character_chosen":"THE_SILENT","items_purchased":["Glass Knife"],"campfire_rested":0,"item_purchase_floors":[21],"current_hp_per_floor":[64,64,64,57,57,31,31,31,31,30,47,47,47,47,47,5,70,70,69,53,53,26,0,0],"gold":101,"neow_bonus":"ONE_RARE_RELIC","is_daily":false,"chose_seed":false,"campfire_upgraded":2,"win_rate":0.0,"timestamp":1613224826,"path_taken":["M","?","?","?","M","E","R","M","T","M","?","M","M","E","R","BOSS","M","M","?","$","M","E"],"items_purchased_type":["Card"],"build_version":"2020-12-22","purchased_purges":0,"victory":false,"max_hp_per_floor":[70,70,70,70,70,70,70,70,70,70,70,70,70,70,70,70,70,70,70,70,70,70,70,70],"relic_stats":{"Darkstone Periapt":0,"Busted Crown":6,"counters":[13,98],"Tingsha":[21],"obtain_stats":[{"Darkstone Periapt":14,"Busted Crown":17,"Enchiridion":20,"Tingsha":3,"Unceasing Top":0,"FossilizedHelix":6,"Ring of the Snake":0},{"Darkstone Periapt":8,"Busted Crown":9,"Enchiridion":11,"Tingsha":1,"Unceasing Top":0,"FossilizedHelix":3,"Ring of the Snake":0},{"Darkstone Periapt":44,"Busted Crown":62,"Enchiridion":78,"Tingsha":5,"Unceasing Top":0,"FossilizedHelix":15,"Ring of the Snake":0}],"Unceasing Top":[7],"Ring of the Snake":[26]},"card_choices":[{"not_picked":["Outmaneuver","Deadly Poison"],"picked":"Sucker Punch","floor":1},{"not_picked":["Bane","Choke"],"picked":"Deflect","floor":5},{"not_picked":["Skewer","Escape Plan"],"picked":"Footwork","floor":6},{"not_picked":["Leg Sweep","Distraction"],"picked":"Dodge and Roll","floor":8},{"not_picked":["Crippling Poison","Blade Dance"],"picked":"Flechettes","floor":10},{"not_picked":["Underhanded Strike","Deadly Poison"],"picked":"Footwork","floor":12},{"not_picked":["Acrobatics","Sucker Punch"],"picked":"Dodge and Roll","floor":13},{"not_picked":["Concentrate","Deflect"],"picked":"Predator","floor":14},{"not_picked":["Adrenaline","A Thousand Cuts"],"picked":"Bullet Time","floor":16},{"not_picked":[],"picked":"Dash","floor":18},{"not_picked":["Poisoned Stab+1"],"picked":"SKIP","floor":19},{"not_picked":[],"picked":"Cloak And Dagger+1","floor":22}],"player_experience":85438,"relics_obtained":[{"floor":6,"key":"FossilizedHelix"},{"floor":14,"key":"Darkstone Periapt"},{"floor":20,"key":"Enchiridion"}],"event_choices":[{"damage_healed":0,"gold_gain":0,"player_choice":"Grow","damage_taken":0,"max_hp_gain":0,"max_hp_loss":0,"event_name":"Living Wall","floor":2,"gold_loss":0,"cards_upgraded":["Sucker Punch"]},{"damage_healed":0,"gold_gain":0,"player_choice":"Box","damage_taken":0,"relics_obtained":["Tingsha"],"max_hp_gain":0,"max_hp_loss":0,"event_name":"Big Fish","floor":3,"gold_loss":0,"cards_obtained":["Regret"]},{"cards_removed":["Regret"],"damage_healed":0,"gold_gain":0,"player_choice":"Card Removal","damage_taken":7,"max_hp_gain":0,"max_hp_loss":0,"event_name":"Golden Wing","floor":4,"gold_loss":0},{"damage_healed":17,"gold_gain":0,"player_choice":"Healed","damage_taken":0,"max_hp_gain":0,"max_hp_loss":0,"event_name":"The Cleric","floor":11,"gold_loss":35},{"damage_healed":0,"gold_gain":0,"player_choice":"Obtained Book","damage_taken":16,"max_hp_gain":0,"max_hp_loss":0,"event_name":"Cursed Tome","floor":20,"gold_loss":0}],"is_beta":false,"boss_relics":[{"not_picked":["Ring of the Serpent","Runic Dome"],"picked":"Busted Crown"}],"items_purged_floors":[],"is_endless":false,"potions_floor_spawned":[10,12,13,14,16,18],"killed_by":"Gremlin Leader","ascension_level":3}}