{"host":"9j0rsbn48qfskt9p","time":1613247740,"event":{"mods":["AchievementEnabler","BaseMod","Colored Map","DeckTracker","Highlight Path","Minty Spire (QoL Compilation)","StSLib","SuperFastMode"],"gold_per_floor":[114,134,29,42,42,42,52,52,52,77,95,95,109,120,120,222,222,236,248,260,260,260,260,260,286,286,286,211,211,237,252,252,357,357,376,426,476,490,69,97,97,122,147,147,45,45,71,19,19,19,19,19,19,52,52,52],"floor_reached":55,"language":"ENG","playtime":7312,"items_purged":[],"score":887,"play_id":"3e75daa8-5d80-4f3f-b042-ea56e008c16c","local_time":"20210213212220","is_ascension_mode":true,"campfire_choices":[{"data":"Storm","floor":6,"key":"SMITH"},{"floor":8,"key":"RECALL"},{"data":"Static Discharge","floor":12,"key":"SMITH"},{"data":"Zap","floor":15,"key":"SMITH"},{"data":"Echo Form","floor":23,"key":"SMITH"},{"floor":27,"key":"REST"},{"data":"Cold Snap","floor":29,"key":"SMITH"},{"data":"Blizzard","floor":32,"key":"SMITH"},{"data":"Defragment","floor":41,"key":"SMITH"},{"floor":44,"key":"REST"},{"data":"Defragment","floor":46,"key":"SMITH"},{"floor":49,"key":"REST"},{"data":"Loop","floor":52,"key":"SMITH"}],"circlet_count":0,"master_deck":["Strike_B+1","Strike_B+1","Strike_B+1","Defend_B+1","Defend_B+1","Defend_B+1","Defend_B+1","Zap+1","Dualcast","Storm+1","Glacier+1","Static Discharge+1","Ball Lightning","Auto Shields+1","Melter","Coolheaded+1","Chaos+1","Redo+1","Conserve Battery+1","Echo Form+1","Chill+1","Cold Snap+1","Glacier+1","Blizzard+1","Ball Lightning","Machine Learning","Heatsinks","Heatsinks","Defragment+1","Loop+1","FTL","Redo+1","Defragment+1","Leap+1","Cold Snap","Creative AI"],"relics":["Cracked Core","Anchor","Toxic Egg 2","Nuclear Battery","Pear","Question Card","White Beast Statue","Bag of Preparation","Busted Crown","Du-Vu Doll","Emotion Chip","Pocketwatch","InkBottle","Gambling Chip","Potion Belt","Oddly Smooth Stone","Strawberry"],"acts_visited":["Exordium","TheCity","TheBeyond","TheEnding"],"potions_floor_usage":[10,16,16,16,25,31,37,40,42,50,54,55,55],"damage_taken":[{"damage":6,"enemies":"Cultist","floor":1,"turns":4},{"damage":2,"enemies":"Jaw Worm","floor":2,"turns":4},{"damage":0,"enemies":"Small Slimes","floor":4,"turns":3},{"damage":0,"enemies":"2 Fungi Beasts","floor":7,"turns":3},{"damage":5,"enemies":"3 Sentries","floor":10,"turns":6},{"damage":0,"enemies":"3 Louse","floor":11,"turns":4},{"damage":1,"enemies":"Blue Slaver","floor":13,"turns":2},{"damage":4,"enemies":"2 Fungi Beasts","floor":14,"turns":4},{"damage":0,"enemies":"Slime Boss","floor":16,"turns":7},{"damage":14,"enemies":"Shell Parasite","floor":18,"turns":5},{"damage":0,"enemies":"Chosen","floor":19,"turns":4},{"damage":31,"enemies":"Shelled Parasite and Fungi","floor":20,"turns":5},{"damage":30,"enemies":"Gremlin Leader","floor":25,"turns":7},{"damage":4,"enemies":"Book of Stabbing","floor":30,"turns":6},{"damage":0,"enemies":"Snake Plant","floor":31,"turns":4},{"damage":50,"enemies":"Automaton","floor":33,"turns":14},{"damage":9,"enemies":"3 Darklings","floor":35,"turns":4},{"damage":39,"enemies":"2 Orb Walkers","floor":36,"turns":4},{"damage":0,"enemies":"Mind Bloom Boss Battle","floor":37,"turns":5},{"damage":0,"enemies":"3 Shapes","floor":38,"turns":3},{"damage":1,"enemies":"Giant Head","floor":40,"turns":8},{"damage":8,"enemies":"Reptomancer","floor":42,"turns":4},{"damage":14,"enemies":"Time Eater","floor":50,"turns":12},{"damage":56,"enemies":"Shield and Spear","floor":54,"turns":6},{"damage":37,"enemies":"The Heart","floor":55,"turns":3}],"seed_played":"-8322292601852015984","potions_obtained":[{"floor":1,"key":"PowerPotion"},{"floor":4,"key":"LiquidMemories"},{"floor":11,"key":"Weak Potion"},{"floor":13,"key":"ColorlessPotion"},{"floor":14,"key":"PotionOfCapacity"},{"floor":20,"key":"PotionOfCapacity"},{"floor":25,"key":"Strength Potion"},{"floor":30,"key":"Block Potion"},{"floor":31,"key":"BlessingOfTheForge"},{"floor":33,"key":"PotionOfCapacity"},{"floor":36,"key":"DistilledChaos"},{"floor":37,"key":"AttackPotion"},{"floor":40,"key":"DistilledChaos"},{"floor":42,"key":"AttackPotion"},{"floor":54,"key":"Strength Potion"}],"is_trial":false,"path_per_floor":["M","M","$","M","?","R","M","R","T","E","M","R","M","M","R","B",null,"M","M","M","?","?","R","?","E","T","R","?","R","E","M","R","B",null,"M","?","?","M","$","E","R","E","T","R","$","R","T","$","R","B",null,"R","$","E","B"],"character_chosen":"DEFECT","items_purchased":["Static Discharge","Ball Lightning","Loop","Pocketwatch","FTL","Defragment","Leap+1","Cold Snap"],"campfire_rested":3,"item_purchase_floors":[3,3,39,39,39,45,45,48],"current_hp_per_floor":[69,67,67,67,52,52,52,52,52,47,47,47,46,42,42,42,75,61,61,30,55,55,55,65,35,35,60,60,60,56,56,56,6,85,76,37,37,37,37,36,36,28,28,53,53,53,53,53,78,64,85,85,85,36,0,0],"gold":52,"neow_bonus":"RANDOM_COMMON_RELIC","is_daily":false,"chose_seed":false,"campfire_upgraded":9,"win_rate":0.0,"timestamp":1613247740,"path_taken":["M","M","$","?","?","R","M","R","T","E","M","R","M","M","R","BOSS","M","M","M","?","?","R","?","E","T","R","?","R","E","M","R","BOSS","M","?","?","M","$","E","R","E","T","R","$","R","?","?","R","BOSS","R","$","E","BOSS"],"items_purchased_type":["Card","Card","Card","Relic","Card","Card","Card","Card"],"build_version":"2020-12-22","purchased_purges":0,"victory":false,"max_hp_per_floor":[75,75,75,75,75,75,75,75,75,75,75,75,75,75,75,75,75,75,75,75,75,75,75,85,85,85,85,85,85,85,85,85,85,85,85,85,85,85,85,85,85,85,85,85,85,85,85,85,85,85,85,85,85,92,92,92],"card_choices":[{"not_picked":["Gash","Blizzard"],"picked":"Storm","floor":1},{"not_picked":["Barrage","Double Energy"],"picked":"Glacier","floor":2},{"not_picked":["Undo","Rebound"],"picked":"Auto Shields","floor":4},{"not_picked":["Rip and Tear","Aggregate"],"picked":"Melter","floor":7},{"not_picked":["Steam Power+1","Cold Snap"],"picked":"Coolheaded+1","floor":10},{"not_picked":["Aggregate+1","Compile Driver"],"picked":"Chaos+1","floor":11},{"not_picked":["Leap+1","Aggregate+1"],"picked":"Redo+1","floor":13},{"not_picked":["Heatsinks","Skim+1"],"picked":"Conserve Battery+1","floor":14},{"not_picked":["Multi-Cast+1","Creative AI"],"picked":"Echo Form","floor":16},{"not_picked":["Hologram+1","FTL"],"picked":"Chill+1","floor":18},{"not_picked":["Gash","Reinforced Body+1","Scrape"],"picked":"SKIP","floor":19},{"not_picked":["Compile Driver","Aggregate+1"],"picked":"Cold Snap","floor":20},{"not_picked":["Barrage","Conserve Battery+1"],"picked":"Glacier+1","floor":25},{"not_picked":["Consume+1","Buffer","Tempest+1"],"picked":"Blizzard","floor":30},{"not_picked":["Leap+1","Beam Cell+1","Go for the Eyes"],"picked":"Ball Lightning","floor":31},{"not_picked":["Core Surge","Biased Cognition","All For One"],"picked":"Machine Learning","floor":33},{"not_picked":["Turbo+1"],"picked":"Heatsinks","floor":35},{"not_picked":["Redo+1"],"picked":"Heatsinks","floor":36},{"not_picked":["Ball Lightning"],"picked":"Defragment","floor":38},{"not_picked":["Compile Driver","Biased Cognition"],"picked":"SKIP","floor":40},{"not_picked":["Meteor Strike"],"picked":"Redo+1","floor":42},{"not_picked":["Steam+1"],"picked":"Creative AI","floor":54}],"player_experience":207979,"relics_obtained":[{"floor":10,"key":"Toxic Egg 2"},{"floor":25,"key":"Question Card"},{"floor":26,"key":"White Beast Statue"},{"floor":30,"key":"Bag of Preparation"},{"floor":36,"key":"Du-Vu Doll"},{"floor":37,"key":"Emotion Chip"},{"floor":40,"key":"InkBottle"},{"floor":42,"key":"Gambling Chip"},{"floor":43,"key":"Potion Belt"},{"floor":47,"key":"Oddly Smooth Stone"},{"floor":54,"key":"Strawberry"}],"event_choices":[{"damage_healed":0,"gold_gain":0,"player_choice":"Entered Light","damage_taken":15,"max_hp_gain":0,"max_hp_loss":0,"event_name":"Shining Light","floor":5,"gold_loss":0,"cards_upgraded":["Auto Shields","Glacier"]},{"damage_healed":25,"gold_gain":0,"player_choice":"Heal","damage_taken":0,"max_hp_gain":0,"max_hp_loss":0,"event_name":"The Library","floor":21,"gold_loss":0},{"damage_healed":0,"gold_gain":0,"player_choice":"Simplicity","damage_taken":0,"max_hp_gain":0,"max_hp_loss":0,"event_name":"Back to Basics","floor":22,"gold_loss":0,"cards_upgraded":["Strike_B","Strike_B","Strike_B","Strike_B","Defend_B","Defend_B","Defend_B","Defend_B"]},{"damage_healed":0,"gold_gain":0,"player_choice":"Opened","damage_taken":0,"relics_obtained":["Pear"],"max_hp_gain":0,"max_hp_loss":0,"event_name":"The Mausoleum","floor":24,"gold_loss":0},{"cards_removed":["Strike_B"],"damage_healed":0,"gold_gain":0,"player_choice":"Gave Gold","damage_taken":0,"max_hp_gain":0,"max_hp_loss":0,"event_name":"Beggar","floor":28,"gold_loss":75},{"damage_healed":0,"gold_gain":0,"player_choice":"Fight","damage_taken":0,"max_hp_gain":0,"max_hp_loss":0,"event_name":"Mysterious Sphere","floor":36,"gold_loss":0},{"damage_healed":0,"gold_gain":0,"player_choice":"Fight","damage_taken":0,"max_hp_gain":0,"max_hp_loss":0,"event_name":"MindBloom","floor":37,"gold_loss":0}],"is_beta":false,"boss_relics":[{"not_picked":["Velvet Choker","Pandora\u0027s Box"],"picked":"Nuclear Battery"},{"not_picked":["Astrolabe","Empty Cage"],"picked":"Busted Crown"}],"items_purged_floors":[],"is_endless":false,"potions_floor_spawned":[1,4,11,13,14,20,25,30,31,33,35,36,37,38,40,42,54],"killed_by":"The Heart","ascension_level":2}}