{"host":"8cqz7u612ax6p4mk","time":1613256045,"event":{"mods":["AchievementEnabler","BaseMod","Bestiary","DeckTracker","Minty Spire (QoL Compilation)","Relic Stats","The Servant 0.9.4"],"gold_per_floor":[111,111,11,86,98,131,131,151,151,165,165,185,50,64,64,169,169,187,206,217,217,217,217,245,259,282,335,354,128,227,240,240,240,240],"floor_reached":33,"language":"ENG","playtime":1912,"items_purged":["Defend_S"],"score":383,"play_id":"f1de4a9b-dd19-4cfb-9b8a-c5a383c9d362","local_time":"20210213174045","is_ascension_mode":true,"campfire_choices":[{"data":"Moondial","floor":7,"key":"SMITH"},{"floor":15,"key":"REST"},{"data":"SoulSculpture","floor":23,"key":"SMITH"},{"data":"Initiator","floor":32,"key":"SMITH"}],"circlet_count":0,"master_deck":["Strike_S","Strike_S","Defend_S","Defend_S","KidneyShot","Exchange","Moondial+1","Unruled","BottledTime","Deadline","SoulSculpture+1","Initiator+1","Misdirection"],"relics":["Uniform","FossilizedHelix","Thread and Needle","Runic Pyramid","CaptainsWheel","Nunchaku","MealTicket","Happy Flower"],"acts_visited":["Exordium","TheCity"],"potions_floor_usage":[6,24,33,33,33],"damage_taken":[{"damage":4,"enemies":"Cultist","floor":1,"turns":3},{"damage":10,"enemies":"Small Slimes","floor":5,"turns":3},{"damage":6,"enemies":"3 Sentries","floor":6,"turns":4},{"damage":6,"enemies":"2 Louse","floor":8,"turns":3},{"damage":0,"enemies":"Lots of Slimes","floor":10,"turns":2},{"damage":0,"enemies":"2 Fungi Beasts","floor":12,"turns":4},{"damage":0,"enemies":"Blue Slaver","floor":14,"turns":3},{"damage":0,"enemies":"The Guardian","floor":16,"turns":11},{"damage":0,"enemies":"Chosen","floor":18,"turns":4},{"damage":0,"enemies":"3 Byrds","floor":19,"turns":6},{"damage":1,"enemies":"Cultist and Chosen","floor":20,"turns":6},{"damage":8,"enemies":"Gremlin Leader","floor":24,"turns":6},{"damage":0,"enemies":"Chosen and Byrds","floor":25,"turns":5},{"damage":0,"enemies":"Sentry and Sphere","floor":28,"turns":5},{"damage":0,"enemies":"Centurion and Healer","floor":31,"turns":5},{"damage":67,"enemies":"Automaton","floor":33,"turns":10}],"seed_played":"1970574017318084344","potions_obtained":[{"floor":1,"key":"LiquidBronze"},{"floor":5,"key":"Explosive Potion"},{"floor":8,"key":"Explosive Potion"},{"floor":25,"key":"DistilledChaos"},{"floor":28,"key":"DistilledChaos"}],"is_trial":false,"path_per_floor":["M","?","$","?","M","E","R","M","T","M","?","M","$","M","R","B",null,"M","M","M","?","?","R","E","M","T","T","M","$","?","M","R","B"],"character_chosen":"THE_SERVANT","items_purchased":["Strength Potion","Strength Potion","SoulSculpture","Happy Flower"],"campfire_rested":1,"item_purchase_floors":[3,3,13,29],"current_hp_per_floor":[61,61,61,50,40,34,34,28,28,28,28,28,28,28,47,47,65,65,65,64,53,53,53,45,45,45,45,45,60,60,60,60,0,0],"gold":240,"neow_bonus":"TRANSFORM_TWO_CARDS","is_daily":false,"chose_seed":false,"campfire_upgraded":3,"win_rate":0.0,"timestamp":1613256045,"path_taken":["M","?","$","?","M","E","R","M","T","M","?","M","$","M","R","BOSS","M","M","?","?","?","R","E","M","T","?","M","$","?","M","R","BOSS"],"items_purchased_type":["Potion","Potion","Card","Relic"],"build_version":"2020-12-22","purchased_purges":1,"victory":false,"max_hp_per_floor":[65,65,65,65,65,65,65,65,65,65,65,65,65,65,65,65,65,65,65,65,70,70,70,70,70,70,70,70,70,70,70,70,70,70],"relic_stats":{"Nunchaku":[4],"Happy Flower":[5],"counters":[16,80],"MealTicket":15,"obtain_stats":[{"CaptainsWheel":24,"Nunchaku":26,"Happy Flower":29,"Thread and Needle":9,"MealTicket":27,"Uniform":0,"FossilizedHelix":6,"Runic Pyramid":17},{"CaptainsWheel":12,"Nunchaku":13,"Happy Flower":14,"Thread and Needle":4,"MealTicket":13,"Uniform":0,"FossilizedHelix":3,"Runic Pyramid":8},{"CaptainsWheel":55,"Nunchaku":60,"Happy Flower":65,"Thread and Needle":13,"MealTicket":60,"Uniform":0,"FossilizedHelix":10,"Runic Pyramid":33}]},"card_choices":[{"not_picked":["Starlight","ShiftingGears","Replace"],"picked":"SKIP","floor":1},{"not_picked":["Defy","Moonlight","MoonPhase"],"picked":"SKIP","floor":5},{"not_picked":["Manipulate","Rewind","DualDimension"],"picked":"SKIP","floor":6},{"not_picked":["Potential","StarChef"],"picked":"BottledTime","floor":8},{"not_picked":["Starlight","DoubleEdge"],"picked":"Deadline","floor":10},{"not_picked":["Sunlight","TimeWarp","Potential"],"picked":"SKIP","floor":12},{"not_picked":["TimeWarp","SpecialFormula","Defy"],"picked":"SKIP","floor":14},{"not_picked":["ForgedInTime","MurderousAura"],"picked":"Initiator","floor":16},{"not_picked":["Replace","FastForward"],"picked":"Misdirection","floor":18},{"not_picked":["DoubleEdge","Misdirection","Hightail"],"picked":"SKIP","floor":19},{"not_picked":["Collapse+1","Defy","Reset"],"picked":"SKIP","floor":20},{"not_picked":["Potential","DoubleEdge","SilverBlades+1"],"picked":"SKIP","floor":24},{"not_picked":["TimeWarp","WasteNot","ShatteredReality"],"picked":"SKIP","floor":25},{"not_picked":["DoubleEdge","Sabotage","Dilation"],"picked":"SKIP","floor":28},{"not_picked":["Spin+1","Rewind","FastForward"],"picked":"SKIP","floor":31}],"player_experience":183864,"relics_obtained":[{"floor":6,"key":"FossilizedHelix"},{"floor":9,"key":"Thread and Needle"},{"floor":24,"key":"CaptainsWheel"},{"floor":26,"key":"Nunchaku"},{"floor":27,"key":"MealTicket"}],"event_choices":[{"cards_removed":["Pain"],"damage_healed":0,"gold_gain":0,"player_choice":"Forget","damage_taken":0,"max_hp_gain":0,"max_hp_loss":0,"event_name":"Living Wall","floor":2,"gold_loss":0},{"damage_healed":0,"gold_gain":75,"player_choice":"Gather Gold","damage_taken":11,"max_hp_gain":0,"max_hp_loss":0,"event_name":"World of Goop","floor":4,"gold_loss":0},{"cards_removed":["Strike_S"],"damage_healed":0,"gold_gain":0,"player_choice":"Purged","damage_taken":0,"max_hp_gain":0,"max_hp_loss":0,"event_name":"Purifier","floor":11,"gold_loss":0},{"damage_healed":0,"gold_gain":0,"player_choice":"Shed Blood","damage_taken":16,"max_hp_gain":5,"max_hp_loss":0,"event_name":"Forgotten Altar","floor":21,"gold_loss":0},{"damage_healed":0,"gold_gain":0,"player_choice":"Ignored","damage_taken":0,"max_hp_gain":0,"max_hp_loss":0,"event_name":"Vampires","floor":22,"gold_loss":0},{"damage_healed":0,"gold_gain":99,"player_choice":"Stole From Cult","damage_taken":0,"max_hp_gain":0,"max_hp_loss":0,"event_name":"Nest","floor":30,"gold_loss":0}],"is_beta":false,"boss_relics":[{"not_picked":["Calling Bell","Coffee Dripper"],"picked":"Runic Pyramid"}],"items_purged_floors":[29],"is_endless":false,"potions_floor_spawned":[1,5,8,20,25,28],"killed_by":"Automaton","ascension_level":4}}