{"host":"6p0attdrtjqaih7v","time":1613253444,"event":{"mods":["2.2 Compatiblity","AchievementEnabler","Bard","BaseMod","Better Skull","Better Third Choice","Card Filter","Colored Powertips","Hermit","Highlight Path","Hubris","Key Reminder","Minty Spire (QoL Compilation)","Permanent Neow","Quick Restart","Random Character Button","Relic Filter","Relic Stats","Reliquary","Replay The Spire","Robot Space Explorer","StSLib","The Hayseed","The Witch"],"gold_per_floor":[367,377,397,76,101,127,127,127,209,209,226,226,240,266,266,344,344,361,89,89,39,59,59,91,110,179,193,228,228,258,272,272,346,346,356,152,163,163,188,188,223,223,250,250,279,279,299,316,316,316],"floor_reached":51,"language":"ENG","playtime":2518,"items_purged":["Strike_Witch","Strike_Witch","Strike_Witch"],"score":1540,"play_id":"31ec1b52-96da-4f9e-9783-3fe9a4b5ba3b","local_time":"20210213165724","is_ascension_mode":true,"campfire_choices":[{"floor":7,"key":"REST"},{"data":"MagicFang","floor":10,"key":"SMITH"},{"data":"SummonRatFamiliar","floor":12,"key":"SMITH"},{"data":"DireShriek","floor":15,"key":"SMITH"},{"data":"KarmaDrain","floor":23,"key":"SMITH"},{"data":"Schadenfreude","floor":32,"key":"SMITH"},{"data":"Schadenfreude","floor":40,"key":"SMITH"},{"data":"Schadenfreude","floor":42,"key":"SMITH"},{"data":"Dark Shackles","floor":49,"key":"SMITH"}],"circlet_count":0,"master_deck":["AscendersBane","Defend_Witch","Defend_Witch","Defend_Witch","Defend_Witch","Hexguard","ZombieSpit","MagicFang+1","SummonRatFamiliar+1","CrystalResonance","Puncture","Shrooms","RiteOfAutumn","BleedOut","DireShriek+1","TrollsBlood","LivingBomb","SoulBarrier","BlackBolt","KarmaDrain+1","BoneCarving","CrystalResonance","Schadenfreude+1","Schadenfreude+1","CrystalResonance","Malady","Schadenfreude+1","MysticUnburial","RiteOfAutumn","Dark Shackles+1","CrystalResonance","BoneCarving"],"relics":["BlackCat","PreservedInsect","Chameleon Ring","hubris:PeanutButter","hubris:CuriousFeather","ChewingGum","reliquary:BallBearing","hubris:MysteriousPyramids","Bronze Scales","Eternal Feather","hubris:Backtick","ReplayTheSpireMod:Lightbulb","hubris:Icosahedron","Replay:PocketPolymizer","hubris:SlimyHat","ReplayFunnel","Bag of Preparation"],"acts_visited":["Exordium","TheCity","TheBeyond"],"potions_floor_usage":[6,16,18,19,24,25,28,30,39,47,48],"damage_taken":[{"damage":11,"enemies":"Cultist","floor":1,"turns":5},{"damage":0,"enemies":"2 Louse","floor":2,"turns":3},{"damage":0,"enemies":"Small Slimes","floor":3,"turns":3},{"damage":16,"enemies":"3 Sentries","floor":6,"turns":9},{"damage":0,"enemies":"Exordium Thugs","floor":11,"turns":5},{"damage":0,"enemies":"Blue Slaver","floor":13,"turns":4},{"damage":0,"enemies":"Lagavulin","floor":14,"turns":4},{"damage":0,"enemies":"Slime Boss","floor":16,"turns":3},{"damage":11,"enemies":"2 Thieves","floor":18,"turns":5},{"damage":1,"enemies":"Shell Parasite","floor":22,"turns":5},{"damage":4,"enemies":"Book of Stabbing","floor":24,"turns":4},{"damage":0,"enemies":"Snake Plant","floor":25,"turns":3},{"damage":10,"enemies":"Centurion and Healer","floor":27,"turns":6},{"damage":0,"enemies":"Slavers","floor":28,"turns":3},{"damage":30,"enemies":"Gremlin Leader","floor":30,"turns":8},{"damage":0,"enemies":"Snecko","floor":31,"turns":5},{"damage":1,"enemies":"Champ","floor":33,"turns":10},{"damage":0,"enemies":"3 Shapes","floor":35,"turns":4},{"damage":0,"enemies":"Orb Walker","floor":37,"turns":3},{"damage":0,"enemies":"Mind Bloom Boss Battle","floor":39,"turns":6},{"damage":0,"enemies":"Giant Head","floor":41,"turns":5},{"damage":0,"enemies":"Nemesis","floor":45,"turns":5},{"damage":0,"enemies":"3 Darklings","floor":47,"turns":5},{"damage":0,"enemies":"Jaw Worm Horde","floor":48,"turns":3},{"damage":31,"enemies":"Time Eater","floor":50,"turns":19}],"seed_played":"-6724766034094379004","potions_obtained":[{"floor":3,"key":"Elixir"},{"floor":13,"key":"BlessingOfTheForge"},{"floor":14,"key":"ColorlessPotion"},{"floor":16,"key":"Elixir"},{"floor":18,"key":"Explosive Potion"},{"floor":24,"key":"SpeedPotion"},{"floor":28,"key":"ColorlessPotion"},{"floor":33,"key":"AttackPotion"},{"floor":35,"key":"Doom Potion"},{"floor":37,"key":"ColorlessPotion"},{"floor":45,"key":"Block Potion"}],"is_trial":false,"path_per_floor":["M","M","M","$","T","E","R","?","T","R","M","R","M","E","R","B",null,"M","$","?","$","M","R","E","M","T","M","E","?","E","M","R","B",null,"M","$","M","?","?","R","E","R","T","?","E","?","M","M","R","B",null],"character_chosen":"WITCH","items_purchased":["AttackPotion","Block Potion","Puncture","Shrooms","Fruit Juice","LiquidMemories","BlackBolt","Schadenfreude"],"campfire_rested":1,"item_purchase_floors":[4,4,4,4,19,19,21,36],"current_hp_per_floor":[31,31,31,31,31,15,35,28,28,28,28,28,28,28,28,28,57,47,54,54,54,53,53,52,52,52,47,48,48,24,25,40,42,66,66,66,67,67,69,74,74,74,74,74,74,64,66,68,74,48],"gold":316,"neow_bonus":"TWO_FIFTY_GOLD","is_daily":false,"chose_seed":false,"campfire_upgraded":8,"win_rate":0.0,"timestamp":1613253444,"path_taken":["M","M","M","$","?","E","R","?","T","R","M","R","M","E","R","BOSS","M","$","?","?","M","R","E","M","T","M","E","?","E","M","R","BOSS","M","$","M","?","?","R","E","R","T","?","E","?","?","M","R","BOSS"],"items_purchased_type":["Potion","Potion","Card","Card","Potion","Potion","Card","Card"],"build_version":"2020-12-22","purchased_purges":3,"victory":true,"max_hp_per_floor":[67,67,67,67,67,67,67,67,67,67,67,67,67,67,67,67,67,67,74,74,74,74,74,74,74,74,74,74,74,74,74,74,74,74,74,74,74,74,74,74,74,74,74,74,74,74,74,74,74,74],"relic_stats":{"counters":[25,135],"Bronze Scales":[218],"Eternal Feather":26,"PreservedInsect":372,"Bag of Preparation":[6],"obtain_stats":[{"ReplayFunnel":43,"Replay:PocketPolymizer":39,"Eternal Feather":30,"PreservedInsect":5,"hubris:SlimyHat":41,"Bag of Preparation":45,"hubris:MysteriousPyramids":26,"BlackCat":0,"Chameleon Ring":6,"hubris:Backtick":34,"hubris:Icosahedron":38,"Bronze Scales":28,"hubris:PeanutButter":9,"ChewingGum":17,"hubris:CuriousFeather":14,"reliquary:BallBearing":24,"ReplayTheSpireMod:Lightbulb":34},{"ReplayFunnel":21,"Replay:PocketPolymizer":20,"Eternal Feather":15,"PreservedInsect":3,"hubris:SlimyHat":21,"Bag of Preparation":22,"hubris:MysteriousPyramids":12,"BlackCat":0,"Chameleon Ring":4,"hubris:Backtick":17,"hubris:Icosahedron":19,"Bronze Scales":14,"hubris:PeanutButter":4,"ChewingGum":8,"hubris:CuriousFeather":7,"reliquary:BallBearing":11,"ReplayTheSpireMod:Lightbulb":17},{"ReplayFunnel":103,"Replay:PocketPolymizer":98,"Eternal Feather":70,"PreservedInsect":11,"hubris:SlimyHat":103,"Bag of Preparation":108,"hubris:MysteriousPyramids":53,"BlackCat":0,"Chameleon Ring":20,"hubris:Backtick":85,"hubris:Icosahedron":92,"Bronze Scales":62,"hubris:PeanutButter":20,"ChewingGum":36,"hubris:CuriousFeather":33,"reliquary:BallBearing":50,"ReplayTheSpireMod:Lightbulb":85}]},"card_choices":[{"not_picked":["WickedThoughts","GrimVengeance"],"picked":"MagicFang","floor":1},{"not_picked":["SoulBarrier","SaltCircle"],"picked":"SummonRatFamiliar","floor":2},{"not_picked":["Thundercloud","Demonfyre"],"picked":"CrystalResonance","floor":3},{"not_picked":["Thundercloud","SummonRatFamiliar"],"picked":"RiteOfAutumn","floor":6},{"not_picked":["Pillage","PainBolt"],"picked":"BleedOut","floor":11},{"not_picked":["RoilingBarrier","PlagueSpreader","Foresight"],"picked":"SKIP","floor":13},{"not_picked":["MercuryWand","Demonfyre"],"picked":"DireShriek","floor":14},{"not_picked":["DoomBlade","MysticUnburial"],"picked":"TrollsBlood","floor":16},{"not_picked":["WickedThoughts+1","Thundercloud"],"picked":"LivingBomb","floor":18},{"not_picked":["MementoMori","Demonfyre"],"picked":"KarmaDrain","floor":22},{"not_picked":["GnarledBody","CursedBlade"],"picked":"BoneCarving","floor":24},{"not_picked":["Demonfyre+1","BlackBolt"],"picked":"CrystalResonance","floor":25},{"not_picked":["Demonfyre","WretchedNails"],"picked":"NighInvulnerability","floor":27},{"not_picked":["VileEgg","Decrepify"],"picked":"Schadenfreude","floor":28},{"not_picked":["GhoulTouch","SummonCatFamiliar+1"],"picked":"Schadenfreude","floor":30},{"not_picked":["IllOmen","BoneCarving"],"picked":"CrystalResonance","floor":31},{"not_picked":["Thundercloud+1","BleedOut"],"picked":"Malady","floor":35},{"not_picked":["Foresight","Broomstick","MementoMori+1"],"picked":"SKIP","floor":37},{"not_picked":["WickedThoughts","SummonCatFamiliar"],"picked":"MysticUnburial","floor":39},{"not_picked":["Thundercloud","Pillage","Atonement"],"picked":"SKIP","floor":41},{"not_picked":["SummonOwlFamiliar","RiteOfSpring"],"picked":"RiteOfAutumn","floor":45},{"not_picked":["Thinking Ahead","Secret Technique"],"picked":"Dark Shackles","floor":46},{"not_picked":["BoneCarving","Thundercloud+1"],"picked":"CrystalResonance","floor":47},{"not_picked":["SummonRatFamiliar","SaltCircle"],"picked":"BoneCarving","floor":48}],"player_experience":1131004,"relics_obtained":[{"floor":5,"key":"PreservedInsect"},{"floor":6,"key":"Chameleon Ring"},{"floor":9,"key":"hubris:PeanutButter"},{"floor":14,"key":"hubris:CuriousFeather"},{"floor":24,"key":"reliquary:BallBearing"},{"floor":26,"key":"hubris:MysteriousPyramids"},{"floor":28,"key":"Bronze Scales"},{"floor":30,"key":"Eternal Feather"},{"floor":39,"key":"Replay:PocketPolymizer"},{"floor":41,"key":"hubris:SlimyHat"},{"floor":43,"key":"ReplayFunnel"},{"floor":45,"key":"Bag of Preparation"}],"event_choices":[{"cards_removed":["Strike_Witch"],"damage_healed":0,"gold_gain":0,"player_choice":"Card Removal","damage_taken":7,"max_hp_gain":0,"max_hp_loss":0,"event_name":"Golden Wing","floor":8,"gold_loss":0},{"damage_healed":0,"gold_gain":0,"player_choice":"1 cards matched","damage_taken":0,"max_hp_gain":0,"max_hp_loss":0,"event_name":"Match and Keep!","floor":20,"gold_loss":0,"cards_obtained":["SoulBarrier"]},{"cards_removed":["NighInvulnerability"],"damage_healed":0,"gold_gain":0,"player_choice":"Removed Curses","damage_taken":0,"max_hp_gain":0,"max_hp_loss":0,"event_name":"Fountain of Cleansing","floor":29,"gold_loss":0},{"damage_healed":0,"gold_gain":0,"player_choice":"Fight","damage_taken":0,"max_hp_gain":0,"max_hp_loss":0,"event_name":"MindBloom","floor":39,"gold_loss":0},{"damage_healed":0,"gold_gain":0,"player_choice":"Ignored","damage_taken":0,"max_hp_gain":0,"max_hp_loss":0,"event_name":"Tomb of Lord Red Mask","floor":44,"gold_loss":0},{"damage_healed":0,"gold_gain":0,"player_choice":"Memory 3","damage_taken":10,"max_hp_gain":0,"max_hp_loss":0,"event_name":"SensoryStone","floor":46,"gold_loss":0}],"is_beta":false,"boss_relics":[{"not_picked":["Calling Bell","Pandora\u0027s Box"],"picked":"ChewingGum"},{"not_picked":["reliquary:RedPaperclip","reliquary:WritOfMandamus"],"picked":"hubris:Backtick"}],"items_purged_floors":[4,19,36],"is_endless":false,"potions_floor_spawned":[3,13,14,16,18,22,24,28,33,35,37,45],"ascension_level":13}}