{"host":"ix07nhfx4o3nf6kx","time":1613214366,"event":{"mods":["BaseMod","Hermit","Minty Spire (QoL Compilation)","StSLib","The Bug Knight","The Cursed","The Dragon Tamer","The Hierophant","The Jungle","The Runesmith"],"gold_per_floor":[86,95,170,24,37,44,144,176,221,221,221,244,246,421,421,401,401],"floor_reached":16,"language":"KOR","playtime":657,"items_purged":[],"score":102,"play_id":"640eb369-936c-49f0-98b8-240fd76c7e81","local_time":"20210213200606","is_ascension_mode":false,"campfire_choices":[{"floor":10,"key":"REST"},{"floor":15,"key":"REST"}],"circlet_count":0,"master_deck":["hierophant:Strike_Hierophant","hierophant:Strike_Hierophant","hierophant:Strike_Hierophant","hierophant:Punish","hierophant:Defend_Hierophant","hierophant:Defend_Hierophant","hierophant:Defend_Hierophant","hierophant:ChurchCoffers+1","hierophant:Alms","hierophant:Doubloon+1","hierophant:RepressedViolence","hierophant:Doubloon+1","hierophant:Remorse","hierophant:MintersHammer","hierophant:Community","hierophant:Zeal","hierophant:Shelter","hierophant:Doubloon+1","hierophant:Charity","Doubt"],"relics":["hierophant:PropheticMaskRelic","Membership Card","Kunai","Bag of Preparation"],"acts_visited":["Exordium"],"potions_floor_usage":[6,12,12],"damage_taken":[{"damage":1,"enemies":"Small Slimes","floor":1,"turns":4},{"damage":13,"enemies":"Jaw Worm","floor":2,"turns":3},{"damage":0,"enemies":"Cultist","floor":5,"turns":3},{"damage":40,"enemies":"Lagavulin","floor":6,"turns":8},{"damage":0,"enemies":"3 Louse","floor":8,"turns":2},{"damage":14,"enemies":"2 Fungi Beasts","floor":12,"turns":5},{"damage":6,"enemies":"Blue Slaver","floor":13,"turns":5},{"damage":25,"enemies":"Slime Boss","floor":16,"turns":3}],"seed_played":"7813200438682879927","potions_obtained":[{"floor":2,"key":"Strength Potion"},{"floor":6,"key":"PowerPotion"},{"floor":8,"key":"Swift Potion"}],"is_trial":false,"path_per_floor":["M","M","?","$","M","E","?","M","T","R","?","M","M","?","R","B"],"character_chosen":"HIEROPHANT","items_purchased":["Membership Card"],"campfire_rested":2,"item_purchase_floors":[4],"current_hp_per_floor":[67,54,43,43,43,3,3,3,3,23,23,9,3,3,23,0,0],"gold":401,"neow_bonus":"TRANSFORM_TWO_CARDS","is_daily":false,"chose_seed":false,"campfire_upgraded":0,"win_rate":0.0,"timestamp":1613214366,"path_taken":["M","M","?","$","M","E","?","?","T","R","?","M","M","?","R","BOSS"],"items_purchased_type":["Relic"],"build_version":"2020-12-22","purchased_purges":0,"victory":false,"max_hp_per_floor":[68,68,68,68,68,68,68,68,68,68,68,68,68,68,68,68,68],"card_choices":[{"not_picked":["hierophant:FieryStrike","hierophant:Glossolalia"],"picked":"hierophant:RepressedViolence","floor":1},{"not_picked":["hierophant:Encroach","hierophant:Remorse","hierophant:Sermon"],"picked":"SKIP","floor":2},{"not_picked":["hierophant:Encroach","hierophant:Sermon"],"picked":"hierophant:Remorse","floor":2},{"not_picked":["hierophant:OrnateBuckler","hierophant:DisplayOfPower"],"picked":"hierophant:MintersHammer","floor":5},{"not_picked":["hierophant:HammerAndAnvil","hierophant:Sermon"],"picked":"hierophant:Community","floor":6},{"not_picked":["hierophant:ThreeLashes","hierophant:DisplayOfPower"],"picked":"hierophant:Zeal","floor":8},{"not_picked":["hierophant:MirrorShield","hierophant:MorningPrayer"],"picked":"hierophant:Shelter","floor":12},{"not_picked":["hierophant:Zeal","hierophant:Shelter"],"picked":"hierophant:Charity","floor":13}],"player_experience":267852,"relics_obtained":[{"floor":6,"key":"Kunai"},{"floor":9,"key":"Bag of Preparation"}],"event_choices":[{"damage_healed":0,"gold_gain":75,"player_choice":"Gather Gold","damage_taken":11,"max_hp_gain":0,"max_hp_loss":0,"event_name":"World of Goop","floor":3,"gold_loss":0},{"damage_healed":0,"gold_gain":100,"player_choice":"Gold","damage_taken":0,"max_hp_gain":0,"max_hp_loss":0,"event_name":"Wheel of Change","floor":7,"gold_loss":0},{"damage_healed":0,"gold_gain":0,"player_choice":"Grow","damage_taken":0,"max_hp_gain":0,"max_hp_loss":0,"event_name":"Living Wall","floor":11,"gold_loss":0,"cards_upgraded":["hierophant:ChurchCoffers"]},{"damage_healed":0,"gold_gain":175,"player_choice":"AGREE","damage_taken":0,"max_hp_gain":0,"max_hp_loss":0,"event_name":"Liars Game","floor":14,"gold_loss":0,"cards_obtained":["Doubt"]}],"is_beta":false,"boss_relics":[],"items_purged_floors":[],"is_endless":false,"potions_floor_spawned":[2,6,8],"killed_by":"Slime Boss","ascension_level":0}}