{"host":"xp27heuvanyklt0b","time":1613224259,"event":{"mods":["100% Spire Juice","BaseMod","CapriCore","Minty Spire (QoL Compilation)","StSLib","The Immortal"],"gold_per_floor":[110,60,76,76,87,87,121,121,170,170,170,182,202,226,226,330,330,344,344,373,373,373,402,418,418,443,457,485,21,34,44,44,148,148,168,179,229,80,100,110,110,129,152,152,152,152],"floor_reached":44,"language":"KOR","playtime":2039,"items_purged":["Writhe"],"score":450,"play_id":"697119ab-c387-41e4-94b3-896d65fa21df","local_time":"20210213225059","is_ascension_mode":false,"campfire_choices":[{"data":"MokouMod:Ember","floor":6,"key":"SMITH"},{"data":"MokouMod:ScorchingColumn","floor":10,"key":"SMITH"},{"floor":15,"key":"REST"},{"floor":25,"key":"RECALL"},{"floor":32,"key":"REST"}],"circlet_count":0,"master_deck":["MokouMod:Strike","MokouMod:Strike","MokouMod:Strike","MokouMod:Defend","MokouMod:Defend","MokouMod:Defend+1","MokouMod:Defend","MokouMod:HeatSpark","MokouMod:ResoluteFlare+1","MokouMod:Ember+1","MokouMod:ScorchingColumn+1","MokouMod:EternalBurstReactor+1","MokouMod:ShiftIgnition","MokouMod:WarmUp","MokouMod:RadiantBlade","MokouMod:HeatCyclone","MokouMod:Fireball+1","MokouMod:BurningDraft+1","MokouMod:Wildfire","MokouMod:BurningDraft","MokouMod:BlazingComet","MokouMod:SacredFire","MokouMod:BurningDraft","MokouMod:GuidingSmoke+1","MokouMod:BurningHiddenBullet","MokouMod:IgnitionBarrier+1","MokouMod:Scorch+1","MokouMod:IgnitionBarrier+1","MokouMod:Wildfire+1","MokouMod:WarmUp+1","Writhe","MokouMod:DanceofFlames+1","Parasite"],"relics":["MokouMod:PhoenixFeather","Tiny Chest","Boot","Fusion Hammer","Mercury Hourglass","Red Mask","Peace Pipe","StoneCalendar","Potion Belt","Question Card","White Beast Statue","SlaversCollar","Shovel","Whetstone","Happy Flower"],"acts_visited":["Exordium","TheCity","TheBeyond"],"potions_floor_usage":[16,23,28,28,31,33,33,33,37,42,42,42,42,42],"damage_taken":[{"damage":0,"enemies":"Small Slimes","floor":1,"turns":3},{"damage":6,"enemies":"2 Louse","floor":3,"turns":2},{"damage":0,"enemies":"Cultist","floor":5,"turns":2},{"damage":27,"enemies":"Gremlin Nob","floor":7,"turns":4},{"damage":7,"enemies":"Blue Slaver","floor":12,"turns":3},{"damage":25,"enemies":"Large Slime","floor":13,"turns":5},{"damage":87,"enemies":"The Guardian","floor":16,"turns":16},{"damage":0,"enemies":"Chosen","floor":18,"turns":4},{"damage":28,"enemies":"Masked Bandits","floor":20,"turns":4},{"damage":21,"enemies":"Slavers","floor":23,"turns":3},{"damage":0,"enemies":"3 Byrds","floor":24,"turns":3},{"damage":30,"enemies":"Snake Plant","floor":27,"turns":4},{"damage":5,"enemies":"Book of Stabbing","floor":28,"turns":4},{"damage":0,"enemies":"3 Cultists","floor":30,"turns":3},{"damage":2,"enemies":"Snecko","floor":31,"turns":5},{"damage":18,"enemies":"Collector","floor":33,"turns":5},{"damage":30,"enemies":"3 Shapes","floor":35,"turns":5},{"damage":12,"enemies":"3 Darklings","floor":36,"turns":3},{"damage":6,"enemies":"Mind Bloom Boss Battle","floor":37,"turns":4},{"damage":32,"enemies":"Spire Growth","floor":39,"turns":4},{"damage":0,"enemies":"Transient","floor":40,"turns":5},{"damage":21,"enemies":"Jaw Worm Horde","floor":42,"turns":3},{"damage":7,"enemies":"Writhing Mass","floor":44,"turns":2}],"seed_played":"-7441604987480036924","potions_obtained":[{"floor":7,"key":"GamblersBrew"},{"floor":13,"key":"SteroidPotion"},{"floor":20,"key":"Ancient Potion"},{"floor":23,"key":"Block Potion"},{"floor":24,"key":"DistilledChaos"},{"floor":27,"key":"Dexterity Potion"},{"floor":30,"key":"FearPotion"},{"floor":31,"key":"DuplicationPotion"},{"floor":33,"key":"EssenceOfSteel"},{"floor":35,"key":"BlessingOfTheForge"},{"floor":36,"key":"Strength Potion"},{"floor":37,"key":"SpeedPotion"},{"floor":39,"key":"GamblersBrew"},{"floor":40,"key":"PowerPotion"},{"floor":42,"key":"Energy Potion"}],"is_trial":false,"path_per_floor":["M","?","M","?","M","R","E","?","T","R","?","M","M","T","R","B",null,"M","?","?","?","T","E","M","R","T","M","E","$","M","M","R","B",null,"M","M","?","$","M","M","?","M","T","M"],"character_chosen":"MKU","items_purchased":["MokouMod:SacredFire","White Beast Statue","Whetstone"],"campfire_rested":2,"item_purchase_floors":[29,29,38],"current_hp_per_floor":[75,75,69,54,54,54,27,52,52,52,45,38,13,13,35,4,75,75,75,47,85,85,64,64,64,64,34,29,29,29,27,52,34,85,55,43,37,37,5,5,26,5,5,0,0,0],"gold":152,"neow_bonus":"TRANSFORM_CARD","is_daily":false,"chose_seed":false,"campfire_upgraded":2,"win_rate":0.0,"timestamp":1613224259,"path_taken":["M","?","M","?","M","R","E","?","T","R","?","M","?","?","R","BOSS","M","?","?","?","?","E","M","R","T","M","E","$","M","M","R","BOSS","M","M","?","?","M","M","?","M","T","M"],"items_purchased_type":["Card","Relic","Relic"],"build_version":"2020-12-22","purchased_purges":1,"victory":false,"max_hp_per_floor":[75,75,75,75,75,75,75,75,75,75,75,75,75,75,75,75,75,75,75,75,85,85,85,85,85,85,85,85,85,85,85,85,85,85,85,85,85,85,85,85,85,85,85,85,85,85],"card_choices":[{"not_picked":["MokouMod:IndiscriminateIgnition","MokouMod:AdaptivePyromancy"],"picked":"MokouMod:Ember","floor":1},{"not_picked":["MokouMod:PhoenixFeathers","MokouMod:TemporalFireSeal"],"picked":"MokouMod:ScorchingColumn","floor":3},{"not_picked":["MokouMod:RetainTemperature","MokouMod:ResoluteFlare"],"picked":"MokouMod:EternalBurstReactor","floor":5},{"not_picked":["MokouMod:HeatCyclone","MokouMod:PhoenixFeathers"],"picked":"MokouMod:ShiftIgnition","floor":7},{"not_picked":["MokouMod:ImperishableFlame","MokouMod:Scorch"],"picked":"MokouMod:SearingBlow","floor":12},{"not_picked":["MokouMod:Stoke","MokouMod:TemporalFireSeal"],"picked":"MokouMod:WarmUp","floor":13},{"not_picked":["MokouMod:SacredFire","MokouMod:ResonatingAura"],"picked":"MokouMod:RadiantBlade","floor":16},{"not_picked":["MokouMod:UncontrollableSolarReaction","MokouMod:Firecracker"],"picked":"MokouMod:HeatCyclone","floor":18},{"not_picked":["MokouMod:Stoke","MokouMod:BurningDraft"],"picked":"MokouMod:Fireball+1","floor":20},{"not_picked":["MokouMod:ShiftIgnition+1","MokouMod:Fireball+1"],"picked":"MokouMod:BurningDraft+1","floor":23},{"not_picked":["MokouMod:Fireball","MokouMod:ThermalPressure"],"picked":"MokouMod:Wildfire","floor":24},{"not_picked":["MokouMod:IndiscriminateIgnition","MokouMod:Trailblazer"],"picked":"MokouMod:BurningDraft","floor":27},{"not_picked":["MokouMod:ScorchingColumn","MokouMod:PhoenixForm"],"picked":"MokouMod:BlazingComet","floor":28},{"not_picked":["MokouMod:UncontrollableSolarReaction+1","MokouMod:PhoenixFeathers","MokouMod:EternalBurstReactor"],"picked":"MokouMod:BurningDraft","floor":30},{"not_picked":["MokouMod:CrimsonArmoury","MokouMod:HeatFactory+1","MokouMod:Trailblazer"],"picked":"MokouMod:GuidingSmoke","floor":31},{"not_picked":["MokouMod:SearingBlow","MokouMod:HouraiForge","MokouMod:EnchantingBambooForest"],"picked":"MokouMod:BurningHiddenBullet","floor":33},{"not_picked":["MokouMod:Singe+1","MokouMod:ResoluteFlare+1","MokouMod:ImperishableFlame+1"],"picked":"MokouMod:IgnitionBarrier+1","floor":35},{"not_picked":["MokouMod:Burn+1","MokouMod:SubterraneanCore","MokouMod:UncontrollableSolarReaction"],"picked":"MokouMod:Scorch+1","floor":36},{"not_picked":["MokouMod:Scorch","MokouMod:Singe","MokouMod:SearingShot"],"picked":"MokouMod:IgnitionBarrier+1","floor":37},{"not_picked":["MokouMod:ResoluteFlare+1","MokouMod:Extinguish","MokouMod:Singe+1"],"picked":"MokouMod:Wildfire+1","floor":39},{"not_picked":["MokouMod:SubterraneanCore","MokouMod:HeartofFire+1","MokouMod:Singe+1"],"picked":"MokouMod:WarmUp+1","floor":40},{"not_picked":["MokouMod:ShiftIgnition","MokouMod:Wildfire+1","MokouMod:Stoke"],"picked":"MokouMod:DanceofFlames+1","floor":42}],"player_experience":229710,"relics_obtained":[{"floor":7,"key":"Tiny Chest"},{"floor":14,"key":"Boot"},{"floor":20,"key":"Red Mask"},{"floor":22,"key":"Peace Pipe"},{"floor":23,"key":"StoneCalendar"},{"floor":26,"key":"Potion Belt"},{"floor":28,"key":"Question Card"},{"floor":37,"key":"Shovel"},{"floor":43,"key":"Happy Flower"}],"event_choices":[{"cards_removed":["MokouMod:Strike"],"damage_healed":0,"gold_gain":0,"player_choice":"Card Removal","damage_taken":0,"max_hp_gain":0,"max_hp_loss":0,"event_name":"The Cleric","floor":2,"gold_loss":50},{"damage_healed":0,"gold_gain":0,"player_choice":"Entered Light","damage_taken":15,"max_hp_gain":0,"max_hp_loss":0,"event_name":"Shining Light","floor":4,"gold_loss":0,"cards_upgraded":["MokouMod:Defend","MokouMod:ResoluteFlare"]},{"damage_healed":25,"gold_gain":0,"player_choice":"Banana","damage_taken":0,"max_hp_gain":0,"max_hp_loss":0,"event_name":"Big Fish","floor":8,"gold_loss":0},{"damage_healed":0,"gold_gain":0,"player_choice":"Damaged","damage_taken":7,"max_hp_gain":0,"max_hp_loss":0,"event_name":"Wheel of Change","floor":11,"gold_loss":0},{"damage_healed":0,"gold_gain":0,"player_choice":"Opened","damage_taken":0,"relics_obtained":["Mercury Hourglass"],"max_hp_gain":0,"max_hp_loss":0,"event_name":"The Mausoleum","floor":19,"gold_loss":0,"cards_obtained":["Writhe"]},{"damage_healed":0,"gold_gain":0,"player_choice":"Fought Bandits","damage_taken":0,"max_hp_gain":0,"max_hp_loss":0,"event_name":"Masked Bandits","floor":20,"gold_loss":0},{"cards_removed":["MokouMod:SearingBlow"],"damage_healed":28,"gold_gain":0,"player_choice":"Offered Rare","damage_taken":0,"max_hp_gain":10,"max_hp_loss":0,"event_name":"Bonfire Elementals","floor":21,"gold_loss":0},{"damage_healed":0,"gold_gain":0,"player_choice":"Fight","damage_taken":0,"max_hp_gain":0,"max_hp_loss":0,"event_name":"MindBloom","floor":37,"gold_loss":0},{"damage_healed":21,"gold_gain":0,"player_choice":"Writhe","damage_taken":0,"max_hp_gain":0,"max_hp_loss":0,"event_name":"Winding Halls","floor":41,"gold_loss":0,"cards_obtained":["Writhe"]}],"is_beta":false,"boss_relics":[{"not_picked":["Runic Dome","Velvet Choker"],"picked":"Fusion Hammer"},{"not_picked":["Astrolabe","Pandora\u0027s Box"],"picked":"SlaversCollar"}],"items_purged_floors":[29],"is_endless":false,"potions_floor_spawned":[7,13,20,23,24,27,30,31,33,35,36,37,39,40,42],"killed_by":"Writhing Mass","ascension_level":0}}