{"host":"m0bekkrd201b63ug","time":1613254780,"event":{"mods":["AchievementEnabler","BaseMod","Colored Powertips","Highlight Path","Minty Spire (QoL Compilation)","Rare Cards Sparkle","StSLib","SuperFastMode","everything is the same but u backflip on backflip","slay the spire mod where everything is the same but ironclad has a cowboy hat"],"gold_per_floor":[112,112,125,125,125,125,160,57,57,57,96,96,134,150,150,248,248,261,135,135,149,7,7,20,41,41,41,41],"floor_reached":27,"language":"ENG","playtime":770,"items_purged":["Strike_G","Strike_G"],"score":598,"play_id":"8dcd734a-69cc-4482-b3a0-ba99dcf2252e","local_time":"20210213201940","is_ascension_mode":true,"campfire_choices":[{"data":"Footwork","floor":6.0,"key":"SMITH"},{"floor":12.0,"key":"REST"},{"floor":15.0,"key":"REST"},{"data":"Catalyst","floor":23.0,"key":"SMITH"}],"circlet_count":0,"master_deck":["AscendersBane","Strike_G","Strike_G","Defend_G","Defend_G","Defend_G+1","Defend_G+1","Defend_G","Survivor","Neutralize","Backflip","Footwork+1","Poisoned Stab","Poisoned Stab","Dagger Spray","Backflip","Footwork","Glass Knife","Poisoned Stab+1","Poisoned Stab","Bane+1","Catalyst+1","Backflip","Dodge and Roll","Crippling Poison"],"relics":["Ring of the Snake","NeowsBlessing","Golden Idol","Bag of Preparation","Potion Belt","Akabeko","Odd Mushroom","Philosopher\u0027s Stone","Vajra"],"acts_visited":["Exordium","TheCity"],"potions_floor_usage":[27,27],"damage_taken":[{"damage":0.0,"enemies":"Small Slimes","floor":1.0,"turns":1.0},{"damage":0.0,"enemies":"2 Louse","floor":3.0,"turns":1.0},{"damage":0.0,"enemies":"3 Sentries","floor":7.0,"turns":1.0},{"damage":31.0,"enemies":"Gremlin Nob","floor":11.0,"turns":5.0},{"damage":0.0,"enemies":"The Mushroom Lair","floor":13.0,"turns":1.0},{"damage":0.0,"enemies":"Jaw Worm","floor":14.0,"turns":5.0},{"damage":0.0,"enemies":"The Guardian","floor":16.0,"turns":15.0},{"damage":6.0,"enemies":"Shell Parasite","floor":18.0,"turns":5.0},{"damage":4.0,"enemies":"2 Thieves","floor":21.0,"turns":4.0},{"damage":18.0,"enemies":"Chosen and Byrds","floor":24.0,"turns":5.0},{"damage":0.0,"enemies":"Centurion and Healer","floor":25.0,"turns":5.0},{"damage":27,"enemies":"Slavers","floor":27,"turns":5}],"seed_played":"-4780288706200921569","potions_obtained":[{"floor":1.0,"key":"Block Potion"},{"floor":11.0,"key":"Weak Potion"},{"floor":14.0,"key":"Ancient Potion"},{"floor":16.0,"key":"Weak Potion"},{"floor":21.0,"key":"Poison Potion"},{"floor":24.0,"key":"SteroidPotion"},{"floor":25.0,"key":"SkillPotion"}],"is_trial":false,"path_per_floor":["M","?","M","?","?","R","E","$","T","$","E","R","?","M","R","B",null,"M","$","?","M","$","R","M","M","T","E"],"character_chosen":"THE_SILENT","items_purchased":["Poisoned Stab","Poisoned Stab","Catalyst","Backflip"],"campfire_rested":2,"item_purchase_floors":[8,19,22,22],"current_hp_per_floor":[59,52,52,32,32,32,32,32,32,32,1,19,19,19,37,37,54,48,48,48,44,44,44,26,26,26,0,0],"gold":41,"neow_bonus":"THREE_ENEMY_KILL","is_daily":false,"chose_seed":false,"campfire_upgraded":2,"win_rate":0.0,"timestamp":1613254780,"path_taken":["M","?","M","?","?","R","E","?","T","$","E","R","?","M","R","BOSS","M","$","?","M","$","R","M","?","T","E"],"items_purchased_type":["Card","Card","Card","Card"],"build_version":"2020-12-22","purchased_purges":2,"victory":false,"max_hp_per_floor":[66,66,66,66,60,60,60,60,60,60,60,60,60,60,60,60,60,60,60,60,60,60,60,60,60,60,60,60],"card_choices":[{"not_picked":["Tactician","Underhanded Strike"],"picked":"Backflip","floor":1.0},{"not_picked":["Choke","Flying Knee"],"picked":"Footwork","floor":3.0},{"not_picked":["Deadly Poison","Distraction"],"picked":"Poisoned Stab","floor":7.0},{"not_picked":["Heel Hook","Escape Plan"],"picked":"Dagger Spray","floor":11.0},{"not_picked":["Cloak And Dagger","Backstab"],"picked":"Backflip","floor":13.0},{"not_picked":["Well Laid Plans","Backflip"],"picked":"Footwork","floor":14.0},{"not_picked":["Unload","Die Die Die"],"picked":"Glass Knife","floor":16.0},{"not_picked":["Heel Hook","Blade Dance+1"],"picked":"Poisoned Stab","floor":18.0},{"not_picked":["Poisoned Stab","Slice"],"picked":"Bane+1","floor":21.0},{"not_picked":["Dagger Throw","Underhanded Strike"],"picked":"Dodge and Roll","floor":24.0},{"not_picked":["Poisoned Stab","Flechettes"],"picked":"Crippling Poison","floor":25.0}],"player_experience":261343,"relics_obtained":[{"floor":7.0,"key":"Bag of Preparation"},{"floor":9.0,"key":"Potion Belt"},{"floor":11.0,"key":"Akabeko"},{"floor":13.0,"key":"Odd Mushroom"},{"floor":26.0,"key":"Vajra"}],"event_choices":[{"cards_removed":["Strike_G"],"damage_healed":0.0,"max_hp_gain":0.0,"max_hp_loss":0.0,"gold_gain":0.0,"event_name":"Golden Wing","player_choice":"Card Removal","floor":2.0,"gold_loss":0.0,"damage_taken":7.0},{"damage_healed":0.0,"max_hp_gain":0.0,"max_hp_loss":0.0,"gold_gain":0.0,"event_name":"Shining Light","player_choice":"Entered Light","floor":4.0,"gold_loss":0.0,"damage_taken":20.0,"cards_upgraded":["Defend_G","Defend_G"]},{"damage_healed":0.0,"max_hp_gain":0.0,"max_hp_loss":6.0,"gold_gain":0.0,"event_name":"Golden Idol","player_choice":"Lose Max HP","floor":5.0,"gold_loss":0.0,"damage_taken":0.0,"relics_obtained":["Golden Idol"]},{"damage_healed":0.0,"max_hp_gain":0.0,"max_hp_loss":0.0,"gold_gain":0.0,"event_name":"Mushrooms","player_choice":"Fought Mushrooms","floor":13.0,"gold_loss":0.0,"damage_taken":0.0},{"damage_healed":0.0,"max_hp_gain":0.0,"max_hp_loss":0.0,"gold_gain":0.0,"event_name":"Accursed Blacksmith","player_choice":"Forge","floor":20.0,"gold_loss":0.0,"damage_taken":0.0,"cards_upgraded":["Poisoned Stab"]}],"is_beta":false,"boss_relics":[{"not_picked":["Runic Pyramid","Velvet Choker"],"picked":"Philosopher\u0027s Stone"}],"items_purged_floors":[8,19],"is_endless":false,"potions_floor_spawned":[1,11,14,16,21,24,25],"killed_by":"Slavers","ascension_level":19}}