{"host":"8rqsnaeml9gxb0kp","time":1613198668,"event":{"mods":["AchievementEnabler","BaseMod","Dark Map","Minty Spire (QoL Compilation)","Relic Stats","StSLib","slay the spire mod where everything is the same but ironclad has a cowboy hat"],"gold_per_floor":[114,124,124,134,149,149,149,149],"floor_reached":7,"language":"ENG","playtime":281,"items_purged":[],"score":52,"play_id":"e657c337-dec9-4618-925f-e5f960c0278e","local_time":"20210212224428","is_ascension_mode":true,"campfire_choices":[{"data":"Leg Sweep","floor":6,"key":"SMITH"}],"circlet_count":0,"master_deck":["Strike_G","Strike_G","Strike_G","Strike_G","Strike_G","Defend_G","Defend_G","Defend_G","Defend_G","Defend_G","Survivor","Neutralize","Poisoned Stab","Leg Sweep+1","All Out Attack","Leg Sweep"],"relics":["Ring of the Snake","Unceasing Top"],"acts_visited":["Exordium"],"potions_floor_usage":[],"damage_taken":[{"damage":7.0,"enemies":"2 Louse","floor":1.0,"turns":3.0},{"damage":4.0,"enemies":"Jaw Worm","floor":2.0,"turns":5.0},{"damage":0.0,"enemies":"Cultist","floor":4.0,"turns":4.0},{"damage":9,"enemies":"Gremlin Gang","floor":5,"turns":4},{"damage":54,"enemies":"Lagavulin","floor":7,"turns":10}],"seed_played":"-4659918933849310924","potions_obtained":[{"floor":4.0,"key":"Strength Potion"}],"is_trial":false,"path_per_floor":["M","M","?","M","M","R","E"],"character_chosen":"THE_SILENT","items_purchased":[],"campfire_rested":0,"item_purchase_floors":[],"current_hp_per_floor":[56,52,57,57,48,48,0,0],"gold":149,"neow_bonus":"ONE_RARE_RELIC","is_daily":false,"chose_seed":false,"campfire_upgraded":1,"win_rate":0.0,"timestamp":1613198668,"path_taken":["M","M","?","M","M","R","E"],"items_purchased_type":[],"build_version":"2020-12-22","purchased_purges":0,"victory":false,"max_hp_per_floor":[63,63,68,68,68,68,68,68],"relic_stats":{"counters":[5,26],"obtain_stats":[{"Unceasing Top":0,"Ring of the Snake":0},{"Unceasing Top":0,"Ring of the Snake":0},{"Unceasing Top":0,"Ring of the Snake":0}],"Unceasing Top":[1],"Ring of the Snake":[10]},"card_choices":[{"not_picked":["Deadly Poison","Choke"],"picked":"Poisoned Stab","floor":1.0},{"not_picked":["Setup","Bane"],"picked":"Leg Sweep","floor":2.0},{"not_picked":["Expertise","Infinite Blades"],"picked":"All Out Attack","floor":4.0},{"not_picked":["Deadly Poison","Acrobatics"],"picked":"Leg Sweep","floor":5}],"player_experience":216623,"relics_obtained":[],"event_choices":[{"damage_healed":0.0,"max_hp_gain":5.0,"max_hp_loss":0.0,"gold_gain":0.0,"event_name":"Big Fish","player_choice":"Donut","floor":3.0,"gold_loss":0.0,"damage_taken":0.0}],"is_beta":false,"boss_relics":[],"items_purged_floors":[],"is_endless":false,"potions_floor_spawned":[4],"killed_by":"Lagavulin","ascension_level":4}}