{"host":"0pyv9je0pz1gg9m7","time":1613240179,"event":{"mods":["AchievementEnabler","BaseMod","Colored Map","DeckTracker","Minty Spire (QoL Compilation)","Permanent Neow","StSLib","SuperFastMode","everything is the same but u backflip on backflip"],"gold_per_floor":[115,115,136,156,169,169,222,222,222,222,46,46,61,125,125,245,245,263,263,277,108,122,161,161,194,218,243,259,280,29,52,52,175,175,190,190,65,65,80,80,103,103,126,139,159,174,218,234,234,234,234,234,9,49,49],"floor_reached":56,"language":"KOR","playtime":2806,"items_purged":["Strike_R","Bash+1","Warcry"],"score":1488,"play_id":"f465708c-a4c6-4402-86a4-55422078d5c6","local_time":"20210214031619","is_ascension_mode":false,"campfire_choices":[{"data":"Inflame","floor":8,"key":"SMITH"},{"data":"Bash","floor":10,"key":"SMITH"},{"data":"Feel No Pain","floor":15,"key":"SMITH"},{"data":"Dark Embrace","floor":24,"key":"SMITH"},{"data":"Body Slam","floor":32,"key":"SMITH"},{"data":"Corruption","floor":40,"key":"SMITH"},{"data":"Feel No Pain","floor":42,"key":"SMITH"},{"floor":49,"key":"RECALL"},{"data":"Barricade","floor":52,"key":"SMITH"}],"circlet_count":0,"master_deck":["Defend_R","Defend_R","Defend_R","Defend_R","Inflame+1","Intimidate","Second Wind","Flame Barrier+1","Feel No Pain+1","Havoc+1","Warcry+1","Spot Weakness+1","Shrug It Off+1","Seeing Red+1","Feel No Pain+1","Body Slam+1","Offering+1","Shrug It Off+1","True Grit+1","Dark Embrace+1","Fiend Fire","Warcry+1","Havoc+1","Feed","Disarm+1","True Grit+1","Corruption+1","Flame Barrier+1","Feel No Pain+1","Barricade+1","Shrug It Off+1","Power Through+1","Seeing Red+1"],"relics":["Burning Blood","Dead Branch","Golden Idol","Bag of Preparation","Potion Belt","Toxic Egg 2","Orrery","Self Forming Clay","Empty Cage","InkBottle","Paper Frog","Art of War","Medical Kit","Runic Dome","Centennial Puzzle","Akabeko","Blood Vial"],"acts_visited":["TheCity","TheBeyond","TheEnding"],"potions_floor_usage":[16,23,28,31,47,48,50,50,53,55,55,55],"damage_taken":[{"damage":5,"enemies":"Jaw Worm","floor":1,"turns":5},{"damage":12,"enemies":"Small Slimes","floor":3,"turns":3},{"damage":5,"enemies":"Cultist","floor":4,"turns":4},{"damage":25,"enemies":"Lots of Slimes","floor":5,"turns":5},{"damage":0,"enemies":"2 Fungi Beasts","floor":13,"turns":3},{"damage":16,"enemies":"Gremlin Nob","floor":14,"turns":3},{"damage":15,"enemies":"Hexaghost","floor":16,"turns":7},{"damage":6,"enemies":"2 Thieves","floor":18,"turns":3},{"damage":0,"enemies":"3 Byrds","floor":20,"turns":4},{"damage":6,"enemies":"Cultist and Chosen","floor":22,"turns":5},{"damage":17,"enemies":"Gremlin Leader","floor":23,"turns":5},{"damage":6,"enemies":"Slavers","floor":25,"turns":4},{"damage":6,"enemies":"Centurion and Healer","floor":27,"turns":5},{"damage":6,"enemies":"Snake Plant","floor":28,"turns":4},{"damage":12,"enemies":"Cultist and Chosen","floor":29,"turns":3},{"damage":15,"enemies":"3 Cultists","floor":31,"turns":6},{"damage":0,"enemies":"Champ","floor":33,"turns":7},{"damage":0,"enemies":"Orb Walker","floor":35,"turns":2},{"damage":6,"enemies":"3 Darklings","floor":39,"turns":3},{"damage":0,"enemies":"Jaw Worm Horde","floor":41,"turns":3},{"damage":3,"enemies":"Transient","floor":44,"turns":3},{"damage":6,"enemies":"Writhing Mass","floor":45,"turns":1},{"damage":0,"enemies":"Maw","floor":46,"turns":4},{"damage":6,"enemies":"Nemesis","floor":47,"turns":3},{"damage":14,"enemies":"Jaw Worm Horde","floor":48,"turns":3},{"damage":0,"enemies":"Awakened One","floor":50,"turns":5},{"damage":3,"enemies":"Shield and Spear","floor":54,"turns":5},{"damage":6,"enemies":"The Heart","floor":55,"turns":5}],"seed_played":"1608944127853067169","potions_obtained":[{"floor":1,"key":"SpeedPotion"},{"floor":5,"key":"SteroidPotion"},{"floor":13,"key":"Fruit Juice"},{"floor":18,"key":"Fruit Juice"},{"floor":23,"key":"ColorlessPotion"},{"floor":27,"key":"BloodPotion"},{"floor":28,"key":"SteroidPotion"},{"floor":31,"key":"Fruit Juice"},{"floor":41,"key":"ColorlessPotion"},{"floor":46,"key":"Strength Potion"},{"floor":47,"key":"PowerPotion"}],"is_trial":false,"path_per_floor":["M","?","M","M","M","?","T","R","T","R","$","?","M","?","R","B",null,"M","?","M","$","M","E","R","E","T","M","M","M","$","M","R","B",null,"M","?","$","T","M","R","M","R","T","M","M","M","E","M","R","B",null,"R","$","E","B",null],"character_chosen":"IRONCLAD","items_purchased":["Orrery","Shrug It Off+1","True Grit+1","PowerPotion","Medical Kit","Seeing Red+1","GamblersBrew","LiquidBronze"],"campfire_rested":0,"item_purchase_floors":[11,11,21,21,30,53,53,53],"current_hp_per_floor":[72,67,61,62,43,36,36,36,36,36,36,36,42,32,32,23,67,67,67,67,67,67,56,56,56,56,56,61,55,55,46,46,52,72,75,75,75,75,75,75,75,75,75,75,75,75,80,72,72,81,83,83,88,88,88],"gold":49,"neow_bonus":"ONE_RARE_RELIC","is_daily":false,"chose_seed":false,"campfire_upgraded":8,"win_rate":0.0,"timestamp":1613240179,"path_taken":["M","?","M","M","M","?","?","R","T","R","$","?","?","?","R","BOSS","M","?","M","$","M","E","R","E","T","M","M","M","$","M","R","BOSS","M","?","$","?","M","R","M","R","T","M","M","M","E","M","R","BOSS","R","$","E","BOSS"],"items_purchased_type":["Relic","Card","Card","Potion","Relic","Card","Potion","Potion"],"build_version":"2020-12-22","purchased_purges":3,"victory":true,"max_hp_per_floor":[72,67,67,67,67,67,67,67,67,67,67,67,67,67,67,67,67,67,67,67,67,67,67,67,67,67,67,72,72,72,72,72,72,72,75,75,75,75,75,75,75,75,75,75,75,75,80,80,80,83,83,83,88,88,88],"card_choices":[{"not_picked":["Spot Weakness","Armaments"],"picked":"Warcry","floor":1},{"not_picked":["Heavy Blade","Armaments"],"picked":"Inflame","floor":3},{"not_picked":["Thunderclap","Seeing Red"],"picked":"Intimidate","floor":4},{"not_picked":["Battle Trance","Cleave"],"picked":"Second Wind","floor":5},{"not_picked":["Havoc+1","Twin Strike"],"picked":"Flame Barrier+1","floor":11},{"not_picked":["Perfected Strike","Anger"],"picked":"Feel No Pain","floor":11},{"not_picked":["Reckless Charge","Iron Wave"],"picked":"Havoc+1","floor":11},{"not_picked":["Heavy Blade","Berserk"],"picked":"Warcry+1","floor":11},{"not_picked":["Combust","Whirlwind"],"picked":"Spot Weakness+1","floor":11},{"not_picked":["Heavy Blade","Thunderclap"],"picked":"Feel No Pain","floor":13},{"not_picked":["Havoc+1","Hemokinesis"],"picked":"Body Slam","floor":14},{"not_picked":["Exhume+1","Feed"],"picked":"Offering+1","floor":16},{"not_picked":["Cleave","Rampage","Dropkick"],"picked":"SKIP","floor":18},{"not_picked":["Iron Wave","Havoc+1"],"picked":"Shrug It Off+1","floor":20},{"not_picked":["Anger","Blood for Blood+1"],"picked":"Dark Embrace","floor":22},{"not_picked":["Limit Break+1","Perfected Strike","Body Slam"],"picked":"SKIP","floor":23},{"not_picked":["Hemokinesis+1","Evolve+1","Bloodletting+1"],"picked":"SKIP","floor":25},{"not_picked":["Headbutt+1","True Grit+1","Iron Wave+1"],"picked":"SKIP","floor":27},{"not_picked":["Reckless Charge","Pommel Strike"],"picked":"Fiend Fire","floor":28},{"not_picked":["Pommel Strike","Metallicize+1"],"picked":"Warcry+1","floor":29},{"not_picked":["True Grit+1","Sword Boomerang"],"picked":"Havoc+1","floor":31},{"not_picked":["Offering+1","Demon Form"],"picked":"Feed","floor":33},{"not_picked":["Heavy Blade+1","Warcry+1"],"picked":"Disarm+1","floor":35},{"not_picked":["Heavy Blade+1","Body Slam"],"picked":"Flame Barrier+1","floor":39},{"not_picked":["Cleave","Uppercut","Clothesline"],"picked":"SKIP","floor":41},{"not_picked":["Armaments+1","Heavy Blade"],"picked":"Feel No Pain+1","floor":44},{"not_picked":["Cleave+1","Flex+1"],"picked":"Barricade","floor":45},{"not_picked":["Havoc+1","Twin Strike+1"],"picked":"Shrug It Off+1","floor":46},{"not_picked":["Spot Weakness+1","Impervious+1"],"picked":"Power Through+1","floor":47},{"not_picked":["Headbutt","Havoc+1","Clash"],"picked":"SKIP","floor":48},{"not_picked":["Berserk","Perfected Strike","Headbutt"],"picked":"SKIP","floor":54}],"player_experience":442379,"relics_obtained":[{"floor":7,"key":"Potion Belt"},{"floor":9,"key":"Toxic Egg 2"},{"floor":23,"key":"InkBottle"},{"floor":25,"key":"Paper Frog"},{"floor":26,"key":"Art of War"},{"floor":43,"key":"Centennial Puzzle"},{"floor":47,"key":"Akabeko"},{"floor":54,"key":"Blood Vial"}],"event_choices":[{"damage_healed":0,"gold_gain":0,"player_choice":"Lose Max HP","damage_taken":0,"relics_obtained":["Golden Idol"],"max_hp_gain":0,"max_hp_loss":5,"event_name":"Golden Idol","floor":2,"gold_loss":0},{"damage_healed":0,"gold_gain":0,"player_choice":"Success","damage_taken":7,"relics_obtained":["Bag of Preparation"],"max_hp_gain":0,"max_hp_loss":0,"event_name":"Scrap Ooze","floor":6,"gold_loss":0},{"damage_healed":0,"gold_gain":0,"cards_transformed":["Strike_R"],"player_choice":"Change","damage_taken":0,"max_hp_gain":0,"max_hp_loss":0,"event_name":"Living Wall","floor":12,"gold_loss":0,"cards_obtained":["Seeing Red"]},{"damage_healed":0,"gold_gain":30,"player_choice":"Searched \u00273\u0027 times","damage_taken":0,"relics_obtained":["Self Forming Clay"],"max_hp_gain":0,"max_hp_loss":0,"event_name":"Dead Adventurer","floor":14,"gold_loss":0},{"cards_removed":["Strike_R"],"damage_healed":0,"gold_gain":0,"player_choice":"Elegance","damage_taken":0,"max_hp_gain":0,"max_hp_loss":0,"event_name":"Back to Basics","floor":19,"gold_loss":0},{"damage_healed":0,"gold_gain":0,"player_choice":"2 cards matched","damage_taken":0,"max_hp_gain":0,"max_hp_loss":0,"event_name":"Match and Keep!","floor":36,"gold_loss":0,"cards_obtained":["True Grit","Corruption"]}],"is_beta":false,"boss_relics":[{"not_picked":["Black Star","Fusion Hammer"],"picked":"Empty Cage"},{"not_picked":["Tiny House","Velvet Choker"],"picked":"Runic Dome"}],"items_purged_floors":[21,30,37],"is_endless":false,"potions_floor_spawned":[1,5,13,18,23,27,28,31,41,46,47],"ascension_level":0}}