{"host":"gh97pv908ci4ql26","time":1613209210,"event":{"mods":["AchievementEnabler","BaseMod","Beaked The Cultist","Better Altar","Better Match","Better Note","Better Sensory Stone","Better Skull","Better Third Choice","Block Reminder","Colored Powertips","Curses Come First","Disable Question Mark Monsters","Displayed Cursed Tome","Emptier Cage","Googly Eyes","Highlight Path","Minty Spire (QoL Compilation)","Permanent Neow","Poor People Problems","Quick Restart","Rare Cards Sparkle","Relic Sorter","Shop Mod","Smile Girya","StSLib","everything is the same but u backflip on backflip","slay the spire mod where everything is the same but ironclad has a cowboy hat"],"gold_per_floor":[113,125,125,144,144,190,203,203,203,218,218,249,266,46,46,145,195,205,205,130,144,157,157,172,172,197,197,197,12,29,59,59,156,156,175,175,100,100,169,169,0,0,0,20,88,88,104,122,122,122,122],"floor_reached":50,"language":"ENG","playtime":4395,"items_purged":[],"score":520,"play_id":"554f29e5-fd6e-4b9d-a552-c1003e72d78f","local_time":"20210213014010","is_ascension_mode":false,"campfire_choices":[{"data":"Hologram","floor":8.0,"key":"SMITH"},{"data":"White Noise","floor":11.0,"key":"SMITH"},{"floor":15.0,"key":"REST"},{"floor":23.0,"key":"REST"},{"data":"Machine Learning","floor":27.0,"key":"SMITH"},{"floor":32.0,"key":"REST"},{"data":"Seek","floor":40.0,"key":"SMITH"},{"data":"Scrape","floor":46.0,"key":"SMITH"},{"data":"Steam Power","floor":49.0,"key":"SMITH"}],"circlet_count":0,"master_deck":["Defend_B","Zap+1","Dualcast+1","Hologram+1","Genetic Algorithm","Go for the Eyes","Go for the Eyes","White Noise+1","Double Energy","FTL+1","Electrodynamics","Steam","Beam Cell","beaked:Ceremony","Conserve Battery","Machine Learning+1","Capacitor","Echo Form","Seek+1","Turbo","Steam Power+1","Scrape+1","Rebound+1","Reboot","Turbo","Madness","Madness","Double Energy+1","AscendersBane","Enlightenment+1","Redo+1","BootSequence+1","FTL"],"relics":["Cracked Core","Boot","Juzu Bracelet","Eternal Feather","Runic Capacitor","Tiny House","Dream Catcher","Bottled Lightning","Empty Cage","Toxic Egg 2","Red Mask","Question Card"],"acts_visited":["Exordium","TheCity","TheBeyond"],"potions_floor_usage":[50,50,50],"damage_taken":[{"damage":0.0,"enemies":"Jaw Worm","floor":1.0,"turns":4.0},{"damage":0.0,"enemies":"Cultist","floor":2.0,"turns":3.0},{"damage":1.0,"enemies":"2 Louse","floor":4.0,"turns":3.0},{"damage":32.0,"enemies":"Gremlin Nob","floor":6.0,"turns":4.0},{"damage":0.0,"enemies":"2 Fungi Beasts","floor":7.0,"turns":3.0},{"damage":0.0,"enemies":"3 Louse","floor":10.0,"turns":3.0},{"damage":18.0,"enemies":"3 Sentries","floor":12.0,"turns":7.0},{"damage":0.0,"enemies":"Red Slaver","floor":13.0,"turns":3.0},{"damage":11.0,"enemies":"Hexaghost","floor":16.0,"turns":9.0},{"damage":15.0,"enemies":"2 Thieves","floor":18.0,"turns":3.0},{"damage":2.0,"enemies":"Chosen","floor":21.0,"turns":5.0},{"damage":59.0,"enemies":"3 Cultists","floor":22.0,"turns":6.0},{"damage":22.0,"enemies":"Snecko","floor":24.0,"turns":6.0},{"damage":20.0,"enemies":"Chosen and Byrds","floor":30.0,"turns":6.0},{"damage":17.0,"enemies":"Book of Stabbing","floor":31.0,"turns":5.0},{"damage":47.0,"enemies":"Collector","floor":33.0,"turns":10.0},{"damage":2.0,"enemies":"3 Shapes","floor":35.0,"turns":3.0},{"damage":52.0,"enemies":"3 Darklings","floor":44.0,"turns":6.0},{"damage":3.0,"enemies":"4 Shapes","floor":47.0,"turns":5.0},{"damage":12.0,"enemies":"Transient","floor":48.0,"turns":5.0},{"damage":50,"enemies":"Awakened One","floor":50,"turns":4}],"seed_played":"4389386639593759243","potions_obtained":[{"floor":2.0,"key":"ColorlessPotion"},{"floor":7.0,"key":"FocusPotion"},{"floor":10.0,"key":"Strength Potion"},{"floor":13.0,"key":"CultistPotion"},{"floor":17.0,"key":"FearPotion"},{"floor":30.0,"key":"SkillPotion"},{"floor":35.0,"key":"CultistPotion"},{"floor":47.0,"key":"LiquidBronze"},{"floor":48.0,"key":"FocusPotion"}],"is_trial":false,"path_per_floor":["M","M","?","M","?","E","M","R","T","M","R","E","M","$","R","B",null,"M","?","?","M","M","R","M","?","T","R","?","$","M","E","R","B",null,"M","?","?","?","T","R","?","?","T","M","T","R","M","M","R","B"],"character_chosen":"DEFECT","items_purchased":["Runic Capacitor","FTL","Seek","Turbo"],"campfire_rested":3,"item_purchase_floors":[14,14,29,29],"current_hp_per_floor":[75,75,75,74,74,42,42,42,42,42,42,24,24,24,55,44,80,65,65,65,63,4,40,18,44,44,56,56,56,36,19,58,11,80,78,68,68,68,68,80,80,80,80,28,28,46,43,31,49,0,0],"gold":122,"neow_bonus":"UPGRADE_CARD","is_daily":false,"chose_seed":false,"campfire_upgraded":6,"win_rate":0.0,"timestamp":1613209210,"path_taken":["M","M","?","?","?","E","M","R","T","M","R","E","M","?","R","BOSS","M","?","?","M","M","R","M","?","T","R","?","$","M","E","R","BOSS","M","?","?","?","?","R","?","?","T","M","?","R","M","M","R","BOSS"],"items_purchased_type":["Relic","Card","Card","Card"],"build_version":"2020-12-22","purchased_purges":0,"victory":false,"max_hp_per_floor":[75,75,75,75,75,75,75,75,75,75,75,75,75,75,75,75,80,80,80,80,80,80,80,80,80,80,80,80,80,80,80,80,80,80,80,80,80,80,80,80,80,80,80,80,80,80,80,80,80,80,80],"card_choices":[{"not_picked":["Go for the Eyes","Compile Driver"],"picked":"Hologram","floor":1.0},{"not_picked":["Beam Cell","Conserve Battery"],"picked":"Genetic Algorithm","floor":2.0},{"not_picked":["Barrage","Doom and Gloom"],"picked":"Go for the Eyes","floor":4.0},{"not_picked":["Blizzard","Biased Cognition"],"picked":"Go for the Eyes","floor":6.0},{"not_picked":["Conserve Battery","Ball Lightning","Leap"],"picked":"SKIP","floor":7.0},{"not_picked":["Stack","Streamline"],"picked":"White Noise","floor":10.0},{"not_picked":["Stack","Cold Snap","Undo"],"picked":"SKIP","floor":12.0},{"not_picked":["Multi-Cast","Chill"],"picked":"Double Energy","floor":13.0},{"not_picked":["Hyperbeam","Core Surge"],"picked":"Electrodynamics","floor":16.0},{"not_picked":["Barrage","Stack"],"picked":"Steam","floor":17.0},{"not_picked":["Sunder+1","White Noise"],"picked":"Beam Cell","floor":18.0},{"not_picked":["Stack","Cold Snap","Reinforced Body"],"picked":"SKIP","floor":21.0},{"not_picked":["Compile Driver","Streamline"],"picked":"Conserve Battery","floor":22.0},{"not_picked":["Recycle","Streamline"],"picked":"Machine Learning","floor":24.0},{"not_picked":["Cold Snap+1","Turbo"],"picked":"Steam Power","floor":30.0},{"not_picked":["Hello World+1","Conserve Battery"],"picked":"Scrape","floor":31.0},{"not_picked":["Turbo","Hologram+1"],"picked":"Rebound+1","floor":32.0},{"not_picked":["Thunder Strike","Multi-Cast"],"picked":"Reboot","floor":33.0},{"not_picked":["Conserve Battery+1","Cold Snap"],"picked":"Turbo","floor":35.0},{"not_picked":["White Noise+1","Force Field+1"],"picked":"Double Energy+1","floor":37.0},{"not_picked":["Compile Driver+1","Capacitor+1"],"picked":"Redo+1","floor":44.0},{"not_picked":["Steam Power+1","Ball Lightning","Compile Driver+1"],"picked":"BootSequence+1","floor":47.0},{"not_picked":["Cold Snap","Streamline+1","Steam+1"],"picked":"FTL","floor":48.0}],"player_experience":125383,"relics_obtained":[{"floor":6.0,"key":"Boot"},{"floor":9.0,"key":"Juzu Bracelet"},{"floor":12.0,"key":"Eternal Feather"},{"floor":26.0,"key":"Dream Catcher"},{"floor":31.0,"key":"Bottled Lightning"},{"floor":39.0,"key":"Toxic Egg 2"},{"floor":45.0,"key":"Question Card"}],"event_choices":[{"cards_removed":["Strike_B"],"damage_healed":0.0,"max_hp_gain":0.0,"max_hp_loss":0.0,"gold_gain":0.0,"event_name":"Purifier","player_choice":"Purged","floor":3.0,"gold_loss":0.0,"damage_taken":0.0},{"damage_healed":0.0,"max_hp_gain":0.0,"max_hp_loss":0.0,"gold_gain":0.0,"event_name":"Accursed Blacksmith","player_choice":"Forge","floor":5.0,"gold_loss":0.0,"damage_taken":0.0,"cards_upgraded":["Dualcast"]},{"cards_removed":["Strike_B"],"damage_healed":0.0,"max_hp_gain":0.0,"max_hp_loss":0.0,"gold_gain":0.0,"event_name":"betterNote:BetterNote","player_choice":"Take \u0026 Give","floor":19.0,"gold_loss":0.0,"damage_taken":0.0,"cards_obtained":["beaked:Ceremony"]},{"cards_removed":["Strike_B"],"damage_healed":0.0,"max_hp_gain":0.0,"max_hp_loss":0.0,"gold_gain":0.0,"event_name":"Beggar","player_choice":"Gave Gold","floor":20.0,"gold_loss":75.0,"damage_taken":0.0},{"damage_healed":26.0,"max_hp_gain":0.0,"max_hp_loss":0.0,"gold_gain":0.0,"event_name":"The Library","player_choice":"Heal","floor":25.0,"gold_loss":0.0,"damage_taken":0.0},{"damage_healed":0.0,"max_hp_gain":0.0,"max_hp_loss":0.0,"gold_gain":0.0,"cards_transformed":["Strike_B","Strike_B"],"event_name":"Drug Dealer","player_choice":"Became Test Subject","floor":28.0,"gold_loss":0.0,"damage_taken":0.0,"cards_obtained":["Capacitor","Echo Form"]},{"damage_healed":0.0,"max_hp_gain":0.0,"max_hp_loss":0.0,"gold_gain":0.0,"event_name":"Winding Halls","player_choice":"Embrace Madness","floor":36.0,"gold_loss":0.0,"damage_taken":10.0,"cards_obtained":["Madness","Madness"]},{"damage_healed":0.0,"max_hp_gain":0.0,"max_hp_loss":0.0,"gold_gain":0.0,"event_name":"betterMatch:BetterMatch","player_choice":"2","floor":37.0,"gold_loss":0.0,"damage_taken":0.0,"cards_obtained":["betterMatch:UncommonCard"]},{"damage_healed":0.0,"max_hp_gain":0.0,"max_hp_loss":0.0,"gold_gain":3.0,"event_name":"betterStone:BetterStone","player_choice":"3","floor":38.0,"gold_loss":0.0,"damage_taken":0.0,"cards_obtained":["Enlightenment"]},{"damage_healed":0.0,"max_hp_gain":0.0,"max_hp_loss":0.0,"gold_gain":0.0,"event_name":"Tomb of Lord Red Mask","player_choice":"Paid","floor":41.0,"gold_loss":169.0,"damage_taken":0.0,"relics_obtained":["Red Mask"]},{"damage_healed":0.0,"max_hp_gain":0.0,"max_hp_loss":0.0,"gold_gain":0.0,"event_name":"Mysterious Sphere","player_choice":"Ignored","floor":42.0,"gold_loss":0.0,"damage_taken":0.0}],"is_beta":false,"boss_relics":[{"not_picked":["Velvet Choker","Snecko Eye"],"picked":"Tiny House"},{"not_picked":["Inserter","Philosopher\u0027s Stone"],"picked":"Empty Cage"}],"items_purged_floors":[],"is_endless":false,"potions_floor_spawned":[2,7,10,13,30,35,47,48],"killed_by":"Awakened One","ascension_level":0}}