{"host":"m552uo5jodlktm3e","time":1613209428,"event":{"mods":["BaseMod","Colored Powertips","Downfall","Minty Spire (QoL Compilation)","Quick Restart","StSLib"],"gold_per_floor":[99,115,133,147,163,37,37,50,76,96,96,96,110,45,57,153,153,153,168,168,168,168,200,200,219,3,20,33,62,62,81,92,190,190,190,202,253,253,264,291,291,305,323,618,636,654,354,107,122,122,122,150,3,3,3,3],"floor_reached":57,"language":"ENG","playtime":4470,"items_purged":["Guardian:Strike_Guardian","Regret","Pride","Guardian:Defend_Guardian","Guardian:Defend_Guardian"],"score":1257,"play_id":"da49ec4e-2b1f-4ec8-82a8-3dac49a586b1","local_time":"20210213014348","is_ascension_mode":false,"campfire_choices":[{"data":"Guardian:TwinSlam","floor":1.0,"key":"SMITH"},{"data":"Guardian:SentryBeam","floor":12.0,"key":"SMITH"},{"data":"Guardian:DecasProtection","floor":18.0,"key":"SMITH"},{"data":"Guardian:BaubleBeam","floor":30.0,"key":"SMITH"},{"floor":35.0,"key":"RECALL"},{"floor":47.0,"key":"REST"},{"data":"expansioncontent:DashGenerateEvil","floor":54.0,"key":"SMITH"}],"circlet_count":0,"master_deck":["Guardian:Defend_Guardian+1","Guardian:Defend_Guardian+1","Guardian:CurlUp","Guardian:TwinSlam+1","Guardian:Reroute","Guardian:SentryBeam+1","Guardian:PolyBeam","Guardian:ChargeCore","Guardian:FastForward","Guardian:TimeBomb","Guardian:DecasProtection+1","Guardian:BaubleBeam+1","Slimebound:Tackle+1","Slimebound:Tackle+1","Slimebound:Tackle+1","Guardian:AncientConstruct","Guardian:FloatingOrbs","Guardian:WalkerClaw","Guardian:Reroute+1","Guardian:ConstructionForm","Slimebound:Nibble","Guardian:ShieldCharger","Guardian:FloatingOrbs","Guardian:StasisField","expansioncontent:DashGenerateEvil+1","Guardian:RollAttack+1","Guardian:DonusPower+1","Guardian:StasisStrike"],"relics":["Guardian:ModeShifter","War Paint","Letter Opener","Smiling Mask","Snecko Eye","Anchor","Nunchaku","InkBottle","Bag of Preparation","Pen Nib","Black Star","StoneCalendar","Oddly Smooth Stone","Lantern","PreservedInsect","downfall:HeartBlessingRed","downfall:HeartBlessingBlue","downfall:HeartBlessingGreen","Shuriken","Centennial Puzzle"],"acts_visited":["Exordium","TheCity","TheBeyond","TheEnding"],"potions_floor_usage":[56,56],"damage_taken":[{"damage":1.0,"enemies":"Cultist","floor":2.0,"turns":3.0},{"damage":0.0,"enemies":"Small Slimes","floor":3.0,"turns":3.0},{"damage":3.0,"enemies":"Jaw Worm","floor":4.0,"turns":3.0},{"damage":3.0,"enemies":"Large Slime","floor":5.0,"turns":6.0},{"damage":5.0,"enemies":"downfall:FleeingMerchant","floor":6.0,"turns":4.0},{"damage":4.0,"enemies":"2 Fungi Beasts","floor":8.0,"turns":3.0},{"damage":2.0,"enemies":"Lagavulin","floor":9.0,"turns":8.0},{"damage":5.0,"enemies":"3 Louse","floor":10.0,"turns":3.0},{"damage":10.0,"enemies":"Gremlin Gang","floor":13.0,"turns":3.0},{"damage":10.0,"enemies":"downfall:FleeingMerchant","floor":14.0,"turns":4.0},{"damage":0.0,"enemies":"Exordium Thugs","floor":15.0,"turns":3.0},{"damage":7.0,"enemies":"DF_ARCHETYPE_STREAMLINE","floor":16.0,"turns":9.0},{"damage":7.0,"enemies":"Shell Parasite","floor":19.0,"turns":4.0},{"damage":11.0,"enemies":"Gremlin Leader","floor":23.0,"turns":7.0},{"damage":2.0,"enemies":"Spheric Guardian","floor":25.0,"turns":3.0},{"damage":3.0,"enemies":"downfall:FleeingMerchant","floor":26.0,"turns":4.0},{"damage":0.0,"enemies":"3 Cultists","floor":27.0,"turns":3.0},{"damage":9.0,"enemies":"Snake Plant","floor":28.0,"turns":3.0},{"damage":7.0,"enemies":"Slavers","floor":29.0,"turns":4.0},{"damage":0.0,"enemies":"Chosen and Byrds","floor":31.0,"turns":4.0},{"damage":0.0,"enemies":"Snecko","floor":32.0,"turns":3.0},{"damage":32.0,"enemies":"WA_ARCHETYPE_CALM","floor":33.0,"turns":7.0},{"damage":0.0,"enemies":"Orb Walker","floor":36.0,"turns":3.0},{"damage":20.0,"enemies":"2 Orb Walkers","floor":37.0,"turns":4.0},{"damage":18.0,"enemies":"3 Shapes","floor":39.0,"turns":2.0},{"damage":3.0,"enemies":"Giant Head","floor":40.0,"turns":6.0},{"damage":0.0,"enemies":"Jaw Worm Horde","floor":42.0,"turns":5.0},{"damage":9.0,"enemies":"3 Darklings","floor":43.0,"turns":3.0},{"damage":0.0,"enemies":"downfall:FleeingMerchant","floor":44.0,"turns":1.0},{"damage":24.0,"enemies":"Writhing Mass","floor":45.0,"turns":6.0},{"damage":0.0,"enemies":"Spire Growth","floor":46.0,"turns":4.0},{"damage":14.0,"enemies":"Jaw Worm Horde","floor":49.0,"turns":3.0},{"damage":10.0,"enemies":"IC_BLOCK_ARCHETYPE","floor":50.0,"turns":8.0},{"damage":10.0,"enemies":"downfall:CharBossMerchant","floor":52.0,"turns":6.0},{"damage":30.0,"enemies":"downfall:NeowBoss","floor":55.0,"turns":13.0},{"damage":0,"enemies":"downfall:NeowBossFinal","floor":56,"turns":7}],"seed_played":"-2637971488168603729","potions_obtained":[{"floor":4.0,"key":"Weak Potion"},{"floor":5.0,"key":"Explosive Potion"},{"floor":8.0,"key":"PowerPotion"},{"floor":10.0,"key":"EssenceOfSteel"},{"floor":15.0,"key":"Explosive Potion"},{"floor":19.0,"key":"Slimebound:ThreeZeroPotion"},{"floor":23.0,"key":"BlessingOfTheForge"},{"floor":25.0,"key":"AttackPotion"},{"floor":29.0,"key":"EntropicBrew"},{"floor":31.0,"key":"SneckoOil"},{"floor":33.0,"key":"Energy Potion"},{"floor":43.0,"key":"SpeedPotion"},{"floor":45.0,"key":"GamblersBrew"},{"floor":49.0,"key":"GamblersBrew"}],"is_trial":false,"path_per_floor":["R","M","M","M","M","$","T","M","E","M","?","R","M","$","M","B",null,"R","M","?","?","?","E","T","M","$","M","M","E","R","M","M","B",null,"R","M","?","?","M","E","T","M","M","$","M","M","R","$","M","B",null,"E","$","R","B","B",null],"character_chosen":"GUARDIAN","items_purchased":["Guardian:PolyBeam","Bag of Preparation","expansioncontent:DashGenerateEvil","Guardian:StasisStrike"],"campfire_rested":1,"item_purchase_floors":[6,26,48,53],"current_hp_per_floor":[88,87,87,84,81,76,76,72,70,65,65,65,55,45,45,38,88,88,81,81,81,81,70,70,68,65,65,56,49,49,49,49,17,88,88,88,68,68,50,47,47,47,38,38,14,14,53,53,39,29,98,88,88,88,58,58],"gold":3,"neow_bonus":"TEN_PERCENT_HP_BONUS","is_daily":false,"chose_seed":false,"campfire_upgraded":5,"win_rate":0.0,"timestamp":1613209428,"path_taken":["R","M","M","M","M","$","T","M","E","?","?","R","M","$","M","BOSS","R","M","?","?","?","E","T","M","$","M","M","E","R","M","M","BOSS","R","M","?","?","M","E","T","M","M","$","M","?","R","?","M","BOSS","E","$","R","BOSS","BOSS"],"items_purchased_type":["Card","Relic","Card","Card"],"build_version":"2020-12-22","purchased_purges":5,"victory":true,"max_hp_per_floor":[88,88,88,88,88,88,88,88,88,88,88,88,88,88,88,88,88,88,88,88,88,88,88,88,88,88,88,88,88,88,88,88,88,88,88,88,88,88,88,88,88,88,88,88,88,88,98,98,98,98,98,98,98,98,98,98],"card_choices":[{"not_picked":["Guardian:Repulse","Guardian:Gem_Yellow"],"picked":"Guardian:Gem_Cyan","floor":2.0},{"not_picked":["Guardian:PrismaticBarrier","Guardian:TemporalShield"],"picked":"Guardian:Gem_Red","floor":3.0},{"not_picked":["Guardian:ChargeCore","Guardian:Preprogram"],"picked":"Guardian:Reroute","floor":4.0},{"not_picked":["Guardian:Gem_Green","Guardian:Clone"],"picked":"Guardian:SentryBeam","floor":5.0},{"not_picked":["Guardian:Gem_Yellow","Guardian:PrimingBeam"],"picked":"Guardian:Gem_White","floor":6.0},{"not_picked":["Guardian:Gem_Red","Guardian:Gem_White"],"picked":"Guardian:ChargeCore","floor":8.0},{"not_picked":["Guardian:Gem_Red","Guardian:Gem_Lightblue"],"picked":"Guardian:FastForward","floor":9.0},{"not_picked":["Guardian:Incinerate","Guardian:CrystalBeam"],"picked":"Guardian:TimeBomb","floor":10.0},{"not_picked":["Guardian:CrystalBeam","Guardian:RefractedBeam","Guardian:Incinerate"],"picked":"SKIP","floor":13.0},{"not_picked":["Guardian:TemporalStrike","Guardian:Gem_Blue"],"picked":"Guardian:DecasProtection","floor":14.0},{"not_picked":["Guardian:Emergency","Guardian:ArmoredProtocol"],"picked":"Guardian:PiercingHide","floor":15.0},{"not_picked":["Guardian:StasisField","Guardian:AncientConstruct"],"picked":"Guardian:BaubleBeam","floor":16.0},{"not_picked":["Guardian:Reroute","Guardian:Planning","Guardian:PrimingBeam"],"picked":"SKIP","floor":19.0},{"not_picked":["Guardian:Gem_Lightblue","Guardian:Reroute"],"picked":"Guardian:AncientConstruct","floor":23.0},{"not_picked":["Guardian:BodySlam","Guardian:Gem_Lightblue","Guardian:Suspension"],"picked":"SKIP","floor":25.0},{"not_picked":["Guardian:AncientConstruct","Guardian:Recover"],"picked":"Guardian:Gem_Fragmented","floor":26.0},{"not_picked":["Guardian:VentSteam+1","Guardian:Suspension"],"picked":"Guardian:FloatingOrbs","floor":27.0},{"not_picked":["Guardian:Preprogram+1","Guardian:Harden"],"picked":"Guardian:WalkerClaw","floor":28.0},{"not_picked":["Guardian:AncientConstruct","Guardian:PiercingHide","Guardian:Recover"],"picked":"SKIP","floor":29.0},{"not_picked":["Guardian:PrimingBeam","Guardian:Recover","Guardian:Gem_Green"],"picked":"SKIP","floor":31.0},{"not_picked":["Guardian:PrimingBeam","Guardian:VentSteam+1"],"picked":"Guardian:Reroute+1","floor":32.0},{"not_picked":["Guardian:HyperBeam_Guardian","Guardian:RevengeProtocol"],"picked":"Guardian:ConstructionForm","floor":33.0},{"not_picked":["Guardian:PolyBeam","Guardian:Gem_Green","Guardian:ArmoredProtocol"],"picked":"SKIP","floor":36.0},{"not_picked":["Guardian:ChargeCore","Guardian:CrystalBeam+1","Guardian:Suspension+1"],"picked":"SKIP","floor":39.0},{"not_picked":["Guardian:Emergency","Guardian:Suspension"],"picked":"Guardian:ShieldCharger","floor":40.0},{"not_picked":["Guardian:BronzeArmor+1","Guardian:Incinerate+1"],"picked":"Guardian:FloatingOrbs","floor":42.0},{"not_picked":["Guardian:Recover","Guardian:Reroute+1"],"picked":"Guardian:StasisField","floor":43.0},{"not_picked":["Guardian:Gem_Green","Guardian:VentSteam+1","Guardian:PrimingBeam"],"picked":"SKIP","floor":44.0},{"not_picked":["Guardian:EvasiveProtocol","Guardian:WalkerClaw+1","Guardian:CrystalBeam+1"],"picked":"SKIP","floor":45.0},{"not_picked":["Guardian:ArmoredProtocol","Guardian:BronzeArmor+1","Guardian:PrimingBeam+1"],"picked":"SKIP","floor":46.0},{"not_picked":["Guardian:VentSteam+1","Guardian:ShieldCharger"],"picked":"Guardian:RollAttack+1","floor":49.0},{"not_picked":["Guardian:TemporalStrike","Guardian:EvasiveProtocol"],"picked":"Guardian:DonusPower+1","floor":52.0}],"player_experience":1071648,"relics_obtained":[{"floor":7.0,"key":"War Paint"},{"floor":9.0,"key":"Letter Opener"},{"floor":23.0,"key":"InkBottle"},{"floor":29.0,"key":"Pen Nib"},{"floor":37.0,"key":"StoneCalendar"},{"floor":40.0,"key":"Oddly Smooth Stone"},{"floor":40.0,"key":"Lantern"},{"floor":41.0,"key":"PreservedInsect"},{"floor":52.0,"key":"Shuriken"},{"floor":52.0,"key":"Centennial Puzzle"}],"event_choices":[{"damage_healed":0.0,"max_hp_gain":0.0,"max_hp_loss":0.0,"gold_gain":0.0,"event_name":"Big Fish","player_choice":"Box","floor":11.0,"gold_loss":0.0,"damage_taken":0.0,"relics_obtained":["Smiling Mask"],"cards_obtained":["Regret"]},{"damage_healed":0.0,"max_hp_gain":0.0,"max_hp_loss":0.0,"gold_gain":0.0,"event_name":"Addict","player_choice":"Stole Relic","floor":21.0,"gold_loss":0.0,"damage_taken":0.0,"relics_obtained":["Nunchaku"],"cards_obtained":["Pride"]},{"damage_healed":0.0,"max_hp_gain":0.0,"max_hp_loss":0.0,"gold_gain":0.0,"event_name":"Mysterious Sphere","player_choice":"Fight","floor":37.0,"gold_loss":0.0,"damage_taken":0.0},{"cards_removed":["Guardian:PiercingHide"],"damage_healed":0.0,"max_hp_gain":0.0,"max_hp_loss":0.0,"gold_gain":0.0,"event_name":"NoteForYourself","player_choice":"Took Card","floor":38.0,"gold_loss":0.0,"damage_taken":0.0,"cards_obtained":["Slimebound:Nibble"]}],"is_beta":false,"boss_relics":[{"not_picked":["Coffee Dripper","Cursed Key"],"picked":"Snecko Eye"},{"not_picked":["Guardian:StasisSlotReductionRelic","Tiny House"],"picked":"Black Star"}],"items_purged_floors":[6,14,26,44,48],"is_endless":false,"potions_floor_spawned":[4,5,8,10,13,15,19,23,25,29,31,33,43,45,49],"ascension_level":0}}