{"host":"67z713vnjolu4670","time":1613213518,"event":{"mods":["Act Like it!","BaseMod","Colored Map","Colored Powertips","Downfall","Gensokyo","Highlight Path","Minty Spire (QoL Compilation)","Replay The Spire","StSLib","The Animator","The Jungle"],"gold_per_floor":[116,30,60,80,134,134,134,134,187,187,221,29,84,84,84,84,84],"floor_reached":16,"language":"ZHS","playtime":971,"items_purged":[],"score":106,"play_id":"08f688c0-c453-4b50-822f-7007262843c0","local_time":"20210213185158","is_ascension_mode":false,"campfire_choices":[{"floor":6,"key":"RECALL"},{"floor":8,"key":"REST"},{"data":"animator:Genos","floor":10,"key":"SMITH"},{"floor":15,"key":"REST"}],"circlet_count":0,"master_deck":["animator:Strike_Konosuba","animator:Defend_Konosuba","animator:Kazuma","animator:Aqua","animator:Genos+1","animator:Strike_GATE","animator:Strike_OnePunchMan","animator:Strike_NoGameNoLife+1","animator:Defend_MadokaMagica","animator:Defend_AccelWorld","animator:Defend_OwariNoSeraph","animator:ElricEdward+1","animator:RoyMustang","animator:Tatsumaki","animator:Gilgamesh+1"],"relics":["animator:LivingPicture","animator:TheMissingPiece","NeowsBlessing","Gremlin Horn","Replay:Accelerometer","animator:HeavyHalberd"],"acts_visited":["Exordium"],"potions_floor_usage":[11,13],"damage_taken":[{"damage":0,"enemies":"Cultist","floor":1,"turns":1},{"damage":0,"enemies":"Small Slimes","floor":3,"turns":1},{"damage":0,"enemies":"Jaw Worm","floor":4,"turns":1},{"damage":25,"enemies":"3 Sentries","floor":11,"turns":5},{"damage":32,"enemies":"Lagavulin","floor":13,"turns":5},{"damage":39,"enemies":"Slime Boss","floor":16,"turns":3}],"seed_played":"5588426668489324138","potions_obtained":[{"floor":1,"key":"Swift Potion"},{"floor":4,"key":"GamblersBrew"},{"floor":5,"key":"SneckoOil"}],"is_trial":false,"path_per_floor":["M","?","M","M","?","R","?","R","T","R","E","$","E","?","R","B"],"character_chosen":"THE_ANIMATOR","items_purchased":["animator:Gilgamesh","Adrenaline Potion"],"campfire_rested":2,"item_purchase_floors":[12,12],"current_hp_per_floor":[66,66,66,67,51,51,38,58,58,58,35,35,5,5,25,0,0],"gold":84,"neow_bonus":"THREE_ENEMY_KILL","is_daily":false,"chose_seed":false,"campfire_upgraded":1,"win_rate":0.0,"timestamp":1613213518,"path_taken":["M","?","M","M","?","R","?","R","T","R","E","$","E","?","R","BOSS"],"items_purchased_type":["Card","Potion"],"build_version":"2020-12-22","purchased_purges":0,"victory":false,"max_hp_per_floor":[66,66,66,67,67,67,67,67,67,67,67,67,67,67,67,67,67],"card_choices":[{"not_picked":["animator:Ain","animator:Chris"],"picked":"animator:Genos","floor":1},{"not_picked":["animator:Sloth","animator:IrohaTamaki"],"picked":"animator:ElricEdward","floor":3},{"not_picked":["animator:Elsword","animator:Raven"],"picked":"animator:RoyMustang","floor":4},{"not_picked":["animator:Ciel","animator:MaesHughes"],"picked":"animator:Tatsumaki","floor":5},{"not_picked":["animator:Melzalgald","animator:MamiTomoe","animator:SilverFang"],"picked":"SKIP","floor":13}],"player_experience":13261,"relics_obtained":[{"floor":5,"key":"Gremlin Horn"},{"floor":11,"key":"Replay:Accelerometer"},{"floor":13,"key":"animator:HeavyHalberd"}],"event_choices":[{"damage_healed":0,"gold_gain":0,"player_choice":"Entered Light","damage_taken":13,"max_hp_gain":0,"max_hp_loss":0,"event_name":"Shining Light","floor":7,"gold_loss":0,"cards_upgraded":["animator:ElricEdward","animator:Strike_NoGameNoLife"]},{"damage_healed":0,"gold_gain":0,"player_choice":"Ignored","damage_taken":0,"max_hp_gain":0,"max_hp_loss":0,"event_name":"Liars Game","floor":14,"gold_loss":0}],"is_beta":false,"boss_relics":[],"items_purged_floors":[],"is_endless":false,"potions_floor_spawned":[1,4],"killed_by":"Slime Boss","ascension_level":0}}