{"host":"vz6qv7tthcp8jtis","time":1613252070,"event":{"mods":["BaseMod","Block Reminder","Colored Map","Highlight Path","Keyboard Shortcuts","Minty Spire (QoL Compilation)","Relic Stats"],"gold_per_floor":[118,130,130,130,146,146,71,106,129,169,169,204,204,204,204,317,317,336,345,40,63,63,105,105,148,175,216,216,234,260,280,280,375,402,426,449,469,369,381,408,433,457,457,489,489,521,539,572,572,572,572,572,244,278,278,278],"floor_reached":55,"language":"ENG","playtime":3309,"items_purged":["Strike_R","Defend_R","Strike_R"],"score":1004,"play_id":"9a06629b-7f9a-4602-bed7-1b6389b24f55","local_time":"20210213223430","is_ascension_mode":true,"campfire_choices":[{"data":"Spot Weakness","floor":6,"key":"SMITH"},{"data":"Double Tap","floor":11,"key":"SMITH"},{"data":"Uppercut","floor":13,"key":"SMITH"},{"data":"Inflame","floor":15,"key":"SMITH"},{"data":"Berserk","floor":24,"key":"SMITH"},{"floor":28,"key":"DIG"},{"data":"Armaments","floor":32,"key":"SMITH"},{"floor":45,"key":"REST"},{"floor":49,"key":"RECALL"},{"floor":52,"key":"DIG"}],"circlet_count":0,"master_deck":["Defend_R","Bash+1","Inflame+1","Sword Boomerang","Spot Weakness+1","Uppercut+1","Inflame+1","Sword Boomerang","Double Tap+1","Power Through","Berserk+1","Heavy Blade","Iron Wave+1","Seeing Red+1","Warcry+1","Armaments+1","Sword Boomerang+1","Ghostly Armor","Headbutt+1","Thunderclap+1","Feel No Pain+1","True Grit+1","Shrug It Off","Infernal Blade+1","Flex","Reaper+1","Infernal Blade+1"],"relics":["Black Blood","CeramicFish","Nunchaku","Pear","Centennial Puzzle","Red Skull","HandDrill","Mercury Hourglass","Gambling Chip","Bag of Marbles","Shovel","Orichalcum","Astrolabe","Ancient Tea Set","Blood Vial","Potion Belt","Ice Cream","Kunai","Whetstone","HornCleat"],"acts_visited":["Exordium","TheCity","TheBeyond","TheEnding"],"potions_floor_usage":[23,25,27,33,37,40,40,55,55,55,55,55],"damage_taken":[{"damage":14,"enemies":"Cultist","floor":1,"turns":5},{"damage":5,"enemies":"Small Slimes","floor":2,"turns":3},{"damage":0,"enemies":"2 Louse","floor":5,"turns":2},{"damage":16,"enemies":"Gremlin Nob","floor":8,"turns":3},{"damage":30,"enemies":"3 Sentries","floor":10,"turns":5},{"damage":13,"enemies":"Lagavulin","floor":12,"turns":4},{"damage":0,"enemies":"Slime Boss","floor":16,"turns":6},{"damage":9,"enemies":"Chosen","floor":18,"turns":4},{"damage":36,"enemies":"Shell Parasite","floor":21,"turns":4},{"damage":41,"enemies":"Book of Stabbing","floor":23,"turns":5},{"damage":42,"enemies":"Gremlin Leader","floor":25,"turns":3},{"damage":20,"enemies":"Slavers","floor":27,"turns":4},{"damage":1,"enemies":"Sentry and Sphere","floor":29,"turns":3},{"damage":8,"enemies":"Centurion and Healer","floor":30,"turns":3},{"damage":21,"enemies":"Snecko","floor":31,"turns":5},{"damage":55,"enemies":"Automaton","floor":33,"turns":7},{"damage":8,"enemies":"Orb Walker","floor":35,"turns":3},{"damage":3,"enemies":"3 Darklings","floor":36,"turns":3},{"damage":8,"enemies":"Jaw Worm Horde","floor":37,"turns":3},{"damage":43,"enemies":"4 Shapes","floor":39,"turns":4},{"damage":54,"enemies":"Reptomancer","floor":40,"turns":4},{"damage":24,"enemies":"Maw","floor":41,"turns":5},{"damage":1,"enemies":"Writhing Mass","floor":42,"turns":2},{"damage":23,"enemies":"Giant Head","floor":44,"turns":6},{"damage":9,"enemies":"Nemesis","floor":46,"turns":5},{"damage":42,"enemies":"Sphere and 2 Shapes","floor":47,"turns":4},{"damage":9,"enemies":"Reptomancer","floor":48,"turns":5},{"damage":71,"enemies":"Time Eater","floor":50,"turns":8},{"damage":43,"enemies":"Shield and Spear","floor":54,"turns":4},{"damage":123,"enemies":"The Heart","floor":55,"turns":8}],"seed_played":"2076600535297488055","potions_obtained":[{"floor":1,"key":"Explosive Potion"},{"floor":2,"key":"BloodPotion"},{"floor":10,"key":"Swift Potion"},{"floor":23,"key":"AttackPotion"},{"floor":31,"key":"Energy Potion"},{"floor":33,"key":"Explosive Potion"},{"floor":35,"key":"SteroidPotion"},{"floor":40,"key":"BloodPotion"},{"floor":41,"key":"Fire Potion"},{"floor":42,"key":"Fire Potion"},{"floor":46,"key":"Explosive Potion"}],"is_trial":false,"path_per_floor":["M","M","?","?","M","R","$","E","T","E","R","E","R","?","R","B",null,"M","?","$","M","?","E","R","E","T","E","R","M","M","M","R","B",null,"M","M","M","$","M","E","M","M","T","E","R","E","M","E","R","B",null,"R","$","E","B"],"character_chosen":"IRONCLAD","items_purchased":["Red Skull","HandDrill","BloodPotion","Whetstone"],"campfire_rested":1,"item_purchase_floors":[20,20,53,53],"current_hp_per_floor":[64,65,65,65,71,71,71,61,61,47,47,40,40,40,40,46,106,106,106,106,82,106,77,77,47,47,39,39,50,54,45,45,23,106,106,106,106,106,75,33,21,32,32,21,52,57,51,56,56,16,106,106,106,75,0,0],"gold":278,"neow_bonus":"TWENTY_PERCENT_HP_BONUS","is_daily":false,"chose_seed":false,"campfire_upgraded":6,"win_rate":0.0,"timestamp":1613252070,"path_taken":["M","M","?","?","?","R","$","E","T","E","R","E","R","?","R","BOSS","M","?","$","M","?","E","R","E","T","E","R","M","M","M","R","BOSS","M","M","M","$","M","E","M","?","T","E","R","E","M","E","R","BOSS","R","$","E","BOSS"],"items_purchased_type":["Relic","Relic","Potion","Relic"],"build_version":"2020-12-22","purchased_purges":3,"victory":false,"max_hp_per_floor":[96,96,96,96,96,96,96,96,96,106,106,106,106,106,106,106,106,106,106,106,106,106,106,106,106,106,106,106,106,106,106,106,106,106,106,106,106,106,106,106,106,106,106,106,106,106,106,106,106,106,106,106,106,106,106,106],"relic_stats":{"counters":[30,130],"CeramicFish":189,"Astrolabe":["Headbutt","Thunderclap","Feel No Pain"],"Black Blood":286,"Whetstone":["Reaper","Bash"],"Orichalcum":[114],"Mercury Hourglass":[356],"Blood Vial":10,"Nunchaku":[19],"Centennial Puzzle":[69],"Shovel":2,"Gambling Chip":[67],"HandDrill":[46],"Kunai":[3],"obtain_stats":[{"Potion Belt":46,"Ice Cream":48,"Pear":10,"CeramicFish":8,"Astrolabe":34,"Black Blood":17,"Whetstone":53,"Orichalcum":28,"Ancient Tea Set":40,"Burning Blood":0,"Mercury Hourglass":23,"Blood Vial":44,"Nunchaku":9,"Centennial Puzzle":12,"Shovel":27,"HornCleat":54,"Gambling Chip":25,"HandDrill":20,"Bag of Marbles":26,"Kunai":52,"Red Skull":20},{"Potion Belt":25,"Ice Cream":27,"Pear":5,"CeramicFish":4,"Astrolabe":16,"Black Blood":7,"Whetstone":28,"Orichalcum":12,"Ancient Tea Set":21,"Burning Blood":0,"Mercury Hourglass":10,"Blood Vial":24,"Nunchaku":4,"Centennial Puzzle":6,"Shovel":12,"HornCleat":29,"Gambling Chip":11,"HandDrill":8,"Bag of Marbles":11,"Kunai":28,"Red Skull":8},{"Potion Belt":101,"Ice Cream":110,"Pear":18,"CeramicFish":13,"Astrolabe":66,"Black Blood":28,"Whetstone":118,"Orichalcum":48,"Ancient Tea Set":83,"Burning Blood":0,"Mercury Hourglass":41,"Blood Vial":96,"Nunchaku":13,"Centennial Puzzle":22,"Shovel":48,"HornCleat":122,"Gambling Chip":44,"HandDrill":32,"Bag of Marbles":44,"Kunai":118,"Red Skull":32}]},"card_choices":[{"not_picked":["Pommel Strike","Dark Embrace"],"picked":"Inflame","floor":1},{"not_picked":["Headbutt","Flame Barrier"],"picked":"Sword Boomerang","floor":2},{"not_picked":["Feel No Pain","Havoc"],"picked":"Inflame","floor":5},{"not_picked":["Clash","Cleave"],"picked":"Sword Boomerang","floor":8},{"not_picked":["Clash","Body Slam"],"picked":"Double Tap","floor":10},{"not_picked":["Sword Boomerang","Sever Soul"],"picked":"Power Through","floor":12},{"not_picked":["Fiend Fire","Demon Form"],"picked":"Berserk","floor":16},{"not_picked":["Anger","Wild Strike"],"picked":"Heavy Blade","floor":18},{"not_picked":["Second Wind+1","Havoc"],"picked":"Iron Wave+1","floor":21},{"not_picked":["Disarm","Inflame"],"picked":"Seeing Red+1","floor":23},{"not_picked":["Inflame","Perfected Strike+1"],"picked":"Warcry+1","floor":25},{"not_picked":["Perfected Strike","Warcry+1"],"picked":"Armaments","floor":27},{"not_picked":["Thunderclap","Evolve","Metallicize+1"],"picked":"SKIP","floor":29},{"not_picked":["Clothesline","Rupture"],"picked":"Sword Boomerang+1","floor":30},{"not_picked":["Dark Embrace","Headbutt+1"],"picked":"Ghostly Armor","floor":31},{"not_picked":["Warcry+1","Iron Wave"],"picked":"True Grit+1","floor":35},{"not_picked":["Dark Embrace","Carnage+1"],"picked":"Shrug It Off","floor":36},{"not_picked":["Battle Trance+1","Clothesline+1"],"picked":"Infernal Blade+1","floor":37},{"not_picked":["Clothesline+1","Clash+1","Hemokinesis+1"],"picked":"SKIP","floor":39},{"not_picked":["Headbutt","Pommel Strike","Warcry+1"],"picked":"SKIP","floor":40},{"not_picked":["Iron Wave+1","Clash+1"],"picked":"Flex","floor":41},{"not_picked":["Headbutt+1","Shockwave"],"picked":"Reaper","floor":42},{"not_picked":["Headbutt","Warcry+1","Sword Boomerang"],"picked":"SKIP","floor":44},{"not_picked":["Heavy Blade","Body Slam+1","Twin Strike+1"],"picked":"SKIP","floor":46},{"not_picked":["Body Slam+1","Entrench+1","Inflame"],"picked":"SKIP","floor":47},{"not_picked":["Warcry+1","Double Tap","Armaments+1"],"picked":"SKIP","floor":48},{"not_picked":["Metallicize+1","Reaper"],"picked":"Infernal Blade+1","floor":54}],"player_experience":142102,"relics_obtained":[{"floor":8,"key":"CeramicFish"},{"floor":9,"key":"Nunchaku"},{"floor":10,"key":"Pear"},{"floor":12,"key":"Centennial Puzzle"},{"floor":23,"key":"Mercury Hourglass"},{"floor":25,"key":"Gambling Chip"},{"floor":26,"key":"Bag of Marbles"},{"floor":27,"key":"Shovel"},{"floor":28,"key":"Orichalcum"},{"floor":40,"key":"Ancient Tea Set"},{"floor":44,"key":"Blood Vial"},{"floor":46,"key":"Potion Belt"},{"floor":48,"key":"Ice Cream"},{"floor":52,"key":"Kunai"},{"floor":54,"key":"HornCleat"}],"event_choices":[{"damage_healed":0,"gold_gain":0,"cards_transformed":["Defend_R"],"player_choice":"Change","damage_taken":0,"max_hp_gain":0,"max_hp_loss":0,"event_name":"Living Wall","floor":3,"gold_loss":0,"cards_obtained":["Spot Weakness"]},{"damage_healed":0,"gold_gain":0,"cards_transformed":["Strike_R"],"player_choice":"Transformed","damage_taken":0,"max_hp_gain":0,"max_hp_loss":0,"event_name":"Transmorgrifier","floor":4,"gold_loss":0,"cards_obtained":["Uppercut"]},{"damage_healed":0,"gold_gain":0,"player_choice":"Forge","damage_taken":0,"max_hp_gain":0,"max_hp_loss":0,"event_name":"Accursed Blacksmith","floor":14,"gold_loss":0,"cards_upgraded":["Inflame"]},{"damage_healed":0,"gold_gain":0,"player_choice":"Read","damage_taken":0,"max_hp_gain":0,"max_hp_loss":0,"event_name":"The Library","floor":19,"gold_loss":0,"cards_obtained":["Dual Wield"]},{"cards_removed":["Dual Wield"],"damage_healed":24,"gold_gain":0,"player_choice":"Offered Uncommon","damage_taken":0,"max_hp_gain":0,"max_hp_loss":0,"event_name":"Bonfire Elementals","floor":22,"gold_loss":0}],"is_beta":false,"boss_relics":[{"not_picked":["Cursed Key","Philosopher\u0027s Stone"],"picked":"Black Blood"},{"not_picked":["Busted Crown","Runic Cube"],"picked":"Astrolabe"}],"items_purged_floors":[7,38,53],"is_endless":false,"potions_floor_spawned":[1,2,10,23,31,33,35,40,41,42,46],"killed_by":"The Heart","ascension_level":2}}