{"host":"rylkjufw9dlhr07b","time":1613210675,"event":{"mods":["AchievementEnabler","BaseMod","Better Note","BetterRewards","Hubris","Minty Spire (QoL Compilation)","Quick Restart","StSLib"],"gold_per_floor":[117,117,131,96,96,96,96,122,146,296,316,335,335,352,352,426,426,444,444,464,464,444,444,470,395,395,414,414,104,131,34,34,108,108,119,69,69,0,0,12,32,32,32,48,48,174,187,187,187,187,187],"floor_reached":50,"language":"FRA","playtime":1778,"items_purged":[],"score":1223,"play_id":"730d4273-049b-40d8-bbbf-54a5719a0eb2","local_time":"20210213110435","is_ascension_mode":true,"campfire_choices":[{"floor":6.0,"key":"REST"},{"data":"Distraction","floor":15.0,"key":"SMITH"},{"data":"Dodge and Roll","floor":23.0,"key":"SMITH"},{"data":"hubris:Counter","floor":32.0,"key":"SMITH"},{"data":"Deadly Poison","floor":49,"key":"SMITH"}],"circlet_count":0,"master_deck":["AscendersBane","Strike_G+1","Strike_G+1","Strike_G+1","Strike_G+1","Strike_G+1","Defend_G+1","Defend_G+1","Defend_G+1","Defend_G+1","Defend_G+1","Survivor","Neutralize","Bouncing Flask","Dodge and Roll+1","Poisoned Stab","Deadly Poison+1","Sucker Punch","Caltrops","Quick Slash","Poisoned Stab","Distraction+1","Outmaneuver","Flying Knee","A Thousand Cuts","Caltrops","Bandage Up","Deadly Poison","Bouncing Flask","Venomology","Noxious Fumes+1","Finesse","hubris:Counter+1","Cloak And Dagger","Venomology","Footwork","Bane","Tactician","Flechettes+1","Dodge and Roll","Dodge and Roll"],"relics":["Ring of the Snake","War Paint","Oddly Smooth Stone","Art of War","MealTicket","Toy Ornithopter","Membership Card","Mango","hubris:Towel","Pantograph","PreservedInsect","hubris:ScarierMask","Juzu Bracelet","hubris:Zylophone","Ninja Scroll","Pear","Vajra","hubris:SlimyHat","Philosopher\u0027s Stone","Red Mask","Mummified Hand","hubris:Icosahedron","hubris:Reverence"],"acts_visited":["Exordium","TheCity","TheBeyond"],"potions_floor_usage":[33,33,35,40,41,44,44,46,46,46,50,50,50],"damage_taken":[{"damage":0.0,"enemies":"2 Louse","floor":1.0,"turns":3.0},{"damage":0.0,"enemies":"Small Slimes","floor":3.0,"turns":3.0},{"damage":6.0,"enemies":"Lagavulin","floor":8.0,"turns":7.0},{"damage":7.0,"enemies":"Jaw Worm","floor":11.0,"turns":3.0},{"damage":2.0,"enemies":"3 Louse","floor":12.0,"turns":3.0},{"damage":9.0,"enemies":"Large Slime","floor":14.0,"turns":6.0},{"damage":35.0,"enemies":"Hexaghost","floor":16.0,"turns":9.0},{"damage":10.0,"enemies":"Spheric Guardian","floor":18.0,"turns":4.0},{"damage":7.0,"enemies":"2 Thieves","floor":20.0,"turns":4.0},{"damage":19.0,"enemies":"Slavers","floor":24.0,"turns":4.0},{"damage":8.0,"enemies":"3 Cultists","floor":27.0,"turns":5.0},{"damage":35.0,"enemies":"Gremlin Leader","floor":30.0,"turns":6.0},{"damage":73,"enemies":"hubris:MusketHawk","floor":33,"turns":9},{"damage":13,"enemies":"Orb Walker","floor":35,"turns":4},{"damage":10,"enemies":"3 Darklings","floor":40,"turns":5},{"damage":7,"enemies":"4 Shapes","floor":41,"turns":3},{"damage":25,"enemies":"Writhing Mass","floor":44,"turns":4},{"damage":32,"enemies":"Giant Head","floor":46,"turns":7},{"damage":9,"enemies":"Jaw Worm Horde","floor":47,"turns":3},{"damage":116,"enemies":"Time Eater","floor":50,"turns":6}],"seed_played":"-1122095383857737459","potions_obtained":[{"floor":3.0,"key":"ColorlessPotion"},{"floor":11.0,"key":"SteroidPotion"},{"floor":20.0,"key":"ColorlessPotion"},{"floor":22.0,"key":"Strength Potion"},{"floor":24.0,"key":"Block Potion"},{"floor":33,"key":"GhostInAJar"},{"floor":40,"key":"ColorlessPotion"},{"floor":44,"key":"Block Potion"},{"floor":46,"key":"Poison Potion"}],"is_trial":false,"path_per_floor":["M","?","M","?","?","R","?","E","T","?","M","M","?","M","R","B",null,"M","?","M","?","?","R","E","?","T","M","T","$","E","$","R","B",null,"M","?","$","?","$","M","M","?","T","M","?","E","M","?","R","B"],"character_chosen":"THE_SILENT","items_purchased":["Bouncing Flask","War Paint","Oddly Smooth Stone","Art of War","Dodge and Roll","MealTicket","Toy Ornithopter","Poisoned Stab","Membership Card","Deadly Poison","Mango","Sucker Punch","Caltrops","Noxious Fumes","Pear","Finesse","hubris:Counter","Cloak And Dagger","BlessingOfTheForge","PowerPotion","hubris:SlimyHat","PowerPotion"],"campfire_rested":1,"item_purchase_floors":[0,0,0,0,0,0,0,0,0,0,0,0,0,29,29,29,29,29,29,29,31,31],"current_hp_per_floor":[31,31,31,51,51,75,80,79,79,79,72,70,73,64,64,58,81,71,71,68,68,68,68,58,58,58,64,64,89,63,78,78,30,81,77,77,92,92,98,92,90,90,90,75,75,62,53,53,53,0,0],"gold":187,"neow_bonus":"","is_daily":false,"chose_seed":false,"campfire_upgraded":4,"win_rate":0.0,"timestamp":1613210675,"path_taken":["M","?","M","?","?","R","?","E","T","?","?","M","?","M","R","BOSS","M","?","?","?","?","R","E","?","T","M","?","$","E","?","R","BOSS","M","?","$","?","$","M","M","?","T","M","?","E","M","?","R","BOSS"],"items_purchased_type":["Card","Relic","Relic","Relic","Card","Relic","Relic","Card","Relic","Card","Relic","Card","Card","Card","Relic","Card","Card","Card","Potion","Potion","Relic","Potion"],"build_version":"2020-12-22","purchased_purges":0,"victory":false,"max_hp_per_floor":[80,80,80,80,80,80,85,85,85,85,85,85,88,88,88,88,88,88,88,88,88,88,88,88,88,88,88,88,98,98,98,98,98,98,98,98,98,98,98,98,98,98,98,98,98,98,98,98,98,98,98],"card_choices":[{"not_picked":["Dagger Throw","hubris:SlightOfHand"],"picked":"Quick Slash","floor":1.0},{"not_picked":["Blade Dance","Prepared","Outmaneuver"],"picked":"SKIP","floor":3.0},{"not_picked":["Endless Agony","Choke"],"picked":"Poisoned Stab","floor":8.0},{"not_picked":["Sucker Punch","Acrobatics"],"picked":"Distraction","floor":11.0},{"not_picked":["Reflex","Endless Agony"],"picked":"Outmaneuver","floor":12.0},{"not_picked":["Quick Slash","Wraith Form v2"],"picked":"Flying Knee","floor":14.0},{"not_picked":["Glass Knife","Grand Finale"],"picked":"A Thousand Cuts","floor":16.0},{"not_picked":["Slice+1","Tactician+1"],"picked":"Caltrops","floor":18.0},{"not_picked":["Outmaneuver","Quick Slash"],"picked":"Deadly Poison","floor":20.0},{"not_picked":["Deflect+1","Infinite Blades"],"picked":"Bouncing Flask","floor":24.0},{"not_picked":["Cloak And Dagger","Bouncing Flask"],"picked":"Venomology","floor":27.0},{"not_picked":["Slice","hubris:SlightOfHand"],"picked":"Dagger Spray","floor":30.0},{"not_picked":["Grand Finale","Bullet Time"],"picked":"Venomology","floor":33},{"not_picked":["Deadly Poison","Underhanded Strike"],"picked":"Footwork","floor":35},{"not_picked":["Flying Knee","Slice"],"picked":"Bane","floor":40},{"not_picked":["Choke","Dagger Spray"],"picked":"Blade Dance","floor":41},{"not_picked":["Prepared","Sucker Punch"],"picked":"Flechettes+1","floor":44},{"not_picked":["Outmaneuver","Sucker Punch"],"picked":"Dodge and Roll","floor":46},{"not_picked":["PiercingWail","Dagger Throw"],"picked":"Dodge and Roll","floor":47}],"player_experience":588609,"relics_obtained":[{"floor":8.0,"key":"Pantograph"},{"floor":9.0,"key":"PreservedInsect"},{"floor":24.0,"key":"Juzu Bracelet"},{"floor":26.0,"key":"hubris:Zylophone"},{"floor":28.0,"key":"Ninja Scroll"},{"floor":30.0,"key":"Vajra"},{"floor":43,"key":"Mummified Hand"},{"floor":46,"key":"hubris:Reverence"}],"event_choices":[{"damage_healed":0.0,"max_hp_gain":0.0,"max_hp_loss":0.0,"gold_gain":0.0,"event_name":"Shining Light","player_choice":"Ignored","floor":2.0,"gold_loss":0.0,"damage_taken":0.0},{"damage_healed":20.0,"max_hp_gain":0.0,"max_hp_loss":0.0,"gold_gain":0.0,"event_name":"The Cleric","player_choice":"Healed","floor":4.0,"gold_loss":35.0,"damage_taken":0.0},{"damage_healed":0.0,"max_hp_gain":5.0,"max_hp_loss":0.0,"gold_gain":0.0,"event_name":"Big Fish","player_choice":"Donut","floor":7.0,"gold_loss":0.0,"damage_taken":0.0},{"damage_healed":0.0,"max_hp_gain":0.0,"max_hp_loss":0.0,"gold_gain":150.0,"event_name":"Liars Game","player_choice":"AGREE","floor":10.0,"gold_loss":0.0,"damage_taken":0.0,"cards_obtained":["Doubt"]},{"cards_removed":["Bouncing Flask"],"damage_healed":0.0,"max_hp_gain":0.0,"max_hp_loss":0.0,"gold_gain":0.0,"event_name":"betterNote:BetterNote","player_choice":"Take \u0026 Give","floor":19.0,"gold_loss":0.0,"damage_taken":0.0,"cards_obtained":["Bandage Up"]},{"damage_healed":0.0,"max_hp_gain":0.0,"max_hp_loss":0.0,"gold_gain":0.0,"event_name":"Back to Basics","player_choice":"Simplicity","floor":21.0,"gold_loss":0.0,"damage_taken":0.0,"cards_upgraded":["Strike_G","Strike_G","Strike_G","Strike_G","Strike_G","Defend_G","Defend_G","Defend_G"]},{"damage_healed":0.0,"max_hp_gain":0.0,"max_hp_loss":0.0,"gold_gain":0.0,"event_name":"The Woman in Blue","player_choice":"Bought 1 Potion","floor":22.0,"gold_loss":0.0,"damage_taken":0.0},{"cards_removed":["Doubt"],"damage_healed":0.0,"max_hp_gain":0.0,"max_hp_loss":0.0,"gold_gain":0.0,"event_name":"Beggar","player_choice":"Gave Gold","floor":25.0,"gold_loss":75.0,"damage_taken":0.0},{"damage_healed":0,"gold_gain":0,"player_choice":"Upgrade","damage_taken":0,"max_hp_gain":0,"max_hp_loss":0,"event_name":"Designer","floor":36,"gold_loss":50,"cards_upgraded":["Noxious Fumes"]},{"damage_healed":0,"gold_gain":0,"player_choice":"Paid","damage_taken":0,"relics_obtained":["Red Mask"],"max_hp_gain":0,"max_hp_loss":0,"event_name":"Tomb of Lord Red Mask","floor":38,"gold_loss":69},{"damage_healed":0,"gold_gain":0,"cards_transformed":["Blade Dance"],"player_choice":"Transformed","damage_taken":0,"max_hp_gain":0,"max_hp_loss":0,"event_name":"Transmorgrifier","floor":42,"gold_loss":0,"cards_obtained":["Tactician"]},{"cards_removed":["Dagger Spray"],"damage_healed":0,"gold_gain":0,"player_choice":"Removed Attack","damage_taken":0,"max_hp_gain":0,"max_hp_loss":0,"event_name":"Falling","floor":48,"gold_loss":0}],"is_beta":false,"boss_relics":[{"not_picked":["hubris:RunicObelisk","Runic Dome"],"picked":"hubris:ScarierMask"},{"not_picked":["Velvet Choker","hubris:CrackedHourglass"],"picked":"Philosopher\u0027s Stone"}],"items_purged_floors":[],"is_endless":false,"potions_floor_spawned":[3,11,20,24,33,40,41,44,46],"killed_by":"Time Eater","ascension_level":15}}