{"host":"4anqaax1ytd3l1k1","time":1613187154,"event":{"mods":["2.2 Compatiblity","AlwaysNeverKeys","BaseMod","BetterRewards","Hermit","HexUI Lib","Minty Spire (QoL Compilation)","StSLib","The Servant 0.9.4","The Showman","The Vixen"],"gold_per_floor":[113,130,149,159,178,178,195,222,222,232,232,232,249,249,249,352,352,372,372,372],"floor_reached":19,"language":"ENG","playtime":2124,"items_purged":[],"score":173,"play_id":"41af1347-5cc5-4915-ad18-b4b4878f2540","local_time":"20210213143234","is_ascension_mode":false,"campfire_choices":[{"floor":6,"key":"REST"},{"floor":12,"key":"REST"},{"floor":15,"key":"REST"}],"circlet_count":0,"master_deck":["Strike_S","Strike_S","Strike_S","Strike_S","Defend_S","Defend_S","Defend_S","Defend_S","KidneyShot","Exchange","ShatteredReality","Replace","GearUp","Rearm","Potential","Alleviate","Advance","FastForward","RealityMarble","Sunlight","Revamp+1"],"relics":["Uniform","Toy Ornithopter","Bottled Flame","White Beast Statue","Tiny Chest","SlaversCollar"],"acts_visited":["Exordium","TheCity"],"potions_floor_usage":[8,10,16,16,19],"damage_taken":[{"damage":1,"enemies":"Jaw Worm","floor":1,"turns":5},{"damage":2,"enemies":"Cultist","floor":2,"turns":4},{"damage":7,"enemies":"Small Slimes","floor":3,"turns":3},{"damage":13,"enemies":"3 Louse","floor":4,"turns":3},{"damage":20,"enemies":"Gremlin Gang","floor":5,"turns":7},{"damage":13,"enemies":"Red Slaver","floor":7,"turns":4},{"damage":31,"enemies":"Gremlin Nob","floor":8,"turns":5},{"damage":0,"enemies":"Large Slime","floor":10,"turns":7},{"damage":13,"enemies":"Exordium Thugs","floor":13,"turns":5},{"damage":17,"enemies":"The Guardian","floor":16,"turns":14},{"damage":20,"enemies":"2 Thieves","floor":18,"turns":5},{"damage":50,"enemies":"3 Byrds","floor":19,"turns":7}],"seed_played":"922214883963681683","potions_obtained":[{"floor":2,"key":"SkillPotion"},{"floor":4,"key":"Block Potion"},{"floor":10,"key":"Strength Potion"},{"floor":11,"key":"LiquidBronze"},{"floor":11,"key":"SpeedPotion"},{"floor":16,"key":"Block Potion"},{"floor":18,"key":"GamblersBrew"}],"is_trial":false,"path_per_floor":["M","M","M","M","M","R","M","E","T","M","?","R","M","?","R","B",null,"M","M"],"character_chosen":"THE_SERVANT","items_purchased":[],"campfire_rested":3,"item_purchase_floors":[],"current_hp_per_floor":[64,62,55,42,22,41,28,2,2,7,7,26,13,10,29,22,65,45,0,0],"gold":372,"neow_bonus":"RANDOM_COMMON_RELIC","is_daily":false,"chose_seed":false,"campfire_upgraded":0,"win_rate":0.0,"timestamp":1613187154,"path_taken":["M","M","M","M","M","R","M","E","T","M","?","R","?","?","R","BOSS","M","M"],"items_purchased_type":[],"build_version":"2020-12-22","purchased_purges":0,"victory":false,"max_hp_per_floor":[65,65,65,65,65,65,65,65,65,65,65,65,65,65,65,65,65,65,65,65],"card_choices":[{"not_picked":["FastForward","TimeWarp"],"picked":"ShatteredReality","floor":1},{"not_picked":["Starlight","Unruled"],"picked":"Replace","floor":2},{"not_picked":["Solidify","ShatteredReality"],"picked":"GearUp","floor":3},{"not_picked":["DoubleEdge","Gouge"],"picked":"Rearm","floor":4},{"not_picked":["Comet","Manipulate"],"picked":"Potential","floor":5},{"not_picked":["BottledTime","Revamp"],"picked":"Alleviate","floor":7},{"not_picked":["Comet","Revamp"],"picked":"Advance","floor":8},{"not_picked":["Moondial","Rewind"],"picked":"FastForward","floor":10},{"not_picked":["Revamp","InstantArmor"],"picked":"RealityMarble","floor":13},{"not_picked":["Duplication","LightFlow"],"picked":"Sunlight","floor":16},{"not_picked":["DoubleEdge","FastForward"],"picked":"Revamp+1","floor":18}],"player_experience":88570,"relics_obtained":[{"floor":8,"key":"Bottled Flame"},{"floor":9,"key":"White Beast Statue"}],"event_choices":[{"damage_healed":0,"gold_gain":0,"player_choice":"Got Potions","damage_taken":0,"max_hp_gain":0,"max_hp_loss":0,"event_name":"Lab","floor":11,"gold_loss":0},{"damage_healed":0,"gold_gain":0,"player_choice":"Success","damage_taken":3,"relics_obtained":["Tiny Chest"],"max_hp_gain":0,"max_hp_loss":0,"event_name":"Scrap Ooze","floor":14,"gold_loss":0}],"is_beta":false,"boss_relics":[{"not_picked":["Empty Cage","Velvet Choker"],"picked":"SlaversCollar"}],"items_purged_floors":[],"is_endless":false,"potions_floor_spawned":[2,4,10,13,16,18],"killed_by":"3 Byrds","ascension_level":0}}