{"host":"f5gffvlv6a66yqkd","time":1613258184,"event":{"mods":["2.2 Compatiblity","BaseMod","Colored Map","Custom Start","DeckTracker","Keyboard Shortcuts","Minty Spire (QoL Compilation)","Permanent Neow","Quick Restart","Relic Stats","StSLib","SuperFastMode"],"gold_per_floor":[114,124,137,150,8,8,39,39,39,39,51,51,51,51,51,174,174,198,211,211,211,235,235,235,235,259,259,279,279,89,110,110,240,303,319,194,215,215,215,215,259,274,301,90,111,111,149,482,482,482,482,482,112,143,143,143],"floor_reached":55,"language":"KOR","playtime":1390,"items_purged":["Strike_P","Strike_P+1","Defend_P","Defend_P"],"score":1038,"play_id":"d375e339-7842-4d3a-ae53-1156450cae53","local_time":"20210214081624","is_ascension_mode":true,"campfire_choices":[{"data":"Eruption","floor":6.0,"key":"SMITH"},{"data":"TalkToTheHand","floor":8.0,"key":"SMITH"},{"data":"Wallop","floor":10.0,"key":"SMITH"},{"floor":15.0,"key":"REST"},{"data":"Prostrate","floor":23.0,"key":"SMITH"},{"data":"Prostrate","floor":25.0,"key":"SMITH"},{"data":"Flash of Steel","floor":27.0,"key":"SMITH"},{"data":"InnerPeace","floor":29.0,"key":"SMITH"},{"data":"Study","floor":32.0,"key":"SMITH"},{"floor":40.0,"key":"REST"},{"data":"Adaptation","floor":46.0,"key":"SMITH"},{"floor":49.0,"key":"RECALL"},{"floor":52.0,"key":"REST"}],"circlet_count":0,"master_deck":["Defend_P","Defend_P","Eruption+1","Vigilance","Flash of Steel+1","Prostrate+1","CutThroughFate+1","TalkToTheHand+1","Wallop+1","BowlingBash+1","Ragnarok+1","InnerPeace+1","Prostrate+1","Study+1","EmptyBody","Adaptation+1","Adaptation+1","Devotion","TalkToTheHand","TalkToTheHand+1","TalkToTheHand"],"relics":["PureWater","Sundial","Sozu","Dream Catcher","Tiny House","Matryoshka","Pen Nib","Shuriken","MawBank","Medical Kit","Art of War","DollysMirror","Ornamental Fan"],"acts_visited":["Exordium","TheCity","TheBeyond","TheEnding"],"potions_floor_usage":[55],"damage_taken":[{"damage":2.0,"enemies":"Cultist","floor":1.0,"turns":3.0},{"damage":0.0,"enemies":"Small Slimes","floor":2.0,"turns":2.0},{"damage":0.0,"enemies":"Jaw Worm","floor":3.0,"turns":1.0},{"damage":0.0,"enemies":"2 Fungi Beasts","floor":4.0,"turns":3.0},{"damage":20.0,"enemies":"3 Sentries","floor":7.0,"turns":6.0},{"damage":0.0,"enemies":"Gremlin Gang","floor":11.0,"turns":5.0},{"damage":0.0,"enemies":"Slime Boss","floor":16.0,"turns":4.0},{"damage":31.0,"enemies":"Spheric Guardian","floor":18.0,"turns":5.0},{"damage":0.0,"enemies":"Shell Parasite","floor":19.0,"turns":3.0},{"damage":3.0,"enemies":"Cultist and Chosen","floor":22.0,"turns":3.0},{"damage":2.0,"enemies":"Chosen and Byrds","floor":28.0,"turns":3.0},{"damage":2.0,"enemies":"Sentry and Sphere","floor":31.0,"turns":4.0},{"damage":0.0,"enemies":"Champ","floor":33.0,"turns":7.0},{"damage":30.0,"enemies":"3 Darklings","floor":35.0,"turns":4.0},{"damage":8.0,"enemies":"3 Shapes","floor":37.0,"turns":5.0},{"damage":3.0,"enemies":"Nemesis","floor":41.0,"turns":7.0},{"damage":5.0,"enemies":"Spire Growth","floor":42.0,"turns":3.0},{"damage":4.0,"enemies":"4 Shapes","floor":45.0,"turns":6.0},{"damage":0.0,"enemies":"Giant Head","floor":47.0,"turns":3.0},{"damage":16.0,"enemies":"Awakened One","floor":50.0,"turns":7.0},{"damage":37.0,"enemies":"Shield and Spear","floor":54.0,"turns":5.0},{"damage":64,"enemies":"The Heart","floor":55,"turns":2}],"seed_played":"6445793324227603399","potions_obtained":[{"floor":2.0,"key":"Block Potion"},{"floor":3.0,"key":"ColorlessPotion"},{"floor":11.0,"key":"Strength Potion"}],"is_trial":false,"path_per_floor":["M","M","M","M","$","R","E","R","T","R","M","?","?","?","R","B",null,"M","M","?","?","M","R","?","R","T","R","M","R","$","M","R","B",null,"M","$","M","T","?","R","E","M","T","$","M","R","E","?","R","B",null,"R","$","E","B"],"character_chosen":"WATCHER","items_purchased":["Wallop","Study","EmptyBody","Adaptation","Medical Kit","TalkToTheHand","DollysMirror"],"campfire_rested":3,"item_purchase_floors":[5,30,30,44,44,53,53],"current_hp_per_floor":[70,70,70,70,70,70,50,50,50,50,50,32,18,18,39,39,72,41,41,41,41,38,38,38,38,38,38,36,36,36,34,34,34,77,47,47,39,39,39,60,57,52,52,52,48,48,48,48,48,32,73,73,73,36,0,0],"gold":143,"neow_bonus":"RANDOM_COLORLESS","is_daily":false,"chose_seed":false,"campfire_upgraded":9,"win_rate":0.0,"timestamp":1613258184,"path_taken":["M","M","?","M","$","R","E","R","T","R","M","?","?","?","R","BOSS","M","?","?","?","M","R","?","R","T","R","?","R","?","M","R","BOSS","M","$","M","?","?","R","E","M","T","$","M","R","E","?","R","BOSS","R","$","E","BOSS"],"items_purchased_type":["Card","Card","Card","Card","Relic","Card","Relic"],"build_version":"2020-12-22","purchased_purges":4,"victory":false,"max_hp_per_floor":[72,72,72,72,72,72,72,72,72,72,72,72,72,72,72,72,72,72,72,72,72,72,72,72,72,72,72,72,72,72,72,72,72,77,77,77,77,77,73,73,73,73,73,73,73,73,73,73,73,73,73,73,73,73,73,73],"relic_stats":{"Sozu":5,"Dream Catcher":2,"counters":[22,91],"Sundial":[24],"Shuriken":[13],"Ornamental Fan":[4],"Pen Nib":[7],"Art of War":[0],"MawBank":12,"Medical Kit":[18],"obtain_stats":[{"Tiny House":34,"Golden Idol":12,"Pen Nib":41,"MawBank":43,"Medical Kit":44,"Sozu":17,"Dream Catcher":26,"Matryoshka":38,"Sundial":7,"Shuriken":43,"DollysMirror":53,"Ornamental Fan":54,"Art of War":47,"PureWater":0},{"Tiny House":13,"Golden Idol":6,"Pen Nib":16,"MawBank":17,"Medical Kit":17,"Sozu":7,"Dream Catcher":10,"Matryoshka":15,"Sundial":5,"Shuriken":17,"DollysMirror":20,"Ornamental Fan":21,"Art of War":19,"PureWater":0},{"Tiny House":49,"Golden Idol":20,"Pen Nib":65,"MawBank":68,"Medical Kit":68,"Sozu":24,"Dream Catcher":35,"Matryoshka":58,"Sundial":15,"Shuriken":68,"DollysMirror":84,"Ornamental Fan":89,"Art of War":77,"PureWater":0}]},"card_choices":[{"not_picked":["Forethought","Finesse"],"picked":"Flash of Steel","floor":0.0},{"not_picked":["LikeWater","ClearTheMind"],"picked":"Prostrate","floor":1.0},{"not_picked":["FlyingSleeves","CrushJoints"],"picked":"CutThroughFate","floor":2.0},{"not_picked":["FlyingSleeves","ClearTheMind"],"picked":"TalkToTheHand","floor":3.0},{"not_picked":["ClearTheMind","SashWhip","Halt"],"picked":"SKIP","floor":4.0},{"not_picked":["Blasphemy","Evaluate","CrushJoints"],"picked":"SKIP","floor":7.0},{"not_picked":["Halt","ReachHeaven"],"picked":"BowlingBash","floor":11.0},{"not_picked":["MasterReality","Establishment"],"picked":"Ragnarok","floor":16.0},{"not_picked":["EmptyBody","WaveOfTheHand+1"],"picked":"InnerPeace","floor":18.0},{"not_picked":["CarveReality+1","Fasting2","Crescendo"],"picked":"SKIP","floor":19.0},{"not_picked":["Fasting2","PathToVictory"],"picked":"Prostrate","floor":22.0},{"not_picked":["WreathOfFlame+1","FlurryOfBlows","Perseverance+1"],"picked":"SKIP","floor":28.0},{"not_picked":["ClearTheMind","Conclude+1","Weave+1"],"picked":"SKIP","floor":31.0},{"not_picked":["EmptyMind","FollowUp"],"picked":"Adaptation+1","floor":35.0},{"not_picked":["Protect","Wish","PathToVictory"],"picked":"SKIP","floor":37.0},{"not_picked":["EmptyBody","CrushJoints+1","Perseverance+1"],"picked":"SKIP","floor":41.0},{"not_picked":["Conclude+1","EmptyBody+1","ClearTheMind"],"picked":"SKIP","floor":42.0},{"not_picked":["Consecrate+1","FlurryOfBlows+1","EmptyBody"],"picked":"SKIP","floor":45.0},{"not_picked":["Perseverance","CrushJoints","Consecrate"],"picked":"SKIP","floor":47.0},{"not_picked":["CrushJoints+1","SashWhip"],"picked":"Devotion","floor":52.0},{"not_picked":["FlurryOfBlows+1","Alpha"],"picked":"TalkToTheHand","floor":54.0}],"player_experience":1459771,"relics_obtained":[{"floor":7.0,"key":"Sundial"},{"floor":26.0,"key":"Dream Catcher"},{"floor":38.0,"key":"Matryoshka"},{"floor":41.0,"key":"Pen Nib"},{"floor":43.0,"key":"Shuriken"},{"floor":43.0,"key":"MawBank"},{"floor":47.0,"key":"Art of War"},{"floor":54.0,"key":"Ornamental Fan"}],"event_choices":[{"damage_healed":0.0,"max_hp_gain":0.0,"max_hp_loss":0.0,"gold_gain":0.0,"event_name":"Golden Idol","player_choice":"Take Damage","floor":12.0,"gold_loss":0.0,"damage_taken":18.0,"relics_obtained":["Golden Idol"]},{"damage_healed":0.0,"max_hp_gain":0.0,"max_hp_loss":0.0,"gold_gain":0.0,"event_name":"Shining Light","player_choice":"Entered Light","floor":13.0,"gold_loss":0.0,"damage_taken":14.0,"cards_upgraded":["Strike_P","BowlingBash"]},{"cards_removed":["Strike_P"],"damage_healed":0.0,"max_hp_gain":0.0,"max_hp_loss":0.0,"gold_gain":0.0,"event_name":"Wheel of Change","player_choice":"Card Removal","floor":14.0,"gold_loss":0.0,"damage_taken":0.0},{"cards_removed":["Strike_P"],"damage_healed":0.0,"max_hp_gain":0.0,"max_hp_loss":0.0,"gold_gain":0.0,"event_name":"Back to Basics","player_choice":"Elegance","floor":20.0,"gold_loss":0.0,"damage_taken":0.0},{"damage_healed":0.0,"max_hp_gain":0.0,"max_hp_loss":0.0,"gold_gain":0.0,"event_name":"The Mausoleum","player_choice":"Ignored","floor":21.0,"gold_loss":0.0,"damage_taken":0.0},{"damage_healed":0.0,"max_hp_gain":0.0,"max_hp_loss":0.0,"gold_gain":0.0,"event_name":"Accursed Blacksmith","player_choice":"Forge","floor":24.0,"gold_loss":0.0,"damage_taken":0.0,"cards_upgraded":["Ragnarok"]},{"damage_healed":0.0,"max_hp_gain":0.0,"max_hp_loss":4.0,"gold_gain":0.0,"event_name":"Winding Halls","player_choice":"Max HP","floor":39.0,"gold_loss":0.0,"damage_taken":0.0},{"damage_healed":0.0,"max_hp_gain":0.0,"max_hp_loss":0.0,"gold_gain":333.0,"event_name":"The Moai Head","player_choice":"Gave Idol","floor":48.0,"relics_lost":["Golden Idol"],"gold_loss":0.0,"damage_taken":0.0}],"is_beta":false,"boss_relics":[{"not_picked":["Ectoplasm","Runic Dome"],"picked":"Sozu"},{"not_picked":["Velvet Choker","HolyWater"],"picked":"Tiny House"}],"items_purged_floors":[5,30,36,53],"is_endless":false,"potions_floor_spawned":[2,3,11,28,33,41,42],"killed_by":"The Heart","ascension_level":4}}