{"host":"s2ap0bnrs90y0f0j","time":1613175292,"event":{"mods":["BaseMod","Minty Spire (QoL Compilation)","Robot Space Explorer","StSLib","TheBandit"],"gold_per_floor":[117,117,117,136,136,136,170,170,216,216,243,243,268,284,284,386,386,398,415,86,86,11,39,70,82,94,118,158,18,36,64,64,164,164,177,20,32,80,130,155,155,181,181,181,198,210,0,29,29,29],"floor_reached":51,"language":"ENG","playtime":2578,"items_purged":["RobotSpaceExplorer:Defend","RobotSpaceExplorer:Defend"],"score":1182,"play_id":"61005c10-f1d4-4226-bff0-a1fa03dda602","local_time":"20210212191452","is_ascension_mode":true,"campfire_choices":[{"floor":8.0,"key":"REST"},{"data":"1","floor":10.0,"key":"LIFT"},{"data":"2","floor":12.0,"key":"LIFT"},{"data":"3","floor":15.0,"key":"LIFT"},{"data":"RobotSpaceExplorer:ImprovisedAttack","floor":25,"key":"SMITH"},{"floor":32,"key":"REST"},{"data":"RobotSpaceExplorer:MiniBoosters","floor":41,"key":"SMITH"},{"data":"RobotSpaceExplorer:Accelerator","floor":49,"key":"SMITH"}],"circlet_count":0,"master_deck":["RobotSpaceExplorer:Strike","RobotSpaceExplorer:Scan","RobotSpaceExplorer:MiniLasers","RobotSpaceExplorer:ScrapToss+1","RobotSpaceExplorer:ScrapToss","RobotSpaceExplorer:JunkDive","RobotSpaceExplorer:ScrapShield","RobotSpaceExplorer:ScrapMissile","RobotSpaceExplorer:ImprovisedAttack+1","RobotSpaceExplorer:ShovelStrike","RobotSpaceExplorer:MetalStrike","RobotSpaceExplorer:SwiftStep+1","RobotSpaceExplorer:MiniBoosters+1","RobotSpaceExplorer:Scanner","RobotSpaceExplorer:DualCore+1","RobotSpaceExplorer:TrailblazerForm","RobotSpaceExplorer:Fix+1","RobotSpaceExplorer:MiniBoosters+1","RobotSpaceExplorer:ScrapMissile","Flash of Steel","RobotSpaceExplorer:MiniDrones+1","RobotSpaceExplorer:Accelerator+1"],"relics":["RobotSpaceExplorer:RoboCore","Dream Catcher","Girya","Omamori","Mercury Hourglass","Lizard Tail","RobotSpaceExplorer:Reprocessor","Kunai","Enchiridion","MawBank","Darkstone Periapt","Mummified Hand","Membership Card","Thread and Needle","Sozu","Bird Faced Urn","FossilizedHelix","Regal Pillow","Anchor","Letter Opener","Red Mask","Calipers"],"acts_visited":["Exordium","TheCity","TheBeyond"],"potions_floor_usage":[16,23,28,31],"damage_taken":[{"damage":0.0,"enemies":"Small Slimes","floor":1.0,"turns":3.0},{"damage":0.0,"enemies":"Cultist","floor":4.0,"turns":2.0},{"damage":43.0,"enemies":"Lagavulin","floor":7.0,"turns":6.0},{"damage":0.0,"enemies":"3 Sentries","floor":11.0,"turns":4.0},{"damage":0.0,"enemies":"Gremlin Nob","floor":13.0,"turns":2.0},{"damage":5.0,"enemies":"Jaw Worm","floor":14.0,"turns":2.0},{"damage":21,"enemies":"The Guardian","floor":16,"turns":10},{"damage":0,"enemies":"3 Byrds","floor":18,"turns":3},{"damage":0,"enemies":"Spheric Guardian","floor":19,"turns":1},{"damage":22,"enemies":"Slavers","floor":23,"turns":4},{"damage":0,"enemies":"3 Cultists","floor":24,"turns":3},{"damage":12,"enemies":"Snake Plant","floor":27,"turns":3},{"damage":8,"enemies":"Book of Stabbing","floor":28,"turns":3},{"damage":0,"enemies":"Snecko","floor":30,"turns":2},{"damage":0,"enemies":"Gremlin Leader","floor":31,"turns":3},{"damage":0,"enemies":"Automaton","floor":33,"turns":5},{"damage":1,"enemies":"3 Darklings","floor":35,"turns":3},{"damage":0,"enemies":"Orb Walker","floor":37,"turns":2},{"damage":3,"enemies":"2 Orb Walkers","floor":38,"turns":3},{"damage":0,"enemies":"Mind Bloom Boss Battle","floor":39,"turns":3},{"damage":0,"enemies":"Giant Head","floor":40,"turns":4},{"damage":7,"enemies":"Nemesis","floor":42,"turns":3},{"damage":0,"enemies":"Maw","floor":45,"turns":4},{"damage":0,"enemies":"Writhing Mass","floor":46,"turns":3},{"damage":0,"enemies":"Reptomancer","floor":48,"turns":3},{"damage":0,"enemies":"Awakened One","floor":50,"turns":4}],"seed_played":"-8938797566971548949","potions_obtained":[{"floor":1.0,"key":"AttackPotion"},{"floor":7.0,"key":"SteroidPotion"},{"floor":14.0,"key":"EssenceOfSteel"},{"floor":16,"key":"DistilledChaos"},{"floor":18,"key":"Swift Potion"},{"floor":23,"key":"PowerPotion"},{"floor":31,"key":"Weak Potion"}],"is_trial":false,"path_per_floor":["M","?","?","M","?","?","E","R","T","R","E","R","E","M","R","B",null,"M","M","$","?","?","E","M","R","T","M","E","$","M","E","R","B",null,"M","$","M","?","?","E","R","E","T","?","M","M","?","E","R","B",null],"character_chosen":"RobotSpaceExplorer","items_purchased":["Kunai","Membership Card","RobotSpaceExplorer:MiniBoosters","RobotSpaceExplorer:ScrapMissile","Flash of Steel"],"campfire_rested":2,"item_purchase_floors":[20,29,36,36,36],"current_hp_per_floor":[75,75,75,75,57,57,14,36,36,36,36,36,36,31,31,10,75,75,75,75,59,59,37,37,37,37,25,17,17,17,17,39,39,75,74,74,74,72,75,75,75,72,72,72,75,75,75,75,75,75],"gold":29,"neow_bonus":"THREE_CARDS","is_daily":false,"chose_seed":false,"campfire_upgraded":3,"win_rate":0.0,"timestamp":1613175292,"path_taken":["M","?","?","?","?","?","E","R","T","R","E","R","E","?","R","BOSS","M","M","$","?","?","E","M","R","T","M","E","?","M","E","R","BOSS","M","$","M","?","?","E","R","E","T","?","M","?","?","E","R","BOSS"],"items_purchased_type":["Relic","Relic","Card","Card","Card"],"build_version":"2020-12-22","purchased_purges":2,"victory":true,"max_hp_per_floor":[75,75,75,75,75,75,75,75,75,75,75,75,75,75,75,75,75,75,75,75,75,75,75,75,75,75,75,75,75,75,75,75,75,75,75,75,75,75,75,75,75,75,75,75,75,75,75,75,75,75],"card_choices":[{"not_picked":["RobotSpaceExplorer:MiniDrones","RobotSpaceExplorer:FranticSearch"],"picked":"RobotSpaceExplorer:ScrapToss","floor":0.0},{"not_picked":["RobotSpaceExplorer:Smokescreen","RobotSpaceExplorer:FranticSearch"],"picked":"RobotSpaceExplorer:ScrapToss","floor":1.0},{"not_picked":["RobotSpaceExplorer:SlimeMissile","RobotSpaceExplorer:Jetpack","RobotSpaceExplorer:PowerGlove"],"picked":"SKIP","floor":4.0},{"not_picked":["RobotSpaceExplorer:Counterblock","RobotSpaceExplorer:Jetpack"],"picked":"RobotSpaceExplorer:ScrapShield","floor":7.0},{"not_picked":["RobotSpaceExplorer:ImprovisedAttack","RobotSpaceExplorer:FreezeRay"],"picked":"RobotSpaceExplorer:ScrapMissile","floor":8.0},{"not_picked":["RobotSpaceExplorer:MetalStrike","RobotSpaceExplorer:GearShield"],"picked":"RobotSpaceExplorer:ImprovisedAttack","floor":11.0},{"not_picked":["RobotSpaceExplorer:PowerGlove","RobotSpaceExplorer:ShockKick"],"picked":"RobotSpaceExplorer:ShovelStrike","floor":13.0},{"not_picked":["RobotSpaceExplorer:SlimeMissile","RobotSpaceExplorer:MakeshiftVolley"],"picked":"RobotSpaceExplorer:MetalStrike","floor":14.0},{"not_picked":["RobotSpaceExplorer:Autoloader","RobotSpaceExplorer:Asteroid"],"picked":"RobotSpaceExplorer:Wormhole","floor":16},{"not_picked":["RobotSpaceExplorer:DualCore","RobotSpaceExplorer:Ammunition","RobotSpaceExplorer:SlimeMissile"],"picked":"SKIP","floor":18},{"not_picked":["RobotSpaceExplorer:Counterblock","RobotSpaceExplorer:ImprovisedAttack+1"],"picked":"RobotSpaceExplorer:SwiftStep+1","floor":19},{"not_picked":["RobotSpaceExplorer:ChargingLaser","RobotSpaceExplorer:SlimeMissile+1"],"picked":"RobotSpaceExplorer:MiniBoosters+1","floor":23},{"not_picked":["RobotSpaceExplorer:Electroshield","RobotSpaceExplorer:SurgingStrike","RobotSpaceExplorer:Blitz"],"picked":"SKIP","floor":24},{"not_picked":["RobotSpaceExplorer:Electroshield","RobotSpaceExplorer:PowerGlove","RobotSpaceExplorer:ImprovisedAttack"],"picked":"SKIP","floor":27},{"not_picked":["RobotSpaceExplorer:Electroshield","RobotSpaceExplorer:PowerGlove","RobotSpaceExplorer:ImprovisedAttack"],"picked":"SKIP","floor":27},{"not_picked":["RobotSpaceExplorer:Calculate+1","RobotSpaceExplorer:ScrapShield"],"picked":"RobotSpaceExplorer:Scanner","floor":28},{"not_picked":["RobotSpaceExplorer:ImprovisedAttack","RobotSpaceExplorer:SurgingStrike","RobotSpaceExplorer:Probe+1"],"picked":"SKIP","floor":30},{"not_picked":["RobotSpaceExplorer:Fix+1","RobotSpaceExplorer:FreezingShield+1"],"picked":"RobotSpaceExplorer:DualCore+1","floor":31},{"not_picked":["RobotSpaceExplorer:ChargingLaser","RobotSpaceExplorer:Wormhole"],"picked":"RobotSpaceExplorer:TrailblazerForm","floor":33},{"not_picked":["RobotSpaceExplorer:Jetpack","RobotSpaceExplorer:SwiftStep"],"picked":"RobotSpaceExplorer:Fix+1","floor":35},{"not_picked":["RobotSpaceExplorer:MiniDrones","RobotSpaceExplorer:GlueShot","RobotSpaceExplorer:Calculate+1"],"picked":"SKIP","floor":37},{"not_picked":["RobotSpaceExplorer:ScrapMissile+1","RobotSpaceExplorer:Probe+1"],"picked":"RobotSpaceExplorer:MiniDrones+1","floor":40},{"not_picked":["RobotSpaceExplorer:Pulsar+1","RobotSpaceExplorer:ScrapMissile+1"],"picked":"RobotSpaceExplorer:Accelerator","floor":42},{"not_picked":["RobotSpaceExplorer:StunGrenade","RobotSpaceExplorer:ShockKick+1","RobotSpaceExplorer:DoubleBlock"],"picked":"SKIP","floor":45},{"not_picked":["RobotSpaceExplorer:MetalStrike+1","RobotSpaceExplorer:FranticSearch","RobotSpaceExplorer:Electropulse"],"picked":"SKIP","floor":46},{"not_picked":["RobotSpaceExplorer:MiniDrones","RobotSpaceExplorer:Jetpack","RobotSpaceExplorer:Discharger"],"picked":"SKIP","floor":48}],"player_experience":542245,"relics_obtained":[{"floor":7.0,"key":"Girya"},{"floor":9.0,"key":"Omamori"},{"floor":11.0,"key":"Mercury Hourglass"},{"floor":13.0,"key":"Lizard Tail"},{"floor":21,"key":"Enchiridion"},{"floor":23,"key":"MawBank"},{"floor":26,"key":"Darkstone Periapt"},{"floor":28,"key":"Mummified Hand"},{"floor":31,"key":"Thread and Needle"},{"floor":38,"key":"Bird Faced Urn"},{"floor":39,"key":"FossilizedHelix"},{"floor":40,"key":"Regal Pillow"},{"floor":42,"key":"Anchor"},{"floor":43,"key":"Letter Opener"},{"floor":48,"key":"Calipers"}],"event_choices":[{"cards_removed":["RobotSpaceExplorer:Defend"],"damage_healed":0.0,"max_hp_gain":0.0,"max_hp_loss":0.0,"gold_gain":0.0,"event_name":"Living Wall","player_choice":"Forget","floor":2.0,"gold_loss":0.0,"damage_taken":0.0},{"damage_healed":0.0,"max_hp_gain":0.0,"max_hp_loss":0.0,"gold_gain":0.0,"event_name":"Upgrade Shrine","player_choice":"Upgraded","floor":3.0,"gold_loss":0.0,"damage_taken":0.0,"cards_upgraded":["RobotSpaceExplorer:ScrapToss"]},{"damage_healed":0.0,"max_hp_gain":0.0,"max_hp_loss":0.0,"gold_gain":0.0,"event_name":"Scrap Ooze","player_choice":"Success","floor":5.0,"gold_loss":0.0,"damage_taken":18.0,"relics_obtained":["Dream Catcher"]},{"damage_healed":0.0,"max_hp_gain":0.0,"max_hp_loss":0.0,"gold_gain":0.0,"cards_transformed":["RobotSpaceExplorer:Strike"],"event_name":"Transmorgrifier","player_choice":"Transformed","floor":6.0,"gold_loss":0.0,"damage_taken":0.0,"cards_obtained":["RobotSpaceExplorer:JunkDive"]},{"damage_healed":0,"gold_gain":0,"player_choice":"Obtained Book","damage_taken":16,"max_hp_gain":0,"max_hp_loss":0,"event_name":"Cursed Tome","floor":21,"gold_loss":0},{"cards_removed":["RobotSpaceExplorer:Strike"],"damage_healed":0,"gold_gain":0,"player_choice":"Gave Gold","damage_taken":0,"max_hp_gain":0,"max_hp_loss":0,"event_name":"Beggar","floor":22,"gold_loss":75},{"damage_healed":0,"gold_gain":0,"player_choice":"Fight","damage_taken":0,"max_hp_gain":0,"max_hp_loss":0,"event_name":"Mysterious Sphere","floor":38,"gold_loss":0},{"damage_healed":0,"gold_gain":0,"player_choice":"Fight","damage_taken":0,"max_hp_gain":0,"max_hp_loss":0,"event_name":"MindBloom","floor":39,"gold_loss":0},{"cards_removed":["RobotSpaceExplorer:Defend"],"damage_healed":0,"gold_gain":0,"player_choice":"Purged","damage_taken":0,"max_hp_gain":0,"max_hp_loss":0,"event_name":"Purifier","floor":44,"gold_loss":0},{"damage_healed":0,"gold_gain":0,"player_choice":"Paid","damage_taken":0,"relics_obtained":["Red Mask"],"max_hp_gain":0,"max_hp_loss":0,"event_name":"Tomb of Lord Red Mask","floor":47,"gold_loss":210}],"is_beta":false,"boss_relics":[{"not_picked":["Fusion Hammer","Pandora\u0027s Box"],"picked":"RobotSpaceExplorer:Reprocessor"},{"not_picked":["Velvet Choker","SacredBark"],"picked":"Sozu"}],"items_purged_floors":[20,36],"is_endless":false,"potions_floor_spawned":[1,7,14,16,18,23,31,37,40,45],"ascension_level":3}}