{"host":"zjc1tzo4ovig5lll","time":1613205938,"event":{"mods":["AchievementEnabler","Aspiration","BaseMod","Beaked The Cultist","Better Altar","Better Match","Better Note","Better Sensory Stone","Colored Map","Colored Powertips","Conspire","Energized Spire","Friendly Minions","GifTheSpireLib","Halation","Hermit","Hubris","Minty Spire (QoL Compilation)","Rare Cards Sparkle","Reliquary","Replay The Spire","StSLib","The Blue Laboratory","The Bug Knight","The Construct","The Jungle","everything is the same but u backflip on backflip"],"gold_per_floor":[112,112,112,131,131,131,151,151,151,151,163,163,195,188,188,283,333,353,353,92,117,132,164,164,175,244,264,274,155,155,169,169,269,269,279,210,170,183,197,197,231,250,250,166,180,54,66,116,116,116,116,116,20,53,53],"floor_reached":56,"language":"ENG","playtime":2654,"items_purged":["ReplayTheSpireMod:Splinters"],"score":1599,"play_id":"99bbf7c4-6e8b-4347-92ad-9babfbea3a6a","local_time":"20210213104538","is_ascension_mode":true,"campfire_choices":[{"data":"beaked:BraceForImpact","floor":6.0,"key":"SMITH"},{"floor":8.0,"key":"RECALL"},{"data":"beaked:Ceremony","floor":10.0,"key":"SMITH"},{"data":"beaked:Ceremony","floor":12.0,"key":"SMITH"},{"floor":15.0,"key":"REST"},{"data":"beaked:Ceremony","floor":24.0,"key":"SMITH"},{"data":"Specialist","floor":30.0,"key":"SMITH"},{"floor":32.0,"key":"REST"},{"data":"beaked:Insight","floor":40.0,"key":"SMITH"},{"data":"beaked:Insight","floor":49.0,"key":"SMITH"},{"data":"beaked:AwakenedForm","floor":52.0,"key":"SMITH"}],"circlet_count":0,"master_deck":["conspire:GhostlyStrike","conspire:GhostlyStrike","conspire:GhostlyStrike","conspire:GhostlyStrike","conspire:GhostlyStrike","conspire:GhostlyDefend","conspire:GhostlyDefend+1","conspire:GhostlyDefend","conspire:GhostlyDefend","beaked:Ceremony+1","beaked:Ceremony+1","beaked:Ceremony+1","beaked:BraceForImpact+1","beaked:BraceForImpact+1","beaked:TuckingFeathers+1","beaked:BraceForImpact+1","beaked:Windmill","beaked:Windmill","beaked:Insight+1","beaked:KnowThyFoe+1","beaked:Foresight+1","ReplayTheSpireMod:Prepare the Ceremony+1","Deep Breath+1","Apotheosis+1","beaked:AwakenedForm+1","beaked:Insight+1","Specialist+1","beaked:MachineSpirit+1","beaked:KnowThyFoe+1","ReplayTheSpireMod:Prepare the Ceremony+1","beaked:MaddeningMurmurs+1","beaked:Daydream+1","Parasite","Deep Breath+1","Parasite","beaked:StickSmack","beaked:TuckingFeathers+1"],"relics":["beaked:MendingPlumage","Toxic Egg 2","reliquary:PartyBalloon","ReplayTheSpireMod:CursedCoin","Tiny House","PreservedInsect","reliquary:PorcupineQuills","hubris:Metronome","conspire:SpecialSausage","Durian","Ancient Tea Set","Unceasing Top"],"acts_visited":["Exordium","TheCity","TheBeyond","TheEnding"],"potions_floor_usage":[55],"damage_taken":[{"damage":8.0,"enemies":"2 Louse","floor":1.0,"turns":5.0},{"damage":12.0,"enemies":"Jaw Worm","floor":4.0,"turns":5.0},{"damage":9.0,"enemies":"Cultist","floor":7.0,"turns":4.0},{"damage":49.0,"enemies":"Gremlin Gang","floor":11.0,"turns":10.0},{"damage":38.0,"enemies":"Lagavulin","floor":13.0,"turns":7.0},{"damage":27.0,"enemies":"Slime Boss","floor":16.0,"turns":7.0},{"damage":42.0,"enemies":"conspire:FuzzyDice","floor":18.0,"turns":8.0},{"damage":14.0,"enemies":"Spheric Guardian","floor":22.0,"turns":4.0},{"damage":56.0,"enemies":"Gremlin Leader","floor":23.0,"turns":6.0},{"damage":32.0,"enemies":"3 Cultists","floor":25.0,"turns":4.0},{"damage":22.0,"enemies":"Snake Plant","floor":27.0,"turns":4.0},{"damage":36.0,"enemies":"Shelled Parasite and Fungi","floor":28.0,"turns":5.0},{"damage":32.0,"enemies":"Centurion and Healer","floor":31.0,"turns":5.0},{"damage":31.0,"enemies":"Pondfish","floor":33.0,"turns":4.0},{"damage":45.0,"enemies":"3 Darklings","floor":35.0,"turns":6.0},{"damage":33.0,"enemies":"3 Shapes","floor":38.0,"turns":5.0},{"damage":46.0,"enemies":"Writhing Mass","floor":39.0,"turns":7.0},{"damage":18.0,"enemies":"HollowMod:StalkingDevout","floor":41.0,"turns":4.0},{"damage":34.0,"enemies":"Spire Growth","floor":42.0,"turns":4.0},{"damage":54.0,"enemies":"Writhing Mass","floor":45.0,"turns":6.0},{"damage":24.0,"enemies":"3 Darklings","floor":47.0,"turns":3.0},{"damage":36.0,"enemies":"Mind Bloom Boss Battle","floor":48.0,"turns":5.0},{"damage":74.0,"enemies":"conspire:OrnateMirror","floor":50.0,"turns":4.0},{"damage":62,"enemies":"Shield and Spear","floor":54,"turns":5},{"damage":130,"enemies":"The Heart","floor":55,"turns":6}],"seed_played":"-773282560772112834","potions_obtained":[{"floor":7.0,"key":"FairyPotion"},{"floor":17.0,"key":"conspire:TimeTravelPotion"},{"floor":18.0,"key":"Energy Potion"},{"floor":25.0,"key":"Dexterity Potion"},{"floor":33.0,"key":"Block Potion"},{"floor":38.0,"key":"blueLaboratory:FruitPunch"}],"is_trial":false,"path_per_floor":["M","?","?","M","?","R","M","R","T","R","M","R","E","$","R","B",null,"M","?","$","T","M","E","R","M","T","M","M","$","R","M","R","B",null,"M","$","?","M","M","R","E","M","T","$","M","$","M","?","R","B",null,"R","$","E","B",null],"character_chosen":"BEAKED_THE_CULTIST","items_purchased":["beaked:Windmill","ReplayTheSpireMod:CursedCoin","beaked:Insight","Deep Breath+1","Apotheosis+1","beaked:Insight","Specialist","beaked:MaddeningMurmurs","Deep Breath+1","beaked:StickSmack","beaked:TuckingFeathers+1","blueLaboratory:ForbiddenFruitJuice"],"campfire_rested":2,"item_purchase_floors":[14,14,14,20,20,29,29,36,44,46,46,53],"current_hp_per_floor":[46,46,46,47,47,47,51,51,51,51,49,49,38,38,56,52,63,47,47,47,47,53,57,57,47,47,50,44,44,44,39,58,61,64,57,57,57,65,57,57,70,69,69,69,65,65,70,70,70,54,66,66,66,60,67],"gold":53,"neow_bonus":"TWENTY_PERCENT_HP_BONUS","is_daily":false,"chose_seed":false,"campfire_upgraded":8,"win_rate":0.0,"timestamp":1613205938,"path_taken":["M","?","?","M","?","R","?","R","T","R","?","R","E","$","R","BOSS","M","?","$","?","M","E","R","M","T","M","M","$","R","?","R","BOSS","M","$","?","M","M","R","E","M","T","$","M","$","?","?","R","BOSS","R","$","E","BOSS"],"items_purchased_type":["Card","Relic","Card","Card","Card","Card","Card","Card","Card","Card","Card","Potion"],"build_version":"2020-12-22","purchased_purges":1,"victory":true,"max_hp_per_floor":[60,60,60,60,60,60,60,60,60,60,60,60,60,60,60,60,65,65,65,65,65,65,65,65,65,65,65,65,65,65,65,65,65,65,65,65,65,65,65,65,70,70,70,70,70,70,70,70,70,70,70,70,70,70,72],"card_choices":[{"not_picked":["beaked:Redirect","beaked:WarriorEssence"],"picked":"beaked:BraceForImpact","floor":1.0},{"not_picked":["beaked:StickSmack","beaked:DesperateSwing"],"picked":"beaked:BraceForImpact+1","floor":4.0},{"not_picked":["beaked:SurvivalInstinct+1","beaked:Evade+1"],"picked":"beaked:TuckingFeathers+1","floor":7.0},{"not_picked":["beaked:SurvivalInstinct+1","beaked:CursingBlood+1","beaked:Caw"],"picked":"SKIP","floor":11.0},{"not_picked":["beaked:Flinch+1","beaked:SurvivalInstinct+1"],"picked":"beaked:BraceForImpact+1","floor":13.0},{"not_picked":["beaked:Caw","beaked:FullHouse+1"],"picked":"beaked:KnowThyFoe+1","floor":16.0},{"not_picked":["beaked:SacrificialAttack","beaked:Resilience+1"],"picked":"beaked:Foresight+1","floor":17.0},{"not_picked":["beaked:DigDeep+1","beaked:WarriorEssence"],"picked":"ReplayTheSpireMod:Prepare the Ceremony+1","floor":18.0},{"not_picked":["beaked:WindBringer+1","beaked:Redirect+1","beaked:Foresight+1"],"picked":"SKIP","floor":22.0},{"not_picked":["beaked:Redirect+1","beaked:FeelMyPain+1"],"picked":"beaked:AwakenedForm","floor":23.0},{"not_picked":["beaked:Windmill","beaked:WarriorEssence","beaked:DesperateSwing+1"],"picked":"SKIP","floor":25.0},{"not_picked":["beaked:Resilience+1","beaked:Tradeoff+1","beaked:Tweet+1"],"picked":"SKIP","floor":27.0},{"not_picked":["beaked:Tradeoff+1","beaked:CursingBlood+1","beaked:Poke"],"picked":"SKIP","floor":28.0},{"not_picked":["beaked:Struggle","beaked:BraceForImpact+1"],"picked":"beaked:MachineSpirit+1","floor":31.0},{"not_picked":["beaked:Caw","beaked:VolatileMisfortune"],"picked":"beaked:KnowThyFoe+1","floor":33.0},{"not_picked":["beaked:CursingBlood+1","beaked:WarriorEssence+1"],"picked":"ReplayTheSpireMod:Prepare the Ceremony+1","floor":35.0},{"not_picked":["beaked:SacrificialDive+1","beaked:SurvivalInstinct+1","beaked:Daydream+1"],"picked":"SKIP","floor":38.0},{"not_picked":["beaked:SacrificialDive+1","beaked:SurvivalInstinct+1"],"picked":"beaked:Daydream+1","floor":38.0},{"not_picked":["beaked:Cower+1","beaked:Overpower","beaked:SurvivalInstinct+1"],"picked":"SKIP","floor":39.0},{"not_picked":["beaked:DigDeep+1","beaked:Brace+1","beaked:Redirect+1"],"picked":"SKIP","floor":41.0},{"not_picked":["beaked:FullHouse+1","beaked:VigorBurst+1","beaked:Negation+1"],"picked":"SKIP","floor":42.0},{"not_picked":["beaked:FeelMyPain+1","beaked:Redirect+1","beaked:Poke"],"picked":"SKIP","floor":45.0},{"not_picked":["beaked:FeelMyPain+1","beaked:Evade+1","beaked:Windmill"],"picked":"SKIP","floor":47.0},{"not_picked":["beaked:RuinSticks","beaked:Cower+1","beaked:Brace+1"],"picked":"SKIP","floor":54}],"player_experience":732529,"relics_obtained":[{"floor":13.0,"key":"reliquary:PartyBalloon"},{"floor":21.0,"key":"PreservedInsect"},{"floor":23.0,"key":"reliquary:PorcupineQuills"},{"floor":26.0,"key":"hubris:Metronome"},{"floor":41.0,"key":"Durian"},{"floor":43.0,"key":"Ancient Tea Set"},{"floor":48.0,"key":"Unceasing Top"}],"event_choices":[{"damage_healed":0.0,"max_hp_gain":0.0,"max_hp_loss":0.0,"gold_gain":0.0,"event_name":"conspire:LoneGhost","player_choice":"Agree","floor":3.0,"gold_loss":0.0,"damage_taken":0.0},{"cards_removed":["Injury"],"damage_healed":0.0,"max_hp_gain":0.0,"max_hp_loss":0.0,"gold_gain":0.0,"event_name":"Fountain of Cleansing","player_choice":"Removed Curses","floor":5.0,"gold_loss":0.0,"damage_taken":0.0},{"cards_removed":["conspire:GhostlyStrike"],"damage_healed":0.0,"max_hp_gain":0.0,"max_hp_loss":0.0,"gold_gain":0.0,"event_name":"Purifier","player_choice":"Purged","floor":19.0,"gold_loss":0.0,"damage_taken":0.0},{"damage_healed":0.0,"max_hp_gain":0.0,"max_hp_loss":0.0,"gold_gain":0.0,"event_name":"Designer","player_choice":"Upgrade","floor":37.0,"gold_loss":40.0,"damage_taken":0.0,"cards_upgraded":["beaked:MaddeningMurmurs"]},{"damage_healed":0.0,"max_hp_gain":0.0,"max_hp_loss":0.0,"gold_gain":0.0,"event_name":"MindBloom","player_choice":"Fight","floor":48.0,"gold_loss":0.0,"damage_taken":0.0}],"is_beta":false,"boss_relics":[{"not_picked":["SlaversCollar","Replay:Drink Me"],"picked":"Tiny House"},{"not_picked":["energizedSpire:RedRose","Empty Cage"],"picked":"conspire:SpecialSausage"}],"items_purged_floors":[14],"is_endless":false,"potions_floor_spawned":[4,7,11,18,25,27,28,33,38,42,47,48,54],"ascension_level":6}}