{"host":"1nniobf0g4s2td4e","time":1613243948,"event":{"mods":["2.2 Compatiblity","BaseMod","Minty Spire (QoL Compilation)","StSLib","SuperFastMode"],"gold_per_floor":[119,119,119,119,119,144,182,182,182,206,206,219,219,238,238,238,238],"floor_reached":16,"language":"ENG","playtime":353,"items_purged":[],"score":125,"play_id":"d39d71bb-6960-414f-8383-1daf804fae26","local_time":"20210213131908","is_ascension_mode":false,"campfire_choices":[{"data":"Feed","floor":8,"key":"SMITH"},{"data":"Headbutt","floor":11,"key":"SMITH"},{"data":"Intimidate","floor":13,"key":"SMITH"},{"floor":15,"key":"RECALL"}],"circlet_count":0,"master_deck":["Strike_R","Strike_R","Strike_R","Strike_R","Strike_R","Defend_R","Defend_R","Defend_R","Bash","Feed+1","Shrug It Off","Headbutt+1","Thunderclap","Intimidate+1"],"relics":["Burning Blood","Golden Idol","Pen Nib"],"acts_visited":["Exordium"],"potions_floor_usage":[],"damage_taken":[{"damage":15,"enemies":"Jaw Worm","floor":1,"turns":4},{"damage":2,"enemies":"Small Slimes","floor":6,"turns":4},{"damage":36,"enemies":"Gremlin Nob","floor":7,"turns":5},{"damage":6,"enemies":"Cultist","floor":10,"turns":4},{"damage":9,"enemies":"Large Slime","floor":12,"turns":5},{"damage":8,"enemies":"Exordium Thugs","floor":14,"turns":4},{"damage":39,"enemies":"Slime Boss","floor":16,"turns":6}],"seed_played":"-4072046134550100512","potions_obtained":[{"floor":1,"key":"Energy Potion"},{"floor":6,"key":"Block Potion"},{"floor":14,"key":"Weak Potion"}],"is_trial":false,"path_per_floor":["M","$","?","$","?","M","E","R","T","M","R","M","R","M","R","B"],"character_chosen":"IRONCLAD","items_purchased":[],"campfire_rested":0,"item_purchase_floors":[],"current_hp_per_floor":[74,74,54,54,54,61,31,31,31,35,35,36,36,38,38,0,0],"gold":238,"neow_bonus":"ONE_RANDOM_RARE_CARD","is_daily":false,"chose_seed":false,"campfire_upgraded":3,"win_rate":0.0,"timestamp":1613243948,"path_taken":["M","$","?","?","?","M","E","R","T","M","R","M","R","?","R","BOSS"],"items_purchased_type":[],"build_version":"2020-12-22","purchased_purges":0,"victory":false,"max_hp_per_floor":[83,83,83,83,83,86,86,86,86,90,90,94,94,98,98,98,98],"card_choices":[{"not_picked":["Evolve","Wild Strike"],"picked":"Shrug It Off","floor":1},{"not_picked":["Shrug It Off","True Grit"],"picked":"Headbutt","floor":6},{"not_picked":["Reckless Charge","Shrug It Off"],"picked":"Thunderclap","floor":7},{"not_picked":["Pommel Strike","Burning Pact","Searing Blow"],"picked":"SKIP","floor":10},{"not_picked":["Havoc","Dual Wield"],"picked":"Intimidate","floor":12},{"not_picked":["Bloodletting","Warcry","Heavy Blade"],"picked":"SKIP","floor":14}],"player_experience":770505,"relics_obtained":[{"floor":7,"key":"Pen Nib"}],"event_choices":[{"damage_healed":0,"gold_gain":0,"player_choice":"Take Damage","damage_taken":20,"relics_obtained":["Golden Idol"],"max_hp_gain":0,"max_hp_loss":0,"event_name":"Golden Idol","floor":3,"gold_loss":0},{"cards_removed":["Defend_R"],"damage_healed":0,"gold_gain":0,"player_choice":"Purged","damage_taken":0,"max_hp_gain":0,"max_hp_loss":0,"event_name":"Purifier","floor":5,"gold_loss":0}],"is_beta":false,"boss_relics":[],"items_purged_floors":[],"is_endless":false,"potions_floor_spawned":[1,6,14],"killed_by":"Slime Boss","ascension_level":0}}