{"host":"hf83sijwe64ts2lm","time":1613260285,"event":{"mods":["2.2 Compatiblity","BaseMod","Better Altar","Better Match","Better Note","Better Sensory Stone","Better Skull","Better Third Choice","Colored Map","Colored Powertips","Highlight Path","Hubris","Infinite Spire","Minty Spire (QoL Compilation)","Quick Restart","Rare Cards Sparkle","Relic Stats","Reliquary","Replay The Spire","Shop Mod","Spicy Shops","Spire Arcade","StSLib","Thieving Mod"],"gold_per_floor":[119,137,154,154,170,198,213,223,249,274,11,44,44,14,14,113,113,126,126,110,110,122,122,133,159,159,159,159],"floor_reached":27,"language":"ENG","playtime":569,"items_purged":[],"score":319,"play_id":"8ad08ebc-c21e-487f-97f1-f5281e835ac2","local_time":"20210213185125","is_ascension_mode":true,"campfire_choices":[{"floor":13,"key":"REST"},{"floor":15,"key":"REST"},{"floor":23,"key":"REST"}],"circlet_count":0,"master_deck":["Strike_R","Strike_R","Strike_R","Strike_R","Strike_R","Defend_R","Defend_R","Defend_R","Defend_R","Bash","Perfected Strike","hubris:CleavingFinish","Cleave","Spot Weakness","Life Link","Spot Weakness","Heavy Blade","Spot Weakness","Inflame","Juggernaut","Thunderclap","Juggernaut","ReplayTheSpireMod:Strike From Hell+1","Pummel","Rage","Thunderclap","infinitespire:OneForAll","Inflame+1"],"relics":["Black Blood","hubris:IronBody","Blood Vial","Replay:Wax Seal","Girya","Oddly Smooth Stone","infinitespire:Lucky Rock","hubris:Towel","Replay:Baseball","Art of War"],"acts_visited":["Exordium","TheCity"],"potions_floor_usage":[5,10,10,24],"damage_taken":[{"damage":7,"enemies":"Small Slimes","floor":1,"turns":3},{"damage":9,"enemies":"2 Louse","floor":2,"turns":2},{"damage":2,"enemies":"Jaw Worm","floor":3,"turns":3},{"damage":3,"enemies":"Red Slaver","floor":5,"turns":3},{"damage":35,"enemies":"Lagavulin","floor":6,"turns":5},{"damage":10,"enemies":"Gremlin Gang","floor":7,"turns":2},{"damage":11,"enemies":"Exordium Thugs","floor":8,"turns":4},{"damage":32,"enemies":"3 Sentries","floor":10,"turns":4},{"damage":18,"enemies":"Gremlin Nob","floor":12,"turns":4},{"damage":2,"enemies":"Looter","floor":14,"turns":4},{"damage":30,"enemies":"Hexaghost","floor":16,"turns":9},{"damage":14,"enemies":"Chosen","floor":18,"turns":6},{"damage":32,"enemies":"2 Thieves","floor":20,"turns":4},{"damage":24,"enemies":"Snake Plant","floor":22,"turns":4},{"damage":50,"enemies":"Snecko","floor":24,"turns":6},{"damage":34,"enemies":"Book of Stabbing","floor":25,"turns":4},{"damage":24,"enemies":"Nightmare","floor":27,"turns":3}],"seed_played":"3971861956178955302","potions_obtained":[{"floor":2,"key":"ColorlessPotion"},{"floor":6,"key":"Elixir"},{"floor":7,"key":"Death Potion"},{"floor":8,"key":"Adrenaline Potion"},{"floor":10,"key":"ElixirPotion"},{"floor":22,"key":"DistilledChaos"}],"is_trial":false,"path_per_floor":["M","M","M","?","M","E","M","M","T","E","$","E","R","M","R","B",null,"M","?","M","?","M","R","M","E","T","NM"],"character_chosen":"IRONCLAD","items_purchased":["Girya","Inflame","Oddly Smooth Stone"],"campfire_rested":3,"item_purchase_floors":[11,11,11],"current_hp_per_floor":[79,76,80,85,85,56,52,47,47,23,23,13,38,44,69,47,76,76,76,58,58,48,73,37,17,17,0,0],"gold":159,"neow_bonus":"THREE_CARDS","is_daily":false,"chose_seed":false,"campfire_upgraded":0,"win_rate":0.0,"timestamp":1613260285,"path_taken":["M","M","M","?","M","E","M","M","T","E","$","E","R","M","R","BOSS","M","?","M","?","?","R","?","E","T","NM"],"items_purchased_type":["Relic","Card","Relic"],"build_version":"2020-12-22","purchased_purges":0,"victory":false,"max_hp_per_floor":[80,80,80,85,85,85,85,85,85,85,85,85,85,85,85,85,85,85,85,85,85,85,85,85,85,85,85,85],"relic_stats":{"Blood Vial":20,"counters":[17,70],"Black Blood":123,"Art of War":[0],"obtain_stats":[{"Blood Vial":9,"Girya":11,"Replay:Baseball":25,"Oddly Smooth Stone":11,"Black Blood":17,"hubris:IronBody":6,"Art of War":26,"infinitespire:Lucky Rock":12,"Replay:Wax Seal":10,"hubris:Towel":19,"Burning Blood":0},{"Blood Vial":7,"Girya":8,"Replay:Baseball":16,"Oddly Smooth Stone":8,"Black Blood":11,"hubris:IronBody":5,"Art of War":16,"infinitespire:Lucky Rock":9,"Replay:Wax Seal":8,"hubris:Towel":12,"Burning Blood":0},{"Blood Vial":22,"Girya":26,"Replay:Baseball":67,"Oddly Smooth Stone":26,"Black Blood":43,"hubris:IronBody":16,"Art of War":67,"infinitespire:Lucky Rock":30,"Replay:Wax Seal":26,"hubris:Towel":49,"Burning Blood":0}]},"card_choices":[{"not_picked":["Uppercut","hubris:CleavingFinish"],"picked":"Perfected Strike","floor":0},{"not_picked":["Clash","Sentinel"],"picked":"Life Link","floor":1},{"not_picked":["ReplayReversal","Iron Wave"],"picked":"hubris:CleavingFinish","floor":2},{"not_picked":["Clothesline","Body Slam"],"picked":"Cleave","floor":3},{"not_picked":["Searing Blow","hubris:ReadiedAction"],"picked":"Spot Weakness","floor":5},{"not_picked":["ReplayTheSpireMod:Strike From Hell","Abandon"],"picked":"Life Link","floor":6},{"not_picked":["Body Slam","Headbutt"],"picked":"Spot Weakness","floor":7},{"not_picked":["Pommel Strike","Wild Strike"],"picked":"Heavy Blade","floor":8},{"not_picked":["Combust","ReplayReversal"],"picked":"Spot Weakness","floor":10},{"not_picked":["Shrug It Off","Headbutt"],"picked":"Juggernaut","floor":12},{"not_picked":["Sever Soul","Shrug It Off"],"picked":"Thunderclap","floor":14},{"not_picked":["Barricade","Impervious"],"picked":"Juggernaut","floor":16},{"not_picked":["Uppercut+1","Shrug It Off+1"],"picked":"ReplayTheSpireMod:Strike From Hell+1","floor":18},{"not_picked":["Abandon+1","Cleave"],"picked":"Pummel","floor":20},{"not_picked":["Sever Soul+1","Seeing Red"],"picked":"Thunderclap","floor":22},{"not_picked":["Replay:Undeath\u0027s Touch","Shrug It Off+1"],"picked":"infinitespire:OneForAll","floor":24},{"not_picked":["Armaments","Thunderclap"],"picked":"Inflame+1","floor":25}],"player_experience":172379,"relics_obtained":[{"floor":6,"key":"hubris:IronBody"},{"floor":9,"key":"Blood Vial"},{"floor":10,"key":"Replay:Wax Seal"},{"floor":12,"key":"infinitespire:Lucky Rock"},{"floor":25,"key":"Replay:Baseball"},{"floor":26,"key":"Art of War"}],"event_choices":[{"damage_healed":0,"gold_gain":0,"player_choice":"Donut","damage_taken":0,"max_hp_gain":5,"max_hp_loss":0,"event_name":"Big Fish","floor":4,"gold_loss":0},{"damage_healed":0,"gold_gain":0,"cards_transformed":["Life Link"],"player_choice":"Transformed","damage_taken":0,"max_hp_gain":0,"max_hp_loss":0,"event_name":"Transmorgrifier","floor":21,"gold_loss":0,"cards_obtained":["Rage"]}],"is_beta":false,"boss_relics":[{"not_picked":["reliquary:RedPaperclip","Replay:Wanted Poster"],"picked":"Black Blood"}],"items_purged_floors":[],"is_endless":false,"potions_floor_spawned":[2,6,7,8,10,16,22],"killed_by":"Nightmare","ascension_level":5}}