{"host":"xp27heuvanyklt0b","time":1613222208,"event":{"mods":["100% Spire Juice","BaseMod","CapriCore","Minty Spire (QoL Compilation)","StSLib","The Immortal"],"gold_per_floor":[118,133,151,171,188,188,204,204,204,204,39,39,58,78,78,198,198,212,38,38,137,156,188,188,0,24,34,50,50,50,13,13,13,13,13],"floor_reached":33,"language":"KOR","playtime":1538,"items_purged":[],"score":284,"play_id":"8a842834-29ed-4685-99dd-ba87f14d88b0","local_time":"20210213221648","is_ascension_mode":false,"campfire_choices":[{"data":"MokouMod:InfernalWave","floor":6,"key":"SMITH"},{"floor":15,"key":"REST"},{"data":"MokouMod:Overheat","floor":24,"key":"SMITH"},{"floor":32,"key":"REST"}],"circlet_count":0,"master_deck":["MokouMod:Strike","MokouMod:Strike","MokouMod:Strike","MokouMod:Strike","MokouMod:Strike","MokouMod:Defend+1","MokouMod:Defend+1","MokouMod:Defend","MokouMod:Defend","MokouMod:HeatSpark","MokouMod:InfernalWave+1","MokouMod:FlareStarter","MokouMod:CrimsonArmoury","MokouMod:ResonatingAura","MokouMod:ControlledCombustion","MokouMod:ImperishableFlame","MokouMod:PhoenixForm","MokouMod:FujiyamaVolcano","MokouMod:ResoluteFlare","MokouMod:FlickeringFlame","MokouMod:EnchantingBambooForest","CurseOfTheBell","MokouMod:RoaringFlare","MokouMod:Overheat+1","MokouMod:FlickeringFlame","MokouMod:ProfanedFlare","MokouMod:Cataclysm","MokouMod:Stoke","MokouMod:CrimsonArmoury"],"relics":["MokouMod:PhoenixFeather","Smiling Mask","Bloody Idol","Kunai","Calling Bell","Happy Flower","Matryoshka","Mango","Blood Vial","HornCleat","Ancient Tea Set","Strawberry","Boot","Meat on the Bone"],"acts_visited":["Exordium","TheCity"],"potions_floor_usage":[16,16,23,23,23,23,27,33,33,33],"damage_taken":[{"damage":1,"enemies":"Cultist","floor":1,"turns":4},{"damage":1,"enemies":"2 Louse","floor":2,"turns":4},{"damage":1,"enemies":"Jaw Worm","floor":3,"turns":6},{"damage":8,"enemies":"3 Louse","floor":4,"turns":5},{"damage":13,"enemies":"Red Slaver","floor":5,"turns":8},{"damage":0,"enemies":"2 Fungi Beasts","floor":7,"turns":5},{"damage":6,"enemies":"Exordium Wildlife","floor":13,"turns":4},{"damage":2,"enemies":"Looter","floor":14,"turns":4},{"damage":46,"enemies":"Hexaghost","floor":16,"turns":13},{"damage":24,"enemies":"3 Byrds","floor":18,"turns":8},{"damage":49,"enemies":"Spheric Guardian","floor":22,"turns":10},{"damage":62,"enemies":"Book of Stabbing","floor":23,"turns":6},{"damage":52,"enemies":"Chosen and Byrds","floor":27,"turns":11},{"damage":20,"enemies":"Snecko","floor":28,"turns":6},{"damage":59,"enemies":"Collector","floor":33,"turns":6}],"seed_played":"-7614023346594257237","potions_obtained":[{"floor":1,"key":"DistilledChaos"},{"floor":3,"key":"Regen Potion"},{"floor":16,"key":"FearPotion"},{"floor":22,"key":"EntropicBrew"},{"floor":23,"key":"Regen Potion"},{"floor":27,"key":"DistilledChaos"},{"floor":28,"key":"Regen Potion"}],"is_trial":false,"path_per_floor":["M","M","M","M","M","R","M","?","T","?","$","?","M","M","R","B",null,"M","$","?","?","M","E","R","?","T","M","M","T","?","$","R","B"],"character_chosen":"MKU","items_purchased":["MokouMod:PhoenixForm","MokouMod:FujiyamaVolcano","Blood Vial","MokouMod:Overheat","MokouMod:CrimsonArmoury"],"campfire_rested":2,"item_purchase_floors":[11,11,19,19,31],"current_hp_per_floor":[74,73,72,64,51,51,51,36,36,18,18,18,12,10,32,1,89,65,65,65,70,28,21,21,21,33,29,16,16,16,16,44,0,0,0],"gold":13,"neow_bonus":"RANDOM_COMMON_RELIC","is_daily":false,"chose_seed":false,"campfire_upgraded":2,"win_rate":0.0,"timestamp":1613222208,"path_taken":["M","M","M","M","M","R","?","?","T","?","$","?","M","?","R","BOSS","M","$","?","?","M","E","R","?","T","M","M","?","?","?","R","BOSS"],"items_purchased_type":["Card","Card","Relic","Card","Card"],"build_version":"2020-12-22","purchased_purges":0,"victory":false,"max_hp_per_floor":[75,75,75,75,75,75,75,75,75,75,75,75,75,75,75,75,89,89,89,89,89,89,89,89,89,96,96,96,96,96,96,96,96,96,96],"card_choices":[{"not_picked":["MokouMod:Cataclysm","MokouMod:CrimsonArmoury"],"picked":"MokouMod:InfernalWave","floor":1},{"not_picked":["MokouMod:TemporalFireSeal","MokouMod:ThermalPressure"],"picked":"MokouMod:FlareStarter","floor":2},{"not_picked":["MokouMod:Sear","MokouMod:Singe"],"picked":"MokouMod:CrimsonArmoury","floor":3},{"not_picked":["MokouMod:TemporalFireSeal","MokouMod:HeatFactory"],"picked":"MokouMod:ResonatingAura","floor":4},{"not_picked":["MokouMod:HeatTransfer","MokouMod:UncontrollableSolarReaction"],"picked":"MokouMod:ControlledCombustion","floor":5},{"not_picked":["MokouMod:Stoke","MokouMod:Afterburner"],"picked":"MokouMod:ImperishableFlame","floor":7},{"not_picked":["MokouMod:FlamingFireTalons","MokouMod:FusionFlare"],"picked":"MokouMod:ResoluteFlare","floor":13},{"not_picked":["MokouMod:HeatTransfer","MokouMod:BurningDraft"],"picked":"MokouMod:FlickeringFlame","floor":14},{"not_picked":["MokouMod:HouraiForge","MokouMod:SpontaneousHumanCombustion"],"picked":"MokouMod:EnchantingBambooForest","floor":16},{"not_picked":["MokouMod:EternalBurstReactor","MokouMod:UncontrollableSolarReaction+1"],"picked":"MokouMod:RoaringFlare","floor":18},{"not_picked":["MokouMod:Singe","MokouMod:FujiyamaVolcano"],"picked":"MokouMod:FlickeringFlame","floor":22},{"not_picked":["MokouMod:SubterraneanCore","MokouMod:SearingShot"],"picked":"MokouMod:ProfanedFlare","floor":23},{"not_picked":["MokouMod:RoaringFlare","MokouMod:FujiyamaVolcano+1"],"picked":"MokouMod:Cataclysm","floor":27},{"not_picked":["MokouMod:InfernalWave","MokouMod:BurningDraft"],"picked":"MokouMod:Stoke","floor":28}],"player_experience":228172,"relics_obtained":[{"floor":12,"key":"Kunai"},{"floor":17,"key":"Happy Flower"},{"floor":17,"key":"Matryoshka"},{"floor":17,"key":"Mango"},{"floor":23,"key":"HornCleat"},{"floor":26,"key":"Ancient Tea Set"},{"floor":26,"key":"Strawberry"},{"floor":29,"key":"Boot"},{"floor":29,"key":"Meat on the Bone"}],"event_choices":[{"damage_healed":0,"gold_gain":0,"player_choice":"Entered Light","damage_taken":15,"max_hp_gain":0,"max_hp_loss":0,"event_name":"Shining Light","floor":8,"gold_loss":0,"cards_upgraded":["MokouMod:Defend","MokouMod:Defend"]},{"damage_healed":0,"gold_gain":0,"player_choice":"Take Damage","damage_taken":18,"relics_obtained":["Golden Idol"],"max_hp_gain":0,"max_hp_loss":0,"event_name":"Golden Idol","floor":10,"gold_loss":0},{"damage_healed":0,"gold_gain":0,"player_choice":"Relic","damage_taken":0,"max_hp_gain":0,"max_hp_loss":0,"event_name":"Wheel of Change","floor":12,"gold_loss":0},{"damage_healed":0,"gold_gain":0,"player_choice":"Gave Idol","damage_taken":0,"relics_obtained":["Bloody Idol"],"max_hp_gain":0,"max_hp_loss":0,"event_name":"Forgotten Altar","floor":20,"relics_lost":["Golden Idol"],"gold_loss":0},{"damage_healed":0,"gold_gain":99,"player_choice":"Stole From Cult","damage_taken":0,"max_hp_gain":0,"max_hp_loss":0,"event_name":"Nest","floor":21,"gold_loss":0},{"damage_healed":0,"gold_gain":0,"player_choice":"Paid Fearfully","damage_taken":0,"max_hp_gain":0,"max_hp_loss":0,"event_name":"Masked Bandits","floor":25,"gold_loss":188},{"damage_healed":0,"gold_gain":0,"player_choice":"Ignored","damage_taken":0,"max_hp_gain":0,"max_hp_loss":0,"event_name":"The Mausoleum","floor":30,"gold_loss":0}],"is_beta":false,"boss_relics":[{"not_picked":["Runic Pyramid","Coffee Dripper"],"picked":"Calling Bell"}],"items_purged_floors":[],"is_endless":false,"potions_floor_spawned":[1,3,16,22,23,27,28],"killed_by":"Collector","ascension_level":0}}