{"host":"J","time":1613211391,"event":{"mods":["BaseMod","Minty Spire (QoL Compilation)","Reliquary","StSLib","The Marked"],"gold_per_floor":[219,219,219,237,253,271,271,301,349,361,74,100,127,153,153,248,248,264,91,91,117,163,193,193,118,118,137,157,188,188,216,216,313,313,326,326,326,376,386,386,398,113,113,127,127,127],"floor_reached":45,"language":"ENG","playtime":1482,"items_purged":["theMarked:Strike","theMarked:Strike","theMarked:Strike+1"],"score":525,"play_id":"9f5c28d1-5420-4922-b33d-b655e72a9247","local_time":"20210213111631","is_ascension_mode":true,"campfire_choices":[{"data":"theMarked:RepellingDischarge","floor":7.0,"key":"SMITH"},{"floor":10.0,"key":"REST"},{"data":"theMarked:SoldierOfQuellstein","floor":15.0,"key":"SMITH"},{"data":"theMarked:StartUp","floor":24.0,"key":"SMITH"},{"floor":30.0,"key":"REST"},{"data":"theMarked:Toughness","floor":32.0,"key":"SMITH"},{"floor":40,"key":"REST"}],"circlet_count":0,"master_deck":["theMarked:Strike+1","theMarked:Defend+1","theMarked:Defend+1","theMarked:Defend+1","theMarked:SoldierOfQuellstein+1","theMarked:MysticalArsenal+1","theMarked:RepellingDischarge+1","theMarked:EmpowerWeapon","theMarked:ShockingTouch","theMarked:ChainLightning","theMarked:BanishingWave","theMarked:Toughness+1","theMarked:StartUp+1","theMarked:HeightenedSenses+1","theMarked:EternalStudent","theMarked:Pokerface+1","theMarked:SwordAndMagic+1","theMarked:Improvise","theMarked:ParalyzingBlade","theMarked:Vacuum","theMarked:Memento+1","Bandage Up","theMarked:WardOff+1","theMarked:Heritage","theMarked:OneWithTheBlade","Finesse","theMarked:BanishingStrike+1"],"relics":["theMarked:ArtifactOfAir","theMarked:Gun","reliquary:Aerogel","MawBank","MealTicket","PreservedInsect","reliquary:PartyBalloon","reliquary:WritOfMandamus","Centennial Puzzle","reliquary:ExpiredCoupon","reliquary:SilkGlove","reliquary:Buckler","reliquary:SharkskinSheath","Nunchaku","theMarked:SpiritSword","reliquary:OuijaBoard","StrikeDummy"],"acts_visited":["Exordium","TheCity","TheBeyond"],"potions_floor_usage":[38,45,45],"damage_taken":[{"damage":0.0,"enemies":"Small Slimes","floor":1.0,"turns":3.0},{"damage":1.0,"enemies":"Cultist","floor":4.0,"turns":4.0},{"damage":4.0,"enemies":"Jaw Worm","floor":5.0,"turns":4.0},{"damage":1.0,"enemies":"Exordium Wildlife","floor":6.0,"turns":4.0},{"damage":24.0,"enemies":"3 Sentries","floor":8.0,"turns":8.0},{"damage":8.0,"enemies":"Gremlin Nob","floor":14.0,"turns":3.0},{"damage":6.0,"enemies":"Slime Boss","floor":16.0,"turns":6.0},{"damage":13.0,"enemies":"Chosen","floor":18.0,"turns":3.0},{"damage":21.0,"enemies":"Slavers","floor":23.0,"turns":3.0},{"damage":9.0,"enemies":"Spheric Guardian","floor":27.0,"turns":4.0},{"damage":0.0,"enemies":"Cultist and Chosen","floor":28.0,"turns":4.0},{"damage":18.0,"enemies":"Gremlin Leader","floor":29.0,"turns":4.0},{"damage":7.0,"enemies":"Book of Stabbing","floor":31.0,"turns":3.0},{"damage":27.0,"enemies":"Automaton","floor":33.0,"turns":7.0},{"damage":1.0,"enemies":"Orb Walker","floor":35.0,"turns":3.0},{"damage":31,"enemies":"Mind Bloom Boss Battle","floor":38,"turns":4},{"damage":25,"enemies":"3 Darklings","floor":39,"turns":4},{"damage":15,"enemies":"4 Shapes","floor":41,"turns":5},{"damage":36,"enemies":"Sphere and 2 Shapes","floor":44,"turns":7},{"damage":10,"enemies":"Giant Head","floor":45,"turns":1}],"seed_played":"5823807503840526654","potions_obtained":[{"floor":1.0,"key":"FearPotion"},{"floor":6.0,"key":"SteroidPotion"},{"floor":8.0,"key":"Dexterity Potion"},{"floor":16.0,"key":"Explosive Potion"},{"floor":29.0,"key":"Weak Potion"},{"floor":31.0,"key":"DistilledChaos"},{"floor":38,"key":"SpeedPotion"},{"floor":39,"key":"DuplicationPotion"},{"floor":41,"key":"DistilledChaos"},{"floor":44,"key":"CultistPotion"}],"is_trial":false,"path_per_floor":["M","?","?","M","M","M","R","E","T","R","$","T","T","E","R","B",null,"M","$","?","T","T","E","R","?","T","M","M","E","R","E","R","B",null,"M","?","?","?","M","R","M","$","T","M","E"],"character_chosen":"THE_DEFAULT","items_purchased":["theMarked:Toughness","theMarked:StartUp","Regen Potion","theMarked:OneWithTheBlade","Finesse"],"campfire_rested":3,"item_purchase_floors":[11,11,19,42,42],"current_hp_per_floor":[70,58,58,57,53,52,52,28,28,49,49,49,49,41,41,35,70,57,70,70,70,70,49,49,49,49,40,40,34,55,48,48,21,70,69,66,66,35,14,33,22,37,37,1,0,0],"gold":127,"neow_bonus":"HUNDRED_GOLD","is_daily":false,"chose_seed":false,"campfire_upgraded":4,"win_rate":0.0,"timestamp":1613211391,"path_taken":["M","?","?","?","M","M","R","E","T","R","?","?","?","E","R","BOSS","M","$","?","?","?","E","R","?","T","M","M","E","R","E","R","BOSS","M","?","?","?","M","R","M","$","T","M","E"],"items_purchased_type":["Card","Card","Potion","Card","Card"],"build_version":"2020-12-18","purchased_purges":3,"victory":false,"max_hp_per_floor":[70,70,70,70,70,70,70,70,70,70,70,70,70,70,70,70,70,70,70,70,70,70,70,70,70,70,70,70,70,70,70,70,70,70,70,66,66,66,66,66,66,66,66,66,66,66],"card_choices":[{"not_picked":["theMarked:Convert","theMarked:Aftermath"],"picked":"theMarked:MysticalArsenal","floor":1.0},{"not_picked":["theMarked:Seal","theMarked:Determination"],"picked":"theMarked:EmpowerWeapon","floor":4.0},{"not_picked":["theMarked:RepellingDischarge","theMarked:Overcharge"],"picked":"theMarked:ShockingTouch","floor":5.0},{"not_picked":["theMarked:Maelstrom","theMarked:TwofoldDefense"],"picked":"theMarked:ChainLightning","floor":6.0},{"not_picked":["theMarked:Memento","theMarked:WastefulAttack"],"picked":"theMarked:BanishingWave","floor":8.0},{"not_picked":["theMarked:ChainLightning","theMarked:Levitate"],"picked":"theMarked:HeightenedSenses","floor":14.0},{"not_picked":["theMarked:TurnInvisible","theMarked:UnarmedFury"],"picked":"theMarked:EternalStudent","floor":16.0},{"not_picked":["theMarked:ResourceFulStrike","theMarked:HeightenedSenses","theMarked:GodGivenPower"],"picked":"SKIP","floor":18.0},{"not_picked":["theMarked:MagusForm","theMarked:Panic+1"],"picked":"theMarked:Pokerface+1","floor":23.0},{"not_picked":["theMarked:ChainLightning","theMarked:Aftermath"],"picked":"theMarked:SwordAndMagic+1","floor":27.0},{"not_picked":["theMarked:Frustration","theMarked:EmpowerWeapon","theMarked:Standoff+1"],"picked":"SKIP","floor":28.0},{"not_picked":["theMarked:TwofoldDefense+1","theMarked:Snap"],"picked":"theMarked:Improvise","floor":29.0},{"not_picked":["theMarked:WastefulAttack","theMarked:BanishingWave"],"picked":"theMarked:ParalyzingBlade","floor":31.0},{"not_picked":["theMarked:Abjuration","theMarked:Defy"],"picked":"theMarked:Vacuum","floor":33.0},{"not_picked":["theMarked:HeightenedSenses+1","theMarked:TheMission"],"picked":"theMarked:Memento+1","floor":35.0},{"not_picked":["Dramatic Entrance","PanicButton"],"picked":"Bandage Up","floor":37.0},{"not_picked":["theMarked:WastefulAttack+1","theMarked:Memento"],"picked":"theMarked:WardOff+1","floor":39},{"not_picked":["theMarked:Overthink","theMarked:ElectricStrings"],"picked":"theMarked:Heritage","floor":41},{"not_picked":["theMarked:Memento+1","theMarked:ResourceFulStrike"],"picked":"theMarked:BanishingStrike+1","floor":44}],"player_experience":1260215,"relics_obtained":[{"floor":8.0,"key":"reliquary:Aerogel"},{"floor":9.0,"key":"MawBank"},{"floor":12.0,"key":"MealTicket"},{"floor":13.0,"key":"PreservedInsect"},{"floor":14.0,"key":"reliquary:PartyBalloon"},{"floor":21.0,"key":"Centennial Puzzle"},{"floor":22.0,"key":"reliquary:ExpiredCoupon"},{"floor":23.0,"key":"reliquary:SilkGlove"},{"floor":26.0,"key":"reliquary:Buckler"},{"floor":29.0,"key":"reliquary:SharkskinSheath"},{"floor":31.0,"key":"Nunchaku"},{"floor":38,"key":"reliquary:OuijaBoard"},{"floor":43,"key":"StrikeDummy"}],"event_choices":[{"damage_healed":0.0,"max_hp_gain":0.0,"max_hp_loss":0.0,"gold_gain":0.0,"event_name":"Scrap Ooze","player_choice":"Success","floor":2.0,"gold_loss":0.0,"damage_taken":12.0,"relics_obtained":["theMarked:Gun"]},{"damage_healed":0.0,"max_hp_gain":0.0,"max_hp_loss":0.0,"gold_gain":0.0,"cards_transformed":["theMarked:Defend"],"event_name":"Transmorgrifier","player_choice":"Transformed","floor":3.0,"gold_loss":0.0,"damage_taken":0.0,"cards_obtained":["theMarked:RepellingDischarge"]},{"damage_healed":0.0,"max_hp_gain":0.0,"max_hp_loss":0.0,"gold_gain":0.0,"event_name":"Back to Basics","player_choice":"Simplicity","floor":20.0,"gold_loss":0.0,"damage_taken":0.0,"cards_upgraded":["theMarked:Strike","theMarked:Strike","theMarked:Strike","theMarked:Defend","theMarked:Defend","theMarked:Defend"]},{"cards_removed":["theMarked:Strike"],"damage_healed":0.0,"max_hp_gain":0.0,"max_hp_loss":0.0,"gold_gain":0.0,"event_name":"Beggar","player_choice":"Gave Gold","floor":25.0,"gold_loss":75.0,"damage_taken":0.0},{"damage_healed":0.0,"max_hp_gain":0.0,"max_hp_loss":4.0,"gold_gain":0.0,"event_name":"Winding Halls","player_choice":"Max HP","floor":36.0,"gold_loss":0.0,"damage_taken":0.0},{"damage_healed":0.0,"max_hp_gain":0.0,"max_hp_loss":0.0,"gold_gain":0.0,"event_name":"SensoryStone","player_choice":"Memory 1","floor":37.0,"gold_loss":0.0,"damage_taken":0.0},{"damage_healed":0,"gold_gain":0,"player_choice":"Fight","damage_taken":0,"max_hp_gain":0,"max_hp_loss":0,"event_name":"MindBloom","floor":38,"gold_loss":0}],"is_beta":true,"boss_relics":[{"not_picked":["Runic Pyramid","Empty Cage"],"picked":"reliquary:WritOfMandamus"},{"not_picked":["reliquary:Craggleroot","reliquary:KinkedSpring"],"picked":"theMarked:SpiritSword"}],"items_purged_floors":[11,19,42],"is_endless":false,"potions_floor_spawned":[1,6,8,16,18,28,29,31,38,39,41,44],"killed_by":"Giant Head","ascension_level":2}}