{"host":"xiain65d2hovry7l","time":1613257792,"event":{"mods":["2.2 Compatiblity","Act Like it!","Aspiration","BaseMod","BetterRewards","Colored Map","Colored Powertips","Conspire","Duelist Mod","Energized Spire","Faster Ascension Climbing","Friendly Minions","Halation","Highlight Path","Koishi","Mimic Mod","Minty Spire (QoL Compilation)","Permanent Neow","Relic Sorter","Remilia??????","Shop Mod","StSLib","The Administrix","The Animator","The Construct","The Mystic","The Necromancer","TheSwordswoman","Thieving Mod","Unknown Chances","Yuri Mod"],"gold_per_floor":[112,125,125,143,157,187,199,199,222,222,289,61,61,61,61,173,173,183,204,223,3,3,3,3,3,3,3,21,21,21,40,40,143,143,155,80,91,103,116,116,116,116,140,140,169,169,184,184,184,184,184,184,8,8,8],"floor_reached":56,"language":"ENG","playtime":4467,"items_purged":["Koishi:BasicStrike","Koishi:BasicStrike"],"score":1169,"play_id":"4c661f2d-3b8d-4d75-92a5-436726be3936","local_time":"20210214000952","is_ascension_mode":false,"campfire_choices":[{"data":"Koishi:FidgetySnatcher","floor":8.0,"key":"SMITH"},{"data":"Trip","floor":15,"key":"SMITH"},{"data":"Koishi:ImGoingToCallYouNow","floor":30,"key":"SMITH"},{"data":"Koishi:MindStellarRelief","floor":32,"key":"SMITH"},{"floor":40,"key":"RECALL"},{"data":"Koishi:UnconsciousUrges","floor":44,"key":"SMITH"},{"data":"Koishi:Untouchable","floor":46,"key":"SMITH"},{"data":"Koishi:MindStellarRelief","floor":49,"key":"SMITH"},{"data":"Koishi:CatchAndRose","floor":52,"key":"SMITH"}],"circlet_count":0,"master_deck":["Koishi:BasicStrike","Koishi:BasicStrike","Koishi:BasicDefend","Koishi:BasicDefend","Koishi:BasicDefend","Koishi:Provoke","Koishi:HauntingSlash","Koishi:FidgetySnatcher+1","Koishi:IdleWhim","Koishi:MindStellarRelief+1","Koishi:PredatoryInstincts","Koishi:HeartfeltFancy","Koishi:DreadfulBlow","Koishi:DreadfulBlow","Trip+1","Koishi:ImGoingToCallYouNow+1","Koishi:SubconsciousSweep","Koishi:DNAsFlaw+1","Koishi:SprinkleStarAndHeart","Koishi:MindStellarRelief+1","Koishi:CatchAndRose","Koishi:FadingMemory","Koishi:CatchAndRose+1","Koishi:EmbersOfLove+1","Koishi:Untouchable+1","Koishi:CatchAndRose+1","Koishi:UnconsciousUrges+1","Koishi:MindNumbingTerror+1","Koishi:UnconsciousUrges+1","Koishi:RorschachInDanmaku+1"],"relics":["Koishi:ImaginaryFriend","aspiration:FrozenJewel","aspiration:ArtOfWarUpgrade","aspiration:Lifesprig","Strange Spoon","energizedSpire:EnergizedDie","Tiny Chest","Potion Belt","Vajra","Medical Kit","conspire:SeveredTorchhead","Blood Vial","Koishi:AHoleWhereASisterShouldBe","Happy Flower","White Beast Statue"],"acts_visited":["Exordium","TheCity","TheBeyond","TheEnding"],"potions_floor_usage":[18,35,55,55,55,55,55],"damage_taken":[{"damage":1.0,"enemies":"2 Louse","floor":1.0,"turns":5.0},{"damage":4.0,"enemies":"Jaw Worm","floor":2.0,"turns":9.0},{"damage":5.0,"enemies":"Small Slimes","floor":4.0,"turns":5.0},{"damage":23.0,"enemies":"Gremlin Gang","floor":5.0,"turns":6.0},{"damage":32.0,"enemies":"3 Sentries","floor":6.0,"turns":7.0},{"damage":5.0,"enemies":"Looter","floor":7.0,"turns":5.0},{"damage":11.0,"enemies":"3 Sentries","floor":11.0,"turns":8.0},{"damage":9,"enemies":"The Guardian","floor":16,"turns":8},{"damage":9,"enemies":"2 Thieves","floor":18,"turns":4},{"damage":0,"enemies":"Chosen","floor":19,"turns":3},{"damage":16,"enemies":"conspire:HollyBat","floor":20,"turns":7},{"damage":8,"enemies":"conspire:Head Lice","floor":23,"turns":5},{"damage":38,"enemies":"Slavers","floor":27,"turns":6},{"damage":4,"enemies":"3 Cultists","floor":28,"turns":3},{"damage":14,"enemies":"Shelled Parasite and Fungi","floor":31,"turns":5},{"damage":42,"enemies":"conspire:MysteriousRune","floor":33,"turns":8},{"damage":4,"enemies":"3 Darklings","floor":35,"turns":5},{"damage":10,"enemies":"Orb Walker","floor":37,"turns":3},{"damage":22,"enemies":"Transient","floor":38,"turns":5},{"damage":11,"enemies":"3 Darklings","floor":39,"turns":7},{"damage":4,"enemies":"Sphere and 2 Shapes","floor":41,"turns":6},{"damage":14,"enemies":"Jaw Worm Horde","floor":42,"turns":4},{"damage":22,"enemies":"Nemesis","floor":45,"turns":7},{"damage":0,"enemies":"Maw","floor":47,"turns":7},{"damage":35,"enemies":"conspire:OrnateMirror","floor":50,"turns":8},{"damage":21,"enemies":"Shield and Spear","floor":54,"turns":6},{"damage":34,"enemies":"The Heart","floor":55,"turns":10}],"seed_played":"2953902975189035405","potions_obtained":[{"floor":4.0,"key":"FearPotion"},{"floor":5.0,"key":"Swift Potion"},{"floor":6.0,"key":"ColorlessPotion"},{"floor":7.0,"key":"Dexterity Potion"},{"floor":20,"key":"Strength Potion"},{"floor":28,"key":"DistilledChaos"},{"floor":33,"key":"Block Potion"},{"floor":37,"key":"Explosive Potion"}],"is_trial":false,"path_per_floor":["M","M","?","M","M","E","M","R","T","R","?","$","R","$","R","B",null,"M","M","M","?","$","E","?","?","T","E","M","$","R","M","R","B",null,"M","$","M","M","M","R","M","M","T","R","E","R","M","T","R","B",null,"R","$","E","B",null],"character_chosen":"KOISHI","items_purchased":["Trip","aspiration:Lifesprig","DistilledChaos"],"campfire_rested":0,"item_purchase_floors":[12,12,53],"current_hp_per_floor":[60,58,58,56,36,10,12,12,12,12,18,18,18,18,18,19,60,60,60,60,60,40,56,56,56,56,43,53,53,53,60,60,60,60,60,60,60,60,60,60,60,60,60,60,60,60,60,60,60,60,60,60,60,50,60],"gold":8,"neow_bonus":"TRANSFORM_CARD","is_daily":false,"chose_seed":false,"campfire_upgraded":8,"win_rate":0.0,"timestamp":1613257792,"path_taken":["M","M","?","M","M","E","M","R","T","R","?","$","R","?","R","BOSS","M","M","M","?","$","E","?","?","T","E","M","$","R","M","R","BOSS","M","$","M","M","?","R","M","M","T","R","E","R","M","?","R","BOSS","R","$","E","BOSS"],"items_purchased_type":["Card","Relic","Potion"],"build_version":"2020-12-22","purchased_purges":2,"victory":true,"max_hp_per_floor":[60,60,60,60,60,60,60,60,60,60,60,60,60,60,60,60,60,60,60,60,60,60,60,60,60,60,60,60,60,60,60,60,60,60,60,60,60,60,60,60,60,60,60,60,60,60,60,60,60,60,60,60,60,60,60],"card_choices":[{"not_picked":["Koishi:HeartfeltFancy","Koishi:Jaunt"],"picked":"Koishi:IdleWhim","floor":1.0},{"not_picked":["Koishi:PhantomStrike","Koishi:BloodcurdlingScream"],"picked":"Koishi:MindStellarRelief","floor":2.0},{"not_picked":["Koishi:FleetingPhantom","Koishi:Jaunt","Koishi:Vanish"],"picked":"SKIP","floor":4.0},{"not_picked":["Koishi:PhantomStrike","Koishi:Possession"],"picked":"Koishi:PredatoryInstincts","floor":5.0},{"not_picked":["Koishi:FleetingPhantom","Koishi:UnseenTerror"],"picked":"Koishi:HeartfeltFancy","floor":6.0},{"not_picked":["Koishi:UnansweredLove","Koishi:FourthEye"],"picked":"Koishi:DreadfulBlow","floor":7.0},{"not_picked":["Koishi:Prune","Koishi:SpiritedAway"],"picked":"Koishi:DreadfulBlow","floor":11.0},{"not_picked":["Koishi:TerrifyingSpectre","Koishi:HeartStoppingHorror"],"picked":"Koishi:ImGoingToCallYouNow","floor":16},{"not_picked":["Koishi:RacingHeart+1","Koishi:DreadfulBlow","Koishi:Prune"],"picked":"SKIP","floor":18},{"not_picked":["Koishi:Possession+1","Koishi:EmbryosDream"],"picked":"Koishi:SubconsciousSweep","floor":19},{"not_picked":["Koishi:UnconsciousUprising","Koishi:FourthEye"],"picked":"Koishi:DNAsFlaw+1","floor":20},{"not_picked":["Koishi:GrowingPain","Koishi:SubconsciousSweep+1","Koishi:StingingMind"],"picked":"SKIP","floor":23},{"not_picked":["Koishi:UnansweredLove","Koishi:SpiritedAway"],"picked":"Koishi:MindStellarRelief","floor":27},{"not_picked":["Koishi:Jaunt+1","Koishi:UnconsciousUprising","Koishi:SubconsciousSweep+1"],"picked":"SKIP","floor":28},{"not_picked":["Koishi:StingingMind","Koishi:ParalyzingFear"],"picked":"Koishi:CatchAndRose","floor":31},{"not_picked":["Koishi:ImGoingToCallYouNow","Koishi:RuptureMind"],"picked":"Koishi:FadingMemory","floor":33},{"not_picked":["Koishi:Prune","Koishi:TraumaticStroke+1"],"picked":"Koishi:CatchAndRose","floor":35},{"not_picked":["Koishi:FleetingPhantom+1","Koishi:FourthEye"],"picked":"Koishi:EmbersOfLove+1","floor":37},{"not_picked":["Koishi:RacingHeart+1","Koishi:SubterraneanRose"],"picked":"Koishi:Untouchable","floor":38},{"not_picked":["Koishi:IdleWhim+1","Koishi:SpiritedAway+1"],"picked":"Koishi:CatchAndRose+1","floor":39},{"not_picked":["Koishi:ParalyzingFear","Koishi:DreadfulBlow+1"],"picked":"Koishi:UnconsciousUrges","floor":41},{"not_picked":["Koishi:SpiritedAway","Koishi:FleetingPhantom+1"],"picked":"Koishi:MindNumbingTerror+1","floor":42},{"not_picked":["Koishi:VengefulSpirit","Koishi:Untouchable+1"],"picked":"Koishi:UnconsciousUrges+1","floor":45},{"not_picked":["Koishi:ParalyzingFear","Koishi:UnconsciousUprising","Koishi:HeartAttack+1"],"picked":"SKIP","floor":47},{"not_picked":["Koishi:MindNumbingTerror","Koishi:SpiritedAway+1"],"picked":"Koishi:RorschachInDanmaku+1","floor":54}],"player_experience":705970,"relics_obtained":[{"floor":6.0,"key":"aspiration:FrozenJewel"},{"floor":9.0,"key":"Art of War"},{"floor":23,"key":"Potion Belt"},{"floor":27,"key":"Vajra"},{"floor":43,"key":"Blood Vial"},{"floor":45,"key":"Koishi:AHoleWhereASisterShouldBe"},{"floor":48,"key":"Happy Flower"},{"floor":54,"key":"White Beast Statue"}],"event_choices":[{"damage_healed":0.0,"max_hp_gain":0.0,"max_hp_loss":0.0,"gold_gain":30.0,"event_name":"Dead Adventurer","player_choice":"Searched \u00273\u0027 times","floor":11.0,"gold_loss":0.0,"damage_taken":0.0,"relics_obtained":["CeramicFish"]},{"damage_healed":0,"gold_gain":0,"player_choice":"Read","damage_taken":0,"max_hp_gain":0,"max_hp_loss":0,"event_name":"The Library","floor":24,"gold_loss":0,"cards_obtained":["Koishi:SprinkleStarAndHeart"]}],"is_beta":false,"boss_relics":[{"not_picked":["Ectoplasm","energizedSpire:StickyHand"],"picked":"energizedSpire:EnergizedDie"},{"not_picked":["Tiny House","Coffee Dripper"],"picked":"conspire:SeveredTorchhead"}],"items_purged_floors":[36,53],"is_endless":false,"potions_floor_spawned":[4,5,6,7,16,20,28,31,33,37,41,47],"ascension_level":0}}