{"host":"Baz","time":1613225779,"event":{"mods":["BaseMod","Colored Map","Filter the Spire","Googly Eyes","Highlight Path","Minty Spire (QoL Compilation)","Quick Restart","Rare Cards Sparkle","Relic Stats","StSLib"],"gold_per_floor":[362,362,2,17,35,35,63,78,129,149,149,224,255,265,265,339,339,358,374,245,245,255,288,288,322,346,346,379,395,410,97,97,97,97],"floor_reached":33,"language":"ENG","playtime":2182,"items_purged":["Strike_G","Strike_G"],"score":834,"play_id":"a978cdc5-66d5-4f2c-9694-a819bbd047e1","local_time":"20210213081619","is_ascension_mode":true,"campfire_choices":[{"data":"Apotheosis","floor":6,"key":"SMITH"},{"floor":11,"key":"REST"},{"data":"Accuracy","floor":15,"key":"SMITH"},{"floor":27,"key":"REST"},{"floor":32,"key":"REST"}],"circlet_count":0,"master_deck":["AscendersBane","Strike_G","Strike_G","Strike_G","Defend_G","Defend_G","Defend_G","Defend_G","Survivor","Neutralize","Finisher","Apotheosis+1","Well Laid Plans","Accuracy+1","Storm of Steel","Expertise","Cloak And Dagger","Blur","Wraith Form v2+1","Blade Dance","RitualDagger","Predator+1","Blade Dance","Cloak And Dagger+1","Night Terror","Cloak And Dagger","Acrobatics"],"relics":["Ring of the Snake","PreservedInsect","Frozen Egg 2","Bag of Marbles","Tiny Chest","Fusion Hammer","MealTicket","Anchor","Ninja Scroll","OrangePellets"],"acts_visited":["Exordium","TheCity"],"potions_floor_usage":[7,16,18,23,28,28],"damage_taken":[{"damage":3,"enemies":"2 Louse","floor":1,"turns":5},{"damage":0,"enemies":"Cultist","floor":4,"turns":4},{"damage":0,"enemies":"Small Slimes","floor":5,"turns":4},{"damage":10,"enemies":"3 Sentries","floor":7,"turns":5},{"damage":3,"enemies":"Blue Slaver","floor":8,"turns":5},{"damage":0,"enemies":"Large Slime","floor":10,"turns":6},{"damage":0,"enemies":"Gremlin Nob","floor":13,"turns":3},{"damage":14,"enemies":"3 Louse","floor":14,"turns":4},{"damage":0,"enemies":"Slime Boss","floor":16,"turns":5},{"damage":17,"enemies":"3 Byrds","floor":18,"turns":8},{"damage":3,"enemies":"Spheric Guardian","floor":19,"turns":6},{"damage":0,"enemies":"3 Cultists","floor":22,"turns":5},{"damage":14,"enemies":"Book of Stabbing","floor":23,"turns":5},{"damage":0,"enemies":"Gremlin Leader","floor":25,"turns":6},{"damage":14,"enemies":"Book of Stabbing","floor":28,"turns":3},{"damage":27,"enemies":"Cultist and Chosen","floor":29,"turns":6},{"damage":0,"enemies":"Snake Plant","floor":30,"turns":3},{"damage":45,"enemies":"Collector","floor":33,"turns":9}],"seed_played":"7564464257538651412","potions_obtained":[{"floor":4,"key":"Strength Potion"},{"floor":5,"key":"Fruit Juice"},{"floor":7,"key":"Energy Potion"},{"floor":10,"key":"Weak Potion"},{"floor":19,"key":"FearPotion"},{"floor":23,"key":"SneckoOil"},{"floor":25,"key":"Dexterity Potion"}],"is_trial":false,"path_per_floor":["M","?","$","M","M","R","E","M","T","M","R","?","E","M","R","B",null,"M","M","$","?","M","E","?","E","T","R","E","M","M","$","R","B"],"character_chosen":"THE_SILENT","items_purchased":["PreservedInsect","Apotheosis","Swift Potion","OrangePellets","Acrobatics"],"campfire_rested":3,"item_purchase_floors":[3,3,20,31,31],"current_hp_per_floor":[41,41,41,41,41,41,36,33,33,33,54,43,43,29,29,29,61,44,41,41,35,35,21,21,21,21,42,28,1,1,16,37,0,0],"gold":97,"neow_bonus":"TWO_FIFTY_GOLD","is_daily":false,"chose_seed":false,"campfire_upgraded":2,"win_rate":0.0,"timestamp":1613225779,"path_taken":["M","?","$","M","?","R","E","M","T","M","R","?","E","M","R","BOSS","M","M","$","?","M","E","?","E","T","R","E","M","M","$","R","BOSS"],"items_purchased_type":["Relic","Card","Potion","Relic","Card"],"build_version":"2020-12-18","purchased_purges":2,"victory":false,"max_hp_per_floor":[66,66,66,66,66,66,71,71,71,71,71,71,71,71,71,71,71,71,71,71,71,71,71,71,71,71,71,71,71,71,71,71,71,71],"relic_stats":{"OrangePellets":[1],"counters":[18,92],"Tiny Chest":0,"MealTicket":15,"PreservedInsect":191,"obtain_stats":[{"OrangePellets":31,"Anchor":25,"Ninja Scroll":28,"Tiny Chest":13,"MealTicket":23,"PreservedInsect":3,"Fusion Hammer":17,"Bag of Marbles":9,"Frozen Egg 2":7,"Ring of the Snake":0},{"OrangePellets":17,"Anchor":14,"Ninja Scroll":15,"Tiny Chest":7,"MealTicket":13,"PreservedInsect":1,"Fusion Hammer":9,"Bag of Marbles":5,"Frozen Egg 2":4,"Ring of the Snake":0},{"OrangePellets":83,"Anchor":71,"Ninja Scroll":74,"Tiny Chest":32,"MealTicket":65,"PreservedInsect":5,"Fusion Hammer":41,"Bag of Marbles":23,"Frozen Egg 2":18,"Ring of the Snake":0}],"Ring of the Snake":[36]},"card_choices":[{"not_picked":["Underhanded Strike","Backflip"],"picked":"Finisher","floor":1},{"not_picked":["Bane","Riddle With Holes"],"picked":"Well Laid Plans","floor":4},{"not_picked":["Bane","Well Laid Plans"],"picked":"Accuracy","floor":5},{"not_picked":["Flechettes","Acrobatics"],"picked":"Storm of Steel","floor":7},{"not_picked":["PiercingWail","Prepared"],"picked":"Expertise","floor":8},{"not_picked":["Dagger Spray","Outmaneuver"],"picked":"Cloak And Dagger","floor":10},{"not_picked":["Setup","Reflex"],"picked":"Blur","floor":13},{"not_picked":["Poisoned Stab","Slice","Distraction"],"picked":"SKIP","floor":14},{"not_picked":["Die Die Die","Phantasmal Killer"],"picked":"Wraith Form v2+1","floor":16},{"not_picked":["Reflex","Outmaneuver","Endless Agony"],"picked":"SKIP","floor":18},{"not_picked":["Flying Knee","Masterful Stab"],"picked":"Blade Dance","floor":19},{"not_picked":["Heel Hook","Bane"],"picked":"Predator+1","floor":22},{"not_picked":["Glass Knife","Quick Slash"],"picked":"Blade Dance","floor":23},{"not_picked":["PiercingWail","Quick Slash"],"picked":"Cloak And Dagger+1","floor":25},{"not_picked":["Dodge and Roll","Predator"],"picked":"Night Terror","floor":28},{"not_picked":["Backflip","Deadly Poison"],"picked":"Cloak And Dagger","floor":29},{"not_picked":["Caltrops+1","Underhanded Strike","Deflect"],"picked":"SKIP","floor":30}],"player_experience":1315119,"relics_obtained":[{"floor":7,"key":"Frozen Egg 2"},{"floor":9,"key":"Bag of Marbles"},{"floor":13,"key":"Tiny Chest"},{"floor":23,"key":"MealTicket"},{"floor":25,"key":"Anchor"},{"floor":28,"key":"Ninja Scroll"}],"event_choices":[{"cards_removed":["Defend_G"],"damage_healed":0,"gold_gain":0,"player_choice":"Offered Basic","damage_taken":0,"max_hp_gain":0,"max_hp_loss":0,"event_name":"Bonfire Elementals","floor":2,"gold_loss":0},{"damage_healed":0,"gold_gain":75,"player_choice":"Gather Gold","damage_taken":11,"max_hp_gain":0,"max_hp_loss":0,"event_name":"World of Goop","floor":12,"gold_loss":0},{"damage_healed":0,"gold_gain":0,"player_choice":"Joined the Cult","damage_taken":6,"max_hp_gain":0,"max_hp_loss":0,"event_name":"Nest","floor":21,"gold_loss":0,"cards_obtained":["RitualDagger"]},{"damage_healed":0,"gold_gain":0,"player_choice":"Ignored","damage_taken":0,"max_hp_gain":0,"max_hp_loss":0,"event_name":"The Mausoleum","floor":24,"gold_loss":0}],"is_beta":true,"boss_relics":[{"not_picked":["Ring of the Serpent","Pandora\u0027s Box"],"picked":"Fusion Hammer"}],"items_purged_floors":[20,31],"is_endless":false,"potions_floor_spawned":[4,5,7,10,19,23,25],"killed_by":"Collector","ascension_level":20}}