{"host":"b6y7xm5pwpiq42ks","time":1613195242,"event":{"mods":["AchievementEnabler","BaseMod","Colored Powertips","Highlight Path","Minty Spire (QoL Compilation)","Permanent Neow","Quick Restart"],"gold_per_floor":[112,112,112,135,149,173,207,219,255,267,295,331,518,530,542,554,554],"floor_reached":16,"language":"ENG","playtime":660,"items_purged":[],"score":102,"play_id":"e1ca2481-bf81-4cde-ab7a-111242e4cbde","local_time":"20210212214722","is_ascension_mode":false,"campfire_choices":[{"floor":8,"key":"REST"},{"floor":15,"key":"REST"}],"circlet_count":0,"master_deck":["Strike_P","Strike_P","Strike_P","Strike_P","Defend_P","Defend_P","Defend_P","Defend_P","Eruption","Vigilance","Vengeance","Evaluate","Injury","Consecrate","Collect","EmptyFist","Halt","Nirvana","SashWhip","Conclude","Doubt"],"relics":["PureWater","Golden Idol","MawBank","Potion Belt","HornCleat"],"acts_visited":["Exordium"],"potions_floor_usage":[12],"damage_taken":[{"damage":11.0,"enemies":"Jaw Worm","floor":1.0,"turns":2.0},{"damage":9.0,"enemies":"Small Slimes","floor":4.0,"turns":4.0},{"damage":0.0,"enemies":"Cultist","floor":5.0,"turns":3.0},{"damage":22.0,"enemies":"Large Slime","floor":6.0,"turns":6.0},{"damage":40,"enemies":"Lagavulin","floor":7,"turns":6},{"damage":4,"enemies":"Blue Slaver","floor":11,"turns":3},{"damage":11,"enemies":"Exordium Wildlife","floor":12,"turns":2},{"damage":58,"enemies":"Hexaghost","floor":16,"turns":9}],"seed_played":"-862991579046598349","potions_obtained":[{"floor":4.0,"key":"Ancient Potion"},{"floor":5.0,"key":"FairyPotion"},{"floor":7,"key":"AttackPotion"}],"is_trial":false,"path_per_floor":["M","?","?","M","M","M","E","R","T","?","M","M","?","T","R","B"],"character_chosen":"WATCHER","items_purchased":[],"campfire_rested":2,"item_purchase_floors":[],"current_hp_per_floor":[61,66,66,57,57,35,23,46,46,46,42,31,31,31,54,0,0],"gold":554,"neow_bonus":"THREE_CARDS","is_daily":false,"chose_seed":false,"campfire_upgraded":0,"win_rate":0.0,"timestamp":1613195242,"path_taken":["M","?","?","M","M","M","E","R","T","?","?","M","?","?","R","BOSS"],"items_purchased_type":[],"build_version":"2020-12-22","purchased_purges":0,"victory":false,"max_hp_per_floor":[72,77,77,77,77,77,77,77,77,77,77,77,77,77,77,77,77],"card_choices":[{"not_picked":["FollowUp","CrushJoints"],"picked":"Vengeance","floor":0.0},{"not_picked":["Crescendo","Worship"],"picked":"Evaluate","floor":1.0},{"not_picked":["CrushJoints","FollowUp"],"picked":"Consecrate","floor":4.0},{"not_picked":["EmptyMind","SashWhip"],"picked":"Collect","floor":5.0},{"not_picked":["Wallop","Halt"],"picked":"EmptyFist","floor":6.0},{"not_picked":["WreathOfFlame","CarveReality"],"picked":"Halt","floor":7},{"not_picked":["BowlingBash","CrushJoints"],"picked":"SashWhip","floor":11},{"not_picked":["Weave","Wallop"],"picked":"Conclude","floor":12}],"player_experience":170500,"relics_obtained":[{"floor":7,"key":"MawBank"},{"floor":9,"key":"Potion Belt"},{"floor":14,"key":"HornCleat"}],"event_choices":[{"damage_healed":0.0,"max_hp_gain":5.0,"max_hp_loss":0.0,"gold_gain":0.0,"event_name":"Big Fish","player_choice":"Donut","floor":2.0,"gold_loss":0.0,"damage_taken":0.0},{"damage_healed":0.0,"max_hp_gain":0.0,"max_hp_loss":0.0,"gold_gain":0.0,"event_name":"Golden Idol","player_choice":"Take Wound","floor":3.0,"gold_loss":0.0,"damage_taken":0.0,"relics_obtained":["Golden Idol"],"cards_obtained":["Injury"]},{"damage_healed":0,"gold_gain":0,"player_choice":"1 cards matched","damage_taken":0,"max_hp_gain":0,"max_hp_loss":0,"event_name":"Match and Keep!","floor":10,"gold_loss":0,"cards_obtained":["Nirvana"]},{"damage_healed":0,"gold_gain":175,"player_choice":"AGREE","damage_taken":0,"max_hp_gain":0,"max_hp_loss":0,"event_name":"Liars Game","floor":13,"gold_loss":0,"cards_obtained":["Doubt"]}],"is_beta":false,"boss_relics":[],"items_purged_floors":[],"is_endless":false,"potions_floor_spawned":[4,5,7],"killed_by":"Hexaghost","ascension_level":0}}