{"host":"o3b7ow6d1xe49css","time":1613183794,"event":{"mods":["Act Like it!","Aspiration","BaseMod","Bestiary","Better Altar","Better Match","Better Note","Better Sensory Stone","Better Skull","Better Third Choice","Colored Powertips","Conspire","Energized Spire","Force Act Four","GifTheSpireLib","Halation","Hermit","Hubris","Infinite Spire","Lobotomy","Marisa????????","Minty Spire (QoL Compilation)","Quick Restart","Rare Cards Sparkle","Relic Filter Mod","Reliquary","Replay The Spire","Spicy Shops","Spikes Relics","Spire Arcade","StSLib","Stuff the Spire","The Blue Laboratory","Wandering Minibosses"],"gold_per_floor":[109,124,142,172,185,185,217,250,250,250,18,18,53,87,87,184,184,200,210,210,210,210,243,243,278,303,330,330,430,505,532,532,672,672,736,376,376,276,306,358,407,407,432,486,486,545,545,615,615,759,759,759,91,124,230],"floor_reached":56,"language":"ENG","playtime":2615,"items_purged":["Flechettes","Scorched","infinitespire:UltimateForm+1"],"score":2195,"play_id":"1a8da8e9-54b5-4d1d-a33c-c9a1b47e583d","local_time":"20210212173634","daily_mods":["Heirloom","Flight"],"is_ascension_mode":true,"campfire_choices":[{"data":"Bash","floor":6.0,"key":"SMITH"},{"data":"hubris:StunningStrike","floor":6.0,"key":"SMITH"},{"data":"conspire:ExplosiveBarrier","floor":10.0,"key":"SMITH"},{"data":"Cleave","floor":10.0,"key":"SMITH"},{"data":"Metallicize","floor":12.0,"key":"SMITH"},{"data":"Uppercut","floor":12.0,"key":"SMITH"},{"data":"ReplayTheSpireMod:Muscle Training","floor":15.0,"key":"SMITH"},{"data":"conspire:HitWhereItHurts","floor":15.0,"key":"SMITH"},{"data":"Double Tap","floor":24.0,"key":"SMITH"},{"data":"conspire:Purge","floor":24.0,"key":"SMITH"},{"data":"True Grit","floor":28.0,"key":"SMITH"},{"floor":28.0,"key":"RECALL"},{"data":"Battle Trance","floor":32,"key":"SMITH"},{"data":"Sucker Punch","floor":32,"key":"SMITH"},{"data":"BarbarianYell","floor":42,"key":"SMITH"},{"data":"Shrug It Off","floor":42,"key":"SMITH"},{"data":"Flame Barrier","floor":47,"key":"SMITH"},{"data":"Defend_R","floor":47,"key":"SMITH"},{"data":"infinitespire:UltimateForm","floor":49,"key":"SMITH"},{"data":"Defend_R","floor":49,"key":"SMITH"},{"data":"conspire:HitWhereItHurts","floor":52,"key":"SMITH"},{"data":"Defend_R","floor":52,"key":"SMITH"}],"circlet_count":0,"master_deck":["Defend_R","Defend_R+1","Defend_R+1","Defend_R+1","Bash+1","Shrug It Off+1","Battle Trance+1","UniverseFragment","hubris:StunningStrike+1","Cleave+1","Uppercut+1","Metallicize+1","conspire:HitWhereItHurts+1","Double Tap+1","Sucker Punch+1","StuffTheSpire:Slingshot+1","True Grit+1","Power Through+1","BarbarianYell+1","Flame Barrier+1","Replay:Undeath\u0027s Touch+1","conspire:HitWhereItHurts+1","Replay:Undeath\u0027s Touch+1"],"relics":["Burning Blood","Ring of Chaos","halation:PenCase","CogitoBucket","Regal Pillow","Sundial","hubris:PeanutButter","halation:Toothbrush","hubris:OldNail","hubris:ChampionShield","conspire:SpecialSausage","Garlic","Replay:Rubber Ducky","Ornamental Fan","Potion Belt","reliquary:PorcupineQuills","conspire:BottledYoYo","Bird Faced Urn","RetroEgg","hubris:ToyBattleship","infinitespire:EvilPickle","infinitespire:Burning Sword","aspiration:AnachronicSnailShell","Letter Opener","reliquary:RosewoodLute","The Courier","Ancient Tea Set","infinitespire:Bottled Soul","reliquary:Aerogel","Orichalcum","Painkiller Herb","Ring of Chaos","Rawhide","Replay:Bottled Snecko","reliquary:PurpleTingedLeaf","hubris:TenFootPole"],"acts_visited":["Exordium","TheCity","TheBeyond","Exordium","TheEnding"],"potions_floor_usage":[31,48,48,55,55,55,55,55],"damage_taken":[{"damage":13.0,"enemies":"Jaw Worm","floor":1.0,"turns":4.0},{"damage":0.0,"enemies":"2 Louse","floor":2.0,"turns":4.0},{"damage":3.0,"enemies":"Small Slimes","floor":3.0,"turns":6.0},{"damage":17.0,"enemies":"conspire:MimicChest","floor":4.0,"turns":4.0},{"damage":0.0,"enemies":"3 Louse","floor":5.0,"turns":1.0},{"damage":20.0,"enemies":"Lagavulin","floor":7.0,"turns":6.0},{"damage":0.0,"enemies":"3 Sentries","floor":8.0,"turns":4.0},{"damage":9.0,"enemies":"Lagavulin","floor":13.0,"turns":7.0},{"damage":8.0,"enemies":"3 Sentries","floor":14.0,"turns":3.0},{"damage":9.0,"enemies":"The Guardian","floor":16.0,"turns":7.0},{"damage":0.0,"enemies":"Chosen","floor":18.0,"turns":1.0},{"damage":5.0,"enemies":"3 Byrds","floor":19.0,"turns":3.0},{"damage":3.0,"enemies":"Nightmare","floor":23.0,"turns":9.0},{"damage":0.0,"enemies":"Slavers","floor":25.0,"turns":5.0},{"damage":12.0,"enemies":"Book of Stabbing","floor":27.0,"turns":5.0},{"damage":3.0,"enemies":"Colosseum Slavers","floor":29.0,"turns":4.0},{"damage":0.0,"enemies":"Colosseum Nobs","floor":29.0,"turns":7.0},{"damage":0,"enemies":"Slavers","floor":31,"turns":4},{"damage":0,"enemies":"Pondfish","floor":33,"turns":6},{"damage":9,"enemies":"3 Shapes","floor":35,"turns":4},{"damage":0,"enemies":"3 Darklings","floor":39,"turns":4},{"damage":0,"enemies":"Nemesis","floor":40,"turns":3},{"damage":0,"enemies":"R_Hoarder","floor":41,"turns":4},{"damage":0,"enemies":"Reptomancer","floor":44,"turns":2},{"damage":0,"enemies":"R_Hoarder","floor":46,"turns":6},{"damage":0,"enemies":"Nightmare","floor":48,"turns":2},{"damage":6,"enemies":"Replay:Hell Engine","floor":50,"turns":5},{"damage":0,"enemies":"Shield and Spear","floor":54,"turns":3},{"damage":16,"enemies":"The Heart","floor":55,"turns":8}],"seed_played":"-8565785718862924197","potions_obtained":[{"floor":4.0,"key":"Milkshake"},{"floor":5.0,"key":"Toxic Potion"},{"floor":7.0,"key":"Fire Potion"},{"floor":13.0,"key":"Dexterity Potion"},{"floor":14.0,"key":"Strength Potion"},{"floor":16.0,"key":"blueLaboratory:StoneskinPotion"},{"floor":19.0,"key":"blueLaboratory:NullPotion"},{"floor":27.0,"key":"Strength Potion"},{"floor":29.0,"key":"Adrenaline Potion"},{"floor":31,"key":"blueLaboratory:ImpenetrablePotion"},{"floor":33,"key":"SteroidPotion"},{"floor":35,"key":"SpeedPotion"},{"floor":41,"key":"BlessingOfTheForge"},{"floor":46,"key":"DistilledChaos"},{"floor":50,"key":"LifebloodPotion"}],"is_trial":true,"path_per_floor":["M","M","M","?","M","R","E","E","T","R","$","R","E","E","R","B",null,"M","M","?","AVR","?","NM","R","E","T","E","R","?","T","E","R","B",null,"M","$","AVR","NS","M","E","E","R","T","E","?","E","R","NM","R","B",null,"T","T","E","B",null],"character_chosen":"IRONCLAD","items_purchased":["Uppercut","Metallicize","aspiration:AnachronicSnailShell","SkillPotion","Rawhide","Replay:Bottled Snecko","reliquary:PurpleTingedLeaf"],"campfire_rested":0,"item_purchase_floors":[11,11,36,53,53,53,53],"current_hp_per_floor":[73,79,80,69,75,75,61,67,67,67,67,67,64,62,62,59,75,80,83,92,95,95,95,95,95,95,92,92,98,98,98,98,98,98,95,98,98,104,107,107,108,108,108,108,111,111,111,111,111,111,111,111,114,114,104],"gold":230,"neow_bonus":"","is_daily":false,"chose_seed":false,"campfire_upgraded":21,"win_rate":0.0,"timestamp":1613183794,"path_taken":["M","M","M","?","M","R","E","E","T","R","$","R","E","E","R","BOSS","M","M","?","AVR","?","NM","R","E","T","E","R","?","?","E","R","BOSS","M","$","AVR","NS","M","E","E","R","T","E","?","E","R","NM","R","BOSS","T","T","E","BOSS"],"items_purchased_type":["Card","Card","Relic","Potion","Relic","Relic","Relic"],"build_version":"2020-12-22","purchased_purges":3,"victory":true,"max_hp_per_floor":[80,80,80,80,80,80,80,80,80,80,80,80,80,80,80,80,80,80,83,92,95,95,95,95,95,95,98,98,98,98,98,98,98,98,98,101,101,107,107,107,108,108,108,108,111,111,111,111,111,111,111,111,114,114,114],"card_choices":[{"not_picked":["Dark Embrace","ReplayTheSpireMod:Corrosion Curse"],"picked":"Shrug It Off","floor":1.0},{"not_picked":["GalaxyChild","WallGazer","CrumblingArmor"],"picked":"Singing Bowl","floor":1.0},{"not_picked":["Iron Wave","Warcry"],"picked":"conspire:Purge","floor":2.0},{"not_picked":["OldLady","Wellcheers","WallGazer"],"picked":"Singing Bowl","floor":2.0},{"not_picked":["Warcry","Power Through"],"picked":"Battle Trance","floor":3.0},{"not_picked":["Wellcheers","Murderer"],"picked":"Scorched","floor":3.0},{"not_picked":["DespairKnight","Alriune"],"picked":"UniverseFragment","floor":4.0},{"not_picked":["ReplayTheSpireMod:Corrosion Curse","True Grit"],"picked":"hubris:StunningStrike","floor":5.0},{"not_picked":["OldLady","CrumblingArmor","ShyLook"],"picked":"Singing Bowl","floor":5.0},{"not_picked":["Infernal Blade","Wild Strike"],"picked":"Cleave","floor":7.0},{"not_picked":["Bloodbath","Wellcheers","BeautyBeast"],"picked":"Singing Bowl","floor":7.0},{"not_picked":["ReplayReversal","Anger"],"picked":"conspire:ExplosiveBarrier","floor":8.0},{"not_picked":["FairyFestival","BeautyBeast","OldLady"],"picked":"Singing Bowl","floor":8.0},{"not_picked":["ReplayTheSpireMod:LeadingStrike","StuffTheSpire:RockThrow"],"picked":"conspire:HitWhereItHurts","floor":13.0},{"not_picked":["Scarecrow","MeatLantern","GreedKing"],"picked":"Singing Bowl","floor":13.0},{"not_picked":["StuffTheSpire:Incineration","Clash"],"picked":"ReplayTheSpireMod:Muscle Training","floor":14.0},{"not_picked":["BeautyBeast","Woodsman","ShyLook"],"picked":"Singing Bowl","floor":14.0},{"not_picked":["StuffTheSpire:TitanForm","Hemogenesis"],"picked":"Double Tap","floor":16.0},{"not_picked":["MeltingLove","ShyLook","Murderer"],"picked":"Singing Bowl","floor":18.0},{"not_picked":["Wild Strike","Clash","StuffTheSpire:RockThrow+1"],"picked":"SKIP","floor":18.0},{"not_picked":["Clash","Run Through+1","Ghostly Armor+1"],"picked":"SKIP","floor":19.0},{"not_picked":["Warcry","Run Through+1"],"picked":"StuffTheSpire:Slingshot+1","floor":23.0},{"not_picked":["StuffTheSpire:RockThrow","Body Slam"],"picked":"True Grit","floor":25.0},{"not_picked":["Wild Strike+1","Clash","Invigoration"],"picked":"SKIP","floor":27.0},{"not_picked":["Absolvement+1","Wild Strike"],"picked":"Power Through+1","floor":29.0},{"not_picked":["Body Slam+1","StuffTheSpire:Pyroclast+1","Abandon"],"picked":"SKIP","floor":31},{"not_picked":["ReplayTheSpireMod:Strike From Hell","StuffTheSpire:Slingshot"],"picked":"BarbarianYell","floor":35},{"not_picked":["Infernal Blade","ReplayTheSpireMod:Muscle Training","Shrug It Off"],"picked":"SKIP","floor":39},{"not_picked":["hubris:ReadiedAction+1","ReplayTheSpireMod:Limb From Limb","StuffTheSpire:BloodClot+1"],"picked":"SKIP","floor":40},{"not_picked":["Sentinel+1","Clash+1","Invigoration"],"picked":"SKIP","floor":41},{"not_picked":["Entrench","Searing Blow+1"],"picked":"Flame Barrier","floor":44},{"not_picked":["Combust","Dual Wield","Warcry+1"],"picked":"SKIP","floor":46},{"not_picked":["Replay:Fractal Strike","infinitespire:Execution"],"picked":"infinitespire:UltimateForm","floor":48},{"not_picked":["Barricade","Flex+1"],"picked":"Replay:Undeath\u0027s Touch+1","floor":48},{"not_picked":["StuffTheSpire:TitanForm","hubris:StunningStrike"],"picked":"conspire:HitWhereItHurts","floor":50},{"not_picked":["ReplayTheSpireMod:Stacked","conspire:ExplosiveBarrier"],"picked":"Replay:Undeath\u0027s Touch+1","floor":54}],"player_experience":1386561,"relics_obtained":[{"floor":4.0,"key":"Regal Pillow"},{"floor":7.0,"key":"Sundial"},{"floor":8.0,"key":"hubris:PeanutButter"},{"floor":9.0,"key":"halation:Toothbrush"},{"floor":13.0,"key":"hubris:OldNail"},{"floor":14.0,"key":"hubris:ChampionShield"},{"floor":23.0,"key":"Replay:Rubber Ducky"},{"floor":25.0,"key":"Ornamental Fan"},{"floor":26.0,"key":"Potion Belt"},{"floor":27.0,"key":"reliquary:PorcupineQuills"},{"floor":29.0,"key":"conspire:BottledYoYo"},{"floor":29.0,"key":"Bird Faced Urn"},{"floor":30.0,"key":"RetroEgg"},{"floor":31,"key":"hubris:ToyBattleship"},{"floor":40,"key":"reliquary:RosewoodLute"},{"floor":41,"key":"The Courier"},{"floor":44,"key":"Ancient Tea Set"},{"floor":46,"key":"reliquary:Aerogel"},{"floor":48,"key":"Orichalcum"},{"floor":54,"key":"hubris:TenFootPole"}],"event_choices":[{"damage_healed":0.0,"max_hp_gain":0.0,"max_hp_loss":0.0,"gold_gain":0.0,"event_name":"betterNote:BetterNote","player_choice":"Ignored","floor":22.0,"gold_loss":0.0,"damage_taken":0.0,"cards_obtained":["Strike_R"]},{"damage_healed":0.0,"max_hp_gain":0.0,"max_hp_loss":0.0,"gold_gain":0.0,"event_name":"Colosseum","player_choice":"Fight","floor":29.0,"gold_loss":0.0,"damage_taken":0.0},{"damage_healed":0.0,"max_hp_gain":0.0,"max_hp_loss":0.0,"gold_gain":0.0,"event_name":"Colosseum","player_choice":"Fought Nobs","floor":29.0,"gold_loss":0.0,"damage_taken":0.0},{"cards_removed":["conspire:ExplosiveBarrier"],"damage_healed":0,"gold_gain":0,"player_choice":"Gave Card","damage_taken":0,"relics_obtained":["infinitespire:Bottled Soul"],"max_hp_gain":0,"max_hp_loss":0,"event_name":"WeMeetAgain","floor":45,"gold_loss":0}],"is_beta":false,"boss_relics":[{"not_picked":["CosmicIsotope","energizedSpire:StickyHand"],"picked":"conspire:SpecialSausage"},{"not_picked":["energizedSpire:OgreHead","reliquary:WritOfMandamus"],"picked":"infinitespire:Burning Sword"},{"not_picked":["aspiration:FutureDiary","ReplayTheSpireMod:DimensionalGlitch"],"picked":"Painkiller Herb"}],"items_purged_floors":[21,36,53],"is_endless":true,"potions_floor_spawned":[4,5,7,13,14,16,19,27,29,31,33,35,41,46,50],"ascension_level":5}}