{"host":"ox77rn1xcurm2t5a","time":1613229259,"event":{"mods":["2.2 Compatiblity","AchievementEnabler","Act Like it!","Aspiration","BaseMod","Best Route Mod","Better Match","Better Note","Better Sensory Stone","Block Reminder","Colored Map","Colored Powertips","Conjunction","Conspire","Custom Start","Energized Spire","GifTheSpireLib","Gold Saver","Gremlin Skip","Halation","Highlight Path","Hubris","Infinite Spire","Minty Spire (QoL Compilation)","Pale of the Ancients","Quick Restart","Replay The Spire","Reworked Bosses","ShortenTheSpire","Spire Exporter","StSLib","Stuff the Spire","Wandering Minibosses"],"gold_per_floor":[282,292,292,305,317,344,344,344,371,141,173,173,187,217,217,319,319,336,336,33,33,33,62,76,76,158,192,192,192,192,192,143,143,143,143,143],"floor_reached":35,"language":"ENG","playtime":1091,"items_purged":["Strike_P"],"score":311,"play_id":"313272af-e1ea-4955-8f5b-1a1eacedf66c","local_time":"20210213171419","is_ascension_mode":false,"campfire_choices":[{"floor":7.0,"key":"RECALL"},{"data":"Prostrate","floor":15.0,"key":"SMITH"},{"data":"MasterReality","floor":25.0,"key":"SMITH"},{"floor":28.0,"key":"REST"},{"data":"Eruption","floor":28.0,"key":"SMITH"},{"data":"Pray","floor":31.0,"key":"SMITH"},{"data":"Prostrate","floor":34.0,"key":"SMITH"}],"circlet_count":0,"master_deck":["Strike_P","Strike_P","Strike_P","Defend_P","Defend_P","Defend_P","Eruption+1","Vigilance","EmptyMind","BattleHymn","Pray","CrushJoints+1","Prostrate+1","MasterReality+1","Pray+1","EmptyBody","Prostrate+1"],"relics":["PureWater","halation:PrussianBluePaint","StuffTheSpire:Gunfinga","StuffTheSpire:PointBlank","CaptainsWheel","Toy Ornithopter","energizedSpire:MagnifyingGlass","infinitespire:Magic Flask","hubris:ScarierMask","Lee\u0027s Waffle","Tiny Chest","Kunai","hubris:TenFootPole","Nloth\u0027s Gift"],"acts_visited":["Exordium","TheCity"],"potions_floor_usage":[],"damage_taken":[{"damage":0.0,"enemies":"2 Louse","floor":1.0,"turns":2.0},{"damage":0.0,"enemies":"Cultist","floor":2.0,"turns":2.0},{"damage":0.0,"enemies":"Small Slimes","floor":4.0,"turns":3.0},{"damage":0.0,"enemies":"Red Slaver","floor":5.0,"turns":4.0},{"damage":35.0,"enemies":"Gremlin Nob","floor":6.0,"turns":4.0},{"damage":9.0,"enemies":"Replay:BlueRogue","floor":11.0,"turns":6.0},{"damage":5.0,"enemies":"Exordium Thugs","floor":13.0,"turns":4.0},{"damage":4.0,"enemies":"3 Sentries","floor":14.0,"turns":6.0},{"damage":15.0,"enemies":"Hexaghost","floor":16.0,"turns":8.0},{"damage":3.0,"enemies":"conspire:FuzzyDice","floor":18.0,"turns":6.0},{"damage":27.0,"enemies":"conspire:SneckoGhost","floor":23.0,"turns":9.0},{"damage":2.0,"enemies":"2 Thieves","floor":24.0,"turns":3.0},{"damage":21.0,"enemies":"Replay:Snechameleon","floor":27.0,"turns":5.0},{"damage":14.0,"enemies":"Shelled Parasite and Fungi","floor":32.0,"turns":7.0},{"damage":3,"enemies":"bossMod:newCollector","floor":35,"turns":1}],"seed_played":"-8323840696612870933","potions_obtained":[{"floor":2.0,"key":"Adrenaline Potion"},{"floor":5.0,"key":"Weak Potion"},{"floor":11.0,"key":"PowerPotion"},{"floor":13.0,"key":"FearPotion"},{"floor":16.0,"key":"Adrenaline Potion"},{"floor":23.0,"key":"Dexterity Potion"},{"floor":27.0,"key":"Explosive Potion"},{"floor":32.0,"key":"LiquidBronze"}],"is_trial":false,"path_per_floor":["M","M","?","M","M","E","R","?","T","$","E","?","M","E","R","B",null,"M","T","$","AVR","?","E","M","R","T","E","R","PTL","PTL","R","M","?","R","B"],"character_chosen":"WATCHER","items_purchased":["StuffTheSpire:Gunfinga","infinitespire:Magic Flask"],"campfire_rested":1,"item_purchase_floors":[10,20],"current_hp_per_floor":[72,72,72,72,72,37,37,37,37,37,28,28,23,19,19,4,72,69,69,69,79,79,52,50,50,50,29,52,52,52,52,43,43,43,40,40],"gold":143,"neow_bonus":"HUNDRED_GOLD","is_daily":false,"chose_seed":false,"campfire_upgraded":5,"win_rate":0.0,"timestamp":1613229259,"path_taken":["M","M","?","M","?","E","R","?","T","$","E","?","M","E","R","BOSS","M","?","?","AVR","?","E","M","R","T","E","R","PTL","PTL","R","M","?","R","BOSS"],"items_purchased_type":["Relic","Relic"],"build_version":"2020-12-22","purchased_purges":1,"victory":false,"max_hp_per_floor":[72,72,72,72,72,72,72,72,72,72,72,72,72,72,72,72,72,72,72,72,79,79,79,79,79,79,79,79,79,79,79,79,79,79,79,79],"card_choices":[{"not_picked":["Replay:Vibes","FollowUp"],"picked":"EmptyMind","floor":1.0},{"not_picked":["Replay:Battleflow","DeceiveReality","CrushJoints"],"picked":"SKIP","floor":2.0},{"not_picked":["CrushJoints","SashWhip"],"picked":"BattleHymn","floor":4.0},{"not_picked":["Weave","Halt"],"picked":"Pray","floor":5.0},{"not_picked":["WindmillStrike","EmptyMind","Scrawl"],"picked":"SKIP","floor":6.0},{"not_picked":["Replay:ManipulateFuture","ThirdEye","Replay:Hum"],"picked":"SKIP","floor":11.0},{"not_picked":["EmptyMind","Replay:BluntJabs"],"picked":"Prostrate","floor":13.0},{"not_picked":["Replay:Hum","EmptyMind","ThirdEye"],"picked":"SKIP","floor":14.0},{"not_picked":["Replay:AllIn","Brilliance"],"picked":"MasterReality","floor":16.0},{"not_picked":["Collect","Replay:ManipulateFuture","Replay:Hum"],"picked":"SKIP","floor":18.0},{"not_picked":["FlurryOfBlows","BowlingBash+1"],"picked":"Pray","floor":23.0},{"not_picked":["Indignation","EmptyMind"],"picked":"EmptyBody","floor":24.0},{"not_picked":["SandsOfTime+1","Halt","Replay:Vibes"],"picked":"SKIP","floor":27.0},{"not_picked":["WaveOfTheHand","Replay:Hum+1"],"picked":"Prostrate","floor":32.0}],"player_experience":3103928,"relics_obtained":[{"floor":6.0,"key":"halation:PrussianBluePaint"},{"floor":11.0,"key":"StuffTheSpire:PointBlank"},{"floor":14.0,"key":"Toy Ornithopter"},{"floor":19.0,"key":"Art of War"},{"floor":23.0,"key":"Tiny Chest"},{"floor":26.0,"key":"Kunai"},{"floor":27.0,"key":"hubris:TenFootPole"}],"event_choices":[{"damage_healed":0.0,"max_hp_gain":0.0,"max_hp_loss":0.0,"gold_gain":0.0,"event_name":"Transmorgrifier","player_choice":"Ignored","floor":3.0,"gold_loss":0.0,"damage_taken":0.0},{"damage_healed":0.0,"max_hp_gain":0.0,"max_hp_loss":0.0,"gold_gain":0.0,"event_name":"WeMeetAgain","player_choice":"Gave Potion","floor":12.0,"gold_loss":0.0,"damage_taken":0.0,"relics_obtained":["CaptainsWheel"]},{"damage_healed":0.0,"max_hp_gain":0.0,"max_hp_loss":0.0,"gold_gain":0.0,"event_name":"Transmorgrifier","player_choice":"Ignored","floor":22.0,"gold_loss":0.0,"damage_taken":0.0},{"damage_healed":0.0,"max_hp_gain":0.0,"max_hp_loss":0.0,"gold_gain":0.0,"event_name":"N\u0027loth","player_choice":"Traded Relic","floor":33.0,"relics_lost":["Art of War"],"gold_loss":0.0,"damage_taken":0.0,"relics_obtained":["Nloth\u0027s Gift"]}],"is_beta":false,"boss_relics":[{"not_picked":["energizedSpire:DeadBattery","energizedSpire:SpiderWeb"],"picked":"energizedSpire:MagnifyingGlass"}],"items_purged_floors":[10],"is_endless":false,"potions_floor_spawned":[2,5,11,13,16,23,27,32],"killed_by":"bossMod:newCollector","ascension_level":0}}