{"host":"ao8ok4k25npyixk7","time":1613225092,"event":{"mods":["BaseMod","Colored Map","Minty Spire (QoL Compilation)"],"gold_per_floor":[109,109,259,259,184,213,213,244,267,281,298,334,361,377,377,461,461,477,437,318,318,318],"floor_reached":21,"language":"ENG","playtime":622,"items_purged":["Doubt","Strike_G"],"score":494,"play_id":"60b74d85-432b-45f5-be82-407cd57a10b2","local_time":"20210213150452","is_ascension_mode":true,"campfire_choices":[{"data":"Predator","floor":7,"key":"SMITH"},{"data":"Deadly Poison","floor":15,"key":"SMITH"}],"circlet_count":0,"master_deck":["AscendersBane","Strike_G","Strike_G","Strike_G","Strike_G","Defend_G","Defend_G","Defend_G","Defend_G","Defend_G","Survivor","Neutralize","Crippling Poison+1","Predator+1","Deadly Poison+1","PiercingWail","Crippling Poison","Leg Sweep","Die Die Die","Dash","Underhanded Strike"],"relics":["Ring of the Snake","NeowsBlessing","Regal Pillow","Akabeko","Snake Skull","CeramicFish","Nunchaku","Snecko Eye"],"acts_visited":["Exordium","TheCity"],"potions_floor_usage":[12,12,18],"damage_taken":[{"damage":0,"enemies":"Jaw Worm","floor":1,"turns":1},{"damage":0,"enemies":"Lagavulin","floor":6,"turns":1},{"damage":0,"enemies":"3 Sentries","floor":8,"turns":1},{"damage":1,"enemies":"2 Louse","floor":10,"turns":2},{"damage":4,"enemies":"Small Slimes","floor":11,"turns":3},{"damage":6,"enemies":"Gremlin Nob","floor":12,"turns":3},{"damage":8,"enemies":"Red Slaver","floor":14,"turns":5},{"damage":10,"enemies":"Hexaghost","floor":16,"turns":8},{"damage":37,"enemies":"Spheric Guardian","floor":18,"turns":9},{"damage":19,"enemies":"2 Thieves","floor":19,"turns":5},{"damage":1,"enemies":"Snake Plant","floor":21,"turns":1}],"seed_played":"-9101257708305682388","potions_obtained":[{"floor":1,"key":"Explosive Potion"},{"floor":4,"key":"AttackPotion"},{"floor":12,"key":"PowerPotion"},{"floor":14,"key":"AttackPotion"}],"is_trial":false,"path_per_floor":["M","?","?","?","$","E","R","E","T","M","M","E","T","M","R","B",null,"M","M","$","M"],"character_chosen":"THE_SILENT","items_purchased":["Underhanded Strike"],"campfire_rested":0,"item_purchase_floors":[20],"current_hp_per_floor":[59,59,59,59,59,59,59,59,59,58,54,48,48,40,40,30,57,20,1,1,0,0],"gold":318,"neow_bonus":"THREE_ENEMY_KILL","is_daily":false,"chose_seed":false,"campfire_upgraded":2,"win_rate":0.0,"timestamp":1613225092,"path_taken":["M","?","?","?","$","E","R","E","T","M","?","E","?","M","R","BOSS","M","?","$","M"],"items_purchased_type":["Card"],"build_version":"2020-12-22","purchased_purges":2,"victory":false,"max_hp_per_floor":[66,66,66,66,66,66,66,66,66,66,66,66,66,66,66,66,66,66,66,66,66,66],"card_choices":[{"not_picked":["Flechettes","Calculated Gamble"],"picked":"Crippling Poison","floor":1},{"not_picked":["Calculated Gamble","Terror"],"picked":"Predator","floor":6},{"not_picked":["Quick Slash","Caltrops"],"picked":"Deadly Poison","floor":8},{"not_picked":["Quick Slash","Bane"],"picked":"PiercingWail","floor":10},{"not_picked":["Concentrate","Escape Plan"],"picked":"Crippling Poison","floor":11},{"not_picked":["Outmaneuver","Dagger Throw"],"picked":"Leg Sweep","floor":12},{"not_picked":["PiercingWail","Dagger Spray","Dodge and Roll"],"picked":"SKIP","floor":14},{"not_picked":["Venomology","Unload"],"picked":"Die Die Die","floor":16},{"not_picked":["Bane","Backstab","Quick Slash"],"picked":"SKIP","floor":18},{"not_picked":["Tactician","PiercingWail"],"picked":"Dash","floor":19}],"player_experience":269691,"relics_obtained":[{"floor":6,"key":"Regal Pillow"},{"floor":8,"key":"Akabeko"},{"floor":9,"key":"Snake Skull"},{"floor":12,"key":"CeramicFish"},{"floor":13,"key":"Nunchaku"}],"event_choices":[{"damage_healed":0,"gold_gain":0,"player_choice":"Grow","damage_taken":0,"max_hp_gain":0,"max_hp_loss":0,"event_name":"Living Wall","floor":2,"gold_loss":0,"cards_upgraded":["Crippling Poison"]},{"damage_healed":0,"gold_gain":150,"player_choice":"AGREE","damage_taken":0,"max_hp_gain":0,"max_hp_loss":0,"event_name":"Liars Game","floor":3,"gold_loss":0,"cards_obtained":["Doubt"]},{"damage_healed":0,"gold_gain":0,"player_choice":"Got Potions","damage_taken":0,"max_hp_gain":0,"max_hp_loss":0,"event_name":"Lab","floor":4,"gold_loss":0}],"is_beta":false,"boss_relics":[{"not_picked":["WristBlade","Velvet Choker"],"picked":"Snecko Eye"}],"items_purged_floors":[5,20],"is_endless":false,"potions_floor_spawned":[1,12,14,16],"killed_by":"Snake Plant","ascension_level":20}}