{"host":"ul3z8ex5o8l5j7mh","time":1613209441,"event":{"mods":["AchievementEnabler","BaseMod","Bestiary","Colored Map","Colored Powertips","DeckTracker","Keyboard Shortcuts","Minty Spire (QoL Compilation)","Relic Sorter","Relic Stats","SuperFastMode"],"gold_per_floor":[114,114,189,202,202,227,227,258,307,322,339,339,339,355,355,355,355],"floor_reached":16,"language":"ENG","playtime":516,"items_purged":[],"score":132,"play_id":"b961eec2-2952-422d-ad62-5e850792ccca","local_time":"20210213104401","is_ascension_mode":true,"campfire_choices":[{"data":"Dropkick","floor":7,"key":"SMITH"},{"data":"Feed","floor":12,"key":"SMITH"},{"data":"Bash","floor":15,"key":"SMITH"}],"circlet_count":0,"master_deck":["Strike_R","Strike_R","Strike_R","Strike_R","Defend_R","Defend_R+1","Defend_R+1","Defend_R","Bash+1","Dropkick+1","Thunderclap","Flex","Feed+1","Uppercut","Thunderclap"],"relics":["Burning Blood","War Paint","Art of War","Meat on the Bone","Darkstone Periapt","Anchor"],"acts_visited":["Exordium"],"potions_floor_usage":[6,6,11,16],"damage_taken":[{"damage":0.0,"enemies":"Small Slimes","floor":1.0,"turns":3.0},{"damage":9.0,"enemies":"Cultist","floor":4.0,"turns":3.0},{"damage":25,"enemies":"Gremlin Nob","floor":6,"turns":4},{"damage":34,"enemies":"3 Sentries","floor":8,"turns":8},{"damage":2,"enemies":"Jaw Worm","floor":10,"turns":2},{"damage":0,"enemies":"Blue Slaver","floor":11,"turns":4},{"damage":4,"enemies":"Exordium Thugs","floor":14,"turns":3},{"damage":59,"enemies":"Hexaghost","floor":16,"turns":9}],"seed_played":"-205240198278863806","potions_obtained":[{"floor":1.0,"key":"LiquidBronze"},{"floor":4.0,"key":"PowerPotion"},{"floor":10,"key":"Dexterity Potion"},{"floor":14,"key":"Weak Potion"}],"is_trial":false,"path_per_floor":["M","?","?","M","?","E","R","E","T","M","M","R","?","M","R","B"],"character_chosen":"IRONCLAD","items_purchased":[],"campfire_rested":0,"item_purchase_floors":[],"current_hp_per_floor":[80,80,69,66,59,40,40,24,24,43,52,52,52,58,58,0,0],"gold":355,"neow_bonus":"RANDOM_COMMON_RELIC","is_daily":false,"chose_seed":false,"campfire_upgraded":3,"win_rate":0.0,"timestamp":1613209441,"path_taken":["M","?","?","M","?","E","R","E","T","M","M","R","?","M","R","BOSS"],"items_purchased_type":[],"build_version":"2020-12-22","purchased_purges":0,"victory":false,"max_hp_per_floor":[80,80,80,80,80,80,80,80,80,83,86,86,86,90,90,90,90],"relic_stats":{"Darkstone Periapt":0,"counters":[8,36],"Art of War":[1],"War Paint":["Defend_R","Defend_R"],"obtain_stats":[{"Darkstone Periapt":8,"Anchor":9,"Art of War":2,"War Paint":0,"Burning Blood":0,"Meat on the Bone":6},{"Darkstone Periapt":4,"Anchor":4,"Art of War":1,"War Paint":0,"Burning Blood":0,"Meat on the Bone":3},{"Darkstone Periapt":18,"Anchor":18,"Art of War":3,"War Paint":0,"Burning Blood":0,"Meat on the Bone":10}],"Burning Blood":36,"Meat on the Bone":24},"card_choices":[{"not_picked":["Entrench","Twin Strike"],"picked":"Dropkick","floor":1.0},{"not_picked":["Disarm","Hemokinesis"],"picked":"Thunderclap","floor":4.0},{"not_picked":["Shrug It Off","Disarm"],"picked":"Flex","floor":6},{"not_picked":["Shockwave","Entrench"],"picked":"Feed","floor":8},{"not_picked":["Perfected Strike","Combust"],"picked":"Uppercut","floor":10},{"not_picked":["Twin Strike","Power Through"],"picked":"Thunderclap","floor":11},{"not_picked":["Bloodletting","Warcry","Headbutt"],"picked":"SKIP","floor":14}],"player_experience":359504,"relics_obtained":[{"floor":6,"key":"Meat on the Bone"},{"floor":8,"key":"Darkstone Periapt"},{"floor":9,"key":"Anchor"}],"event_choices":[{"damage_healed":0.0,"max_hp_gain":0.0,"max_hp_loss":0.0,"gold_gain":0.0,"event_name":"Big Fish","player_choice":"Box","floor":2.0,"gold_loss":0.0,"damage_taken":0.0,"relics_obtained":["Art of War"],"cards_obtained":["Regret"]},{"damage_healed":0.0,"max_hp_gain":0.0,"max_hp_loss":0.0,"gold_gain":75.0,"event_name":"World of Goop","player_choice":"Gather Gold","floor":3.0,"gold_loss":0.0,"damage_taken":11.0},{"cards_removed":["Regret"],"damage_healed":0.0,"max_hp_gain":0.0,"max_hp_loss":0.0,"gold_gain":0.0,"event_name":"Golden Wing","player_choice":"Card Removal","floor":5.0,"gold_loss":0.0,"damage_taken":7.0},{"cards_removed":["Strike_R"],"damage_healed":0,"gold_gain":0,"player_choice":"Purged","damage_taken":0,"max_hp_gain":0,"max_hp_loss":0,"event_name":"Purifier","floor":13,"gold_loss":0}],"is_beta":false,"boss_relics":[],"items_purged_floors":[],"is_endless":false,"potions_floor_spawned":[1,4,10,14],"killed_by":"Hexaghost","ascension_level":4}}