{"host":"8u1cu4kisw6g21am","time":1613253643,"event":{"mods":["AchievementEnabler","BaseMod","Bestiary","BetterRewards","Minty Spire (QoL Compilation)","Quick Restart","Shop Mod","StSLib"],"gold_per_floor":[111,111,126,126,145,145,158,158,205,205,205,240,258,278,278,377,377,397,57,57,77,37,37,20,20,20,20,39,57,134,36,36,131,131,151,25,38,53,53,53,83,83,83,83,170,170,189,239,239,239,239,239,59,87,87],"floor_reached":56,"language":"ENG","playtime":5164,"items_purged":["Strike_B","Defend_B","Strike_B","Strike_B","Strike_B","Defend_B","Defend_B","Defend_B","Go for the Eyes"],"score":1573,"play_id":"ffaa3688-dd5a-47b3-9c23-915e9da489a2","local_time":"20210213170043","is_ascension_mode":false,"campfire_choices":[{"data":"Dualcast","floor":6.0,"key":"SMITH"},{"data":"Zap","floor":8.0,"key":"SMITH"},{"data":"Redo","floor":10.0,"key":"SMITH"},{"data":"Redo","floor":15.0,"key":"SMITH"},{"data":"Redo","floor":23.0,"key":"SMITH"},{"floor":25.0,"key":"RECALL"},{"data":"Secret Weapon","floor":27.0,"key":"SMITH"},{"data":"Violence","floor":32.0,"key":"SMITH"},{"data":"Gash","floor":40.0,"key":"SMITH"},{"data":"Impatience","floor":44.0,"key":"SMITH"},{"data":"Sweeping Beam","floor":46.0,"key":"SMITH"},{"data":"All For One","floor":49.0,"key":"SMITH"},{"floor":52.0,"key":"DIG"}],"circlet_count":0,"master_deck":["Zap+1","Dualcast+1","Go for the Eyes","Beam Cell+1","Beam Cell+1","Impatience+1","Swift Strike","Go for the Eyes","Redo+1","Secret Weapon+1","Scrape+1","Beam Cell","Seek+1","Purity","Redo+1","Trip+1","Violence+1","Fission+1","Impatience+1","Go for the Eyes","Redo+1","Gash+1","Sweeping Beam+1","Stack","All For One+1","CurseOfTheBell","Go for the Eyes+1","Swift Strike+1","Multi-Cast+1","Gash+1","Scrape+1","Swift Strike+1","Parasite","Gash+1","Chill+1","Flash of Steel+1"],"relics":["Cracked Core","MerchantsRug","Question Card","Lantern","Shovel","Membership Card","Ice Cream","Bag of Marbles","Vajra","HornCleat","Gambling Chip","Molten Egg 2","Bottled Lightning","Singing Bowl","Toxic Egg 2","Nuclear Battery","DollysMirror","CaptainsWheel","Gremlin Horn","ClockworkSouvenir","Boot"],"acts_visited":["Exordium","TheCity","TheBeyond","TheEnding"],"potions_floor_usage":[55,55,55,55],"damage_taken":[{"damage":0.0,"enemies":"Cultist","floor":1.0,"turns":2.0},{"damage":0.0,"enemies":"Small Slimes","floor":3.0,"turns":2.0},{"damage":0.0,"enemies":"2 Louse","floor":5.0,"turns":2.0},{"damage":3.0,"enemies":"Red Slaver","floor":7.0,"turns":2.0},{"damage":0.0,"enemies":"Gremlin Nob","floor":12.0,"turns":2.0},{"damage":9.0,"enemies":"Exordium Thugs","floor":13.0,"turns":2.0},{"damage":2.0,"enemies":"3 Louse","floor":14.0,"turns":2.0},{"damage":30.0,"enemies":"The Guardian","floor":16.0,"turns":5.0},{"damage":0.0,"enemies":"3 Byrds","floor":18.0,"turns":3.0},{"damage":0.0,"enemies":"Chosen","floor":21.0,"turns":1.0},{"damage":0.0,"enemies":"Snake Plant","floor":28.0,"turns":1.0},{"damage":0.0,"enemies":"Centurion and Healer","floor":29.0,"turns":1.0},{"damage":6.0,"enemies":"Collector","floor":33.0,"turns":4.0},{"damage":0.0,"enemies":"3 Darklings","floor":35.0,"turns":2.0},{"damage":0.0,"enemies":"Orb Walker","floor":37.0,"turns":1.0},{"damage":0.0,"enemies":"Writhing Mass","floor":38.0,"turns":2.0},{"damage":0.0,"enemies":"Nemesis","floor":41.0,"turns":1.0},{"damage":0.0,"enemies":"Jaw Worm Horde","floor":47.0,"turns":1.0},{"damage":0.0,"enemies":"Mind Bloom Boss Battle","floor":48.0,"turns":1.0},{"damage":41.0,"enemies":"Time Eater","floor":50.0,"turns":7.0},{"damage":0,"enemies":"Shield and Spear","floor":54,"turns":1},{"damage":118,"enemies":"The Heart","floor":55,"turns":6}],"seed_played":"-3475958447886410560","potions_obtained":[{"floor":3.0,"key":"PowerPotion"},{"floor":7.0,"key":"LiquidMemories"},{"floor":13.0,"key":"Explosive Potion"},{"floor":21.0,"key":"ColorlessPotion"},{"floor":28.0,"key":"Fire Potion"},{"floor":35.0,"key":"Block Potion"},{"floor":48.0,"key":"EntropicBrew"}],"is_trial":false,"path_per_floor":["M","?","M","?","M","R","M","R","T","R","?","E","M","M","R","B",null,"M","$","?","M","?","R","$","R","T","R","M","M","T","$","R","B",null,"M","$","M","M","?","R","E","?","T","R","$","R","M","?","R","B",null,"R","$","E","B",null],"character_chosen":"DEFECT","items_purchased":["Go for the Eyes","MerchantsRug","Question Card","Lantern","Orrery","Impatience","LiquidMemories","Membership Card","Ice Cream","Swift Strike","Go for the Eyes","Redo","Mango","Bag of Marbles","Secret Weapon","Scrape","Beam Cell","Seek","Purity","Whetstone","Redo","Lee\u0027s Waffle","Trip","Violence","Juzu Bracelet","Fission","Impatience","Go for the Eyes","Good Instincts","Molten Egg 2","Swift Strike+1","Ancient Potion","Bottled Lightning","Potion Belt","BlessingOfTheForge","LiquidBronze","LiquidMemories","Gash+1","DollysMirror","Swift Strike+1","LiquidMemories","Flash of Steel+1","ClockworkSouvenir","LiquidBronze","DuplicationPotion"],"campfire_rested":0,"item_purchase_floors":[0,0,0,0,0,0,0,0,0,0,0,0,0,0,0,0,0,0,0,0,0,0,0,0,0,0,0,0,0,19,19,19,24,24,31,31,31,36,36,36,45,53,53,53,53],"current_hp_per_floor":[96,96,96,96,96,96,93,93,93,93,98,98,89,87,87,57,101,101,101,101,101,101,101,101,101,101,101,103,105,105,105,105,99,105,107,107,109,111,105,105,105,105,105,105,105,105,105,107,107,66,107,107,107,109,23],"gold":87,"neow_bonus":"","is_daily":false,"chose_seed":false,"campfire_upgraded":11,"win_rate":0.0,"timestamp":1613253643,"path_taken":["M","?","M","?","M","R","M","R","T","R","?","E","M","M","R","BOSS","M","$","?","M","?","R","$","R","T","R","M","?","?","?","R","BOSS","M","$","M","M","?","R","E","?","T","R","$","R","?","?","R","BOSS","R","$","E","BOSS"],"items_purchased_type":["Card","Relic","Relic","Relic","Relic","Card","Potion","Relic","Relic","Card","Card","Card","Relic","Relic","Card","Card","Card","Card","Card","Relic","Card","Relic","Card","Card","Relic","Card","Card","Card","Card","Relic","Card","Potion","Relic","Relic","Potion","Potion","Potion","Card","Relic","Card","Potion","Card","Relic","Potion","Potion"],"build_version":"2020-12-22","purchased_purges":9,"victory":true,"max_hp_per_floor":[96,96,96,96,96,96,96,96,96,96,101,101,101,101,101,101,101,101,101,101,101,101,101,101,101,101,101,103,105,105,105,105,105,105,107,107,109,111,105,105,105,105,105,105,105,105,105,107,107,107,107,107,107,109,109],"card_choices":[{"not_picked":["Redo","Capacitor","Cold Snap"],"picked":"Beam Cell","floor":0.0},{"not_picked":["All For One","Heatsinks","Conserve Battery"],"picked":"Beam Cell","floor":0.0},{"not_picked":["Rip and Tear","Chaos","Cold Snap"],"picked":"Conserve Battery","floor":0.0},{"not_picked":["Barrage","Steam","Tempest"],"picked":"Redo","floor":1.0},{"not_picked":["Recycle","Barrage","Hologram"],"picked":"Gash","floor":3.0},{"not_picked":["Coolheaded","Cold Snap","Reboot","Redo"],"picked":"SKIP","floor":5.0},{"not_picked":["Compile Driver","Recycle","Steam"],"picked":"Sweeping Beam","floor":7.0},{"not_picked":["Hyperbeam","Steam","Redo"],"picked":"Stack","floor":12.0},{"not_picked":["Stack","Steam","Self Repair"],"picked":"Go for the Eyes","floor":13.0},{"not_picked":["Beam Cell","Static Discharge","Consume","Cold Snap"],"picked":"SKIP","floor":14.0},{"not_picked":["Multi-Cast","Rainbow","Seek"],"picked":"All For One","floor":16.0},{"not_picked":["Leap","Chaos","Redo"],"picked":"Go for the Eyes+1","floor":18.0},{"not_picked":["Leap","Redo","Doom and Gloom+1","Barrage+1"],"picked":"SKIP","floor":21.0},{"not_picked":["Tempest+1","Ball Lightning+1","Stack+1","Consume+1"],"picked":"Singing Bowl","floor":28.0},{"not_picked":["Fission","Force Field","Streamline+1","Sunder+1"],"picked":"Singing Bowl","floor":29.0},{"not_picked":["Meteor Strike+1","Buffer","Electrodynamics"],"picked":"Multi-Cast+1","floor":33.0},{"not_picked":["Hello World","Undo+1","Loop","Force Field+1"],"picked":"Singing Bowl","floor":35.0},{"not_picked":["Conserve Battery+1","Chill+1","Ball Lightning+1","Steam+1"],"picked":"Singing Bowl","floor":37.0},{"not_picked":["Heatsinks","Conserve Battery+1","Barrage+1","Chaos+1"],"picked":"Singing Bowl","floor":38.0},{"not_picked":["Capacitor","Darkness+1","Streamline+1"],"picked":"Gash+1","floor":41.0},{"not_picked":["Barrage+1","Storm","Coolheaded+1"],"picked":"Chill+1","floor":47.0},{"not_picked":["Consume+1","Buffer","Streamline+1","Steam+1"],"picked":"Singing Bowl","floor":48.0},{"not_picked":["Coolheaded+1","Conserve Battery+1","Consume+1","Beam Cell+1"],"picked":"Singing Bowl","floor":54}],"player_experience":214180,"relics_obtained":[{"floor":12.0,"key":"Vajra"},{"floor":17.0,"key":"HornCleat"},{"floor":17.0,"key":"Gambling Chip"},{"floor":17.0,"key":"War Paint"},{"floor":26.0,"key":"Singing Bowl"},{"floor":30.0,"key":"Toxic Egg 2"},{"floor":41.0,"key":"Oddly Smooth Stone"},{"floor":43.0,"key":"Pocketwatch"},{"floor":48.0,"key":"CaptainsWheel"},{"floor":52.0,"key":"Gremlin Horn"},{"floor":54,"key":"Boot"}],"event_choices":[{"damage_healed":0.0,"max_hp_gain":0.0,"max_hp_loss":0.0,"gold_gain":0.0,"event_name":"Living Wall","player_choice":"Grow","floor":2.0,"gold_loss":0.0,"damage_taken":0.0,"cards_upgraded":["Fission"]},{"damage_healed":0.0,"max_hp_gain":0.0,"max_hp_loss":0.0,"gold_gain":0.0,"event_name":"The Cleric","player_choice":"Leave","floor":4.0,"gold_loss":0.0,"damage_taken":0.0},{"damage_healed":0.0,"max_hp_gain":5.0,"max_hp_loss":0.0,"gold_gain":0.0,"event_name":"Big Fish","player_choice":"Donut","floor":11.0,"gold_loss":0.0,"damage_taken":0.0},{"cards_removed":["Conserve Battery"],"damage_healed":0.0,"max_hp_gain":0.0,"max_hp_loss":0.0,"gold_gain":0.0,"event_name":"Back to Basics","player_choice":"Elegance","floor":20.0,"gold_loss":0.0,"damage_taken":0.0},{"damage_healed":0.0,"max_hp_gain":0.0,"max_hp_loss":0.0,"gold_gain":0.0,"event_name":"Designer","player_choice":"Upgraded Two","floor":22.0,"gold_loss":40.0,"damage_taken":0.0,"cards_upgraded":["Impatience","Beam Cell"]},{"damage_healed":0.0,"max_hp_gain":0.0,"max_hp_loss":6.0,"gold_gain":0.0,"event_name":"Winding Halls","player_choice":"Max HP","floor":39.0,"gold_loss":0.0,"damage_taken":0.0},{"cards_removed":["Good Instincts"],"damage_healed":0.0,"max_hp_gain":0.0,"max_hp_loss":0.0,"gold_gain":0.0,"event_name":"Falling","player_choice":"Removed Skill","floor":42.0,"gold_loss":0.0,"damage_taken":0.0},{"damage_healed":0.0,"max_hp_gain":0.0,"max_hp_loss":0.0,"gold_gain":0.0,"event_name":"MindBloom","player_choice":"Fight","floor":48.0,"gold_loss":0.0,"damage_taken":0.0}],"is_beta":false,"boss_relics":[{"not_picked":["Astrolabe","Cursed Key"],"picked":"Calling Bell"},{"not_picked":["Runic Pyramid","Velvet Choker"],"picked":"Nuclear Battery"}],"items_purged_floors":[0,0,0,0,0,0,0,0,19],"is_endless":false,"potions_floor_spawned":[3,7,13,21,28,35,41,47,48],"ascension_level":0}}