{"host":"sqgvx7mullq7izts","time":1613250701,"event":{"mods":["AchievementEnabler","AlwaysNeverKeys","Aspiration","Bard","BaseMod","Better Altar","Better Match","Better Note","Better Sensory Stone","Better Skull","Better Third Choice","Better Vampires","BetterRewards","Block Reminder","Colored Map","Conspire","Curses Come First","Custom Start","Defuse TimeMaze Blight","Disable Question Mark Monsters","Energized Spire","GifTheSpireLib","Gold Saver","Halation","Hermit","Hubris","Infinite Spire","Jedi Mod","Jorbs\u0027s Wanderer Trilogy","Mad Scientist","Minty Spire (QoL Compilation)","Permanent Neow","Quick Restart","Relic Filter","Remove Card Discount Mod","Replay The Spire","Reworked Bosses","Shade Mod","Shop Mod","Spicy Shops","Spikes Relics","StSLib","Stuff the Spire","The Bug Knight","The Construct","The Disciple","The Hierophant","The Judge","The Sage","The Spell Scribe","The Wild Card","TheVacant","Transform Curses","Uncapped","Unceasing Turn Reminder","UnlockEverythingMod","Wandering Minibosses"],"gold_per_floor":[112,130,130,130,141,141,122,134,182,40,55,42,42,42],"floor_reached":13,"language":"ENG","playtime":736,"items_purged":[],"score":79,"play_id":"cfb8249c-8f98-4967-bbb5-bf5827e04e38","local_time":"20210213141141","is_ascension_mode":false,"campfire_choices":[{"data":"MadScienceMod:Refuel","floor":6,"key":"SMITH"}],"circlet_count":0,"master_deck":["MadScienceMod:Strike_MadScience","MadScienceMod:Strike_MadScience","MadScienceMod:Strike_MadScience","MadScienceMod:Strike_MadScience","MadScienceMod:Defend_MadScience","MadScienceMod:Defend_MadScience","MadScienceMod:Defend_MadScience","MadScienceMod:Defend_MadScience","MadScienceMod:PoweredStrike","MadScienceMod:HideBehindJunk","MadScienceMod:NowOrNever","MadScienceMod:SelfDestruct","FearNoEvil","MadScienceMod:Refuel+1","MadScienceMod:AntimatterBomb","MadScienceMod:Virus","hubris:Gluttony","MadScienceMod:AcidSpray","MadScienceMod:CloneVats","MadScienceMod:FlameCannon"],"relics":["MadScienceMod:FuelTank","aspiration:Nostalgia","MerchantsRug","ReplayTheSpireMod:CursedCoin","aspiration:StickyExplosives"],"acts_visited":["Exordium"],"potions_floor_usage":[12],"damage_taken":[{"damage":2,"enemies":"Jaw Worm","floor":1,"turns":5},{"damage":1,"enemies":"2 Louse","floor":2,"turns":4},{"damage":0,"enemies":"Small Slimes","floor":5,"turns":3},{"damage":13,"enemies":"Red Slaver","floor":7,"turns":6},{"damage":5,"enemies":"Exordium Wildlife","floor":8,"turns":4},{"damage":6,"enemies":"3 Louse","floor":11,"turns":1},{"damage":10,"enemies":"conspire:2 RoseBushes","floor":12,"turns":8},{"damage":14,"enemies":"HollowMod:MossKnight","floor":13,"turns":4}],"seed_played":"-138535579020787360","potions_obtained":[{"floor":5,"key":"Strength Potion"},{"floor":7,"key":"SkillPotion"},{"floor":8,"key":"Elixir"},{"floor":11,"key":"BlessingOfTheForge"}],"is_trial":false,"path_per_floor":["M","M","?","T","M","R","M","M","T","$","M","M","E"],"character_chosen":"MAD_SCIENTIST","items_purchased":["MerchantsRug","ReplayTheSpireMod:CursedCoin","MadScienceMod:AcidSpray","aspiration:StickyExplosives"],"campfire_rested":0,"item_purchase_floors":[10,10,10,10],"current_hp_per_floor":[73,72,40,40,40,40,27,22,22,22,16,6,0,0],"gold":42,"neow_bonus":"NOSTALGIA","is_daily":false,"chose_seed":false,"campfire_upgraded":1,"win_rate":0.0,"timestamp":1613250701,"path_taken":["M","M","?","?","M","R","M","M","T","$","M","M","E"],"items_purchased_type":["Relic","Relic","Card","Relic"],"build_version":"2020-12-22","purchased_purges":0,"victory":false,"max_hp_per_floor":[75,75,75,75,75,75,75,75,75,75,75,75,75,75],"card_choices":[{"not_picked":["MadScienceMod:Sprocket","MadScienceMod:PowerArmor"],"picked":"MadScienceMod:NowOrNever","floor":1},{"not_picked":["MadScienceMod:ShrinkRay","MadScienceMod:PowerArmor"],"picked":"MadScienceMod:SelfDestruct","floor":2},{"not_picked":["MadScienceMod:RadioactiveSword","MadScienceMod:NowOrNever"],"picked":"MadScienceMod:Refuel","floor":5},{"not_picked":["MadScienceMod:ShrinkRay","MadScienceMod:EnergyBarrier"],"picked":"MadScienceMod:AntimatterBomb","floor":7},{"not_picked":["MadScienceMod:Detonate","MadScienceMod:ParticleBeam"],"picked":"MadScienceMod:Virus","floor":8},{"not_picked":["MadScienceMod:FlexibleSpear","MadScienceMod:ShrinkRay"],"picked":"MadScienceMod:CloneVats","floor":11},{"not_picked":["MadScienceMod:Lightbulb","MadScienceMod:Browse"],"picked":"MadScienceMod:FlameCannon","floor":12}],"player_experience":235036,"relics_obtained":[{"floor":4,"key":"Mummified Hand"},{"floor":9,"key":"Mercury Hourglass"}],"event_choices":[],"is_beta":false,"boss_relics":[],"items_purged_floors":[],"is_endless":false,"potions_floor_spawned":[5,7,8,11],"killed_by":"HollowMod:MossKnight","ascension_level":0}}