{"host":"p0hktren06injwdf","time":1613194757,"event":{"mods":["AchievementEnabler","BaseMod","Colored Map","DeckTracker","Minty Spire (QoL Compilation)","Permanent Neow","StSLib","SuperFastMode"],"gold_per_floor":[212,212,230,241,241,241,261,280,328,328,343,31,31,31],"floor_reached":13,"language":"KOR","playtime":167,"items_purged":[],"score":154,"play_id":"25426d4b-68c0-4a64-90d7-b870a268e342","local_time":"20210213143917","is_ascension_mode":true,"campfire_choices":[{"data":"Defragment","floor":6,"key":"SMITH"},{"floor":10,"key":"REST"}],"circlet_count":0,"master_deck":["AscendersBane","Strike_B","Strike_B","Strike_B","Strike_B","Defend_B","Defend_B","Defend_B","Defend_B","Zap","Dualcast","Coolheaded","Cold Snap","Defragment+1","Coolheaded","BootSequence","Gash"],"relics":["Cracked Core","Bronze Scales","Membership Card","Singing Bowl"],"acts_visited":["Exordium"],"potions_floor_usage":[7,7],"damage_taken":[{"damage":3,"enemies":"2 Louse","floor":1,"turns":2},{"damage":12,"enemies":"Small Slimes","floor":3,"turns":3},{"damage":0,"enemies":"Jaw Worm","floor":4,"turns":4},{"damage":28,"enemies":"Gremlin Gang","floor":7,"turns":5},{"damage":8,"enemies":"Large Slime","floor":8,"turns":6},{"damage":7,"enemies":"Exordium Wildlife","floor":11,"turns":4},{"damage":5,"enemies":"Gremlin Nob","floor":13,"turns":3}],"seed_played":"6481223545706359536","potions_obtained":[{"floor":3,"key":"CultistPotion"},{"floor":4,"key":"GamblersBrew"}],"is_trial":false,"path_per_floor":["M","$","M","M","?","R","M","M","T","R","M","$","E"],"character_chosen":"DEFECT","items_purchased":["Membership Card","Singing Bowl"],"campfire_rested":1,"item_purchase_floors":[12,12],"current_hp_per_floor":[61,61,49,49,49,49,21,13,13,34,27,27,22,22],"gold":31,"neow_bonus":"HUNDRED_GOLD","is_daily":false,"chose_seed":false,"campfire_upgraded":1,"win_rate":0.0,"timestamp":1613194757,"path_taken":["M","$","M","M","?","R","M","M","T","R","M","$","E"],"items_purchased_type":["Relic","Relic"],"build_version":"2020-12-22","purchased_purges":0,"victory":false,"max_hp_per_floor":[71,71,71,71,71,71,71,71,71,71,71,71,71,71],"card_choices":[{"not_picked":["Barrage","Steam"],"picked":"Coolheaded","floor":1},{"not_picked":["Conserve Battery","Beam Cell"],"picked":"Cold Snap","floor":3},{"not_picked":["Rebound","Streamline"],"picked":"Defragment","floor":4},{"not_picked":["Reprogram","Compile Driver"],"picked":"Coolheaded","floor":7},{"not_picked":["Barrage","Redo"],"picked":"BootSequence","floor":8},{"not_picked":["Redo","Barrage"],"picked":"Gash","floor":11}],"player_experience":1050701,"relics_obtained":[{"floor":9,"key":"Bronze Scales"}],"event_choices":[{"damage_healed":0,"gold_gain":0,"player_choice":"Ignored","damage_taken":0,"max_hp_gain":0,"max_hp_loss":0,"event_name":"Liars Game","floor":5,"gold_loss":0}],"is_beta":false,"boss_relics":[],"items_purged_floors":[],"is_endless":false,"potions_floor_spawned":[3,4],"killed_by":"Gremlin Nob","ascension_level":20}}