{"host":"psh83vqabmtchp5z","time":1613195860,"event":{"mods":["AchievementEnabler","Aspiration","BaseMod","Better Altar","Better Match","Better Skull","Better Third Choice","Better Vampires","BetterRewards","Challenge The Spire","Conspire","Downfall","Gold Saver","Lobotomy","LobotomyExtend","Minty Spire (QoL Compilation)","Quick Restart","Relic Filter","Replay The Spire","Shop Mod","Spicy Shops","StSLib","óô»ðÖ¸ÄÏ"],"gold_per_floor":[2353,2371,2389,2408,1448,1448,1499,1499,1515,1533,1549,1549,1574,1591,1609,1707,1707,920,930,930,1015,1170,1188,1188,1288,1307,1336,1336,1362,1061,1075,1086,1186,1186,1019,1031,1045,1065,1084,1098,1098,1062,1090,1130,1130,1130,1703,1729,1744,1744],"floor_reached":51,"language":"ZHS","playtime":6310,"items_purged":["Decay"],"score":1191,"play_id":"d97113f8-ee57-450e-8a03-d4b46b32be20","local_time":"20210213135740","is_ascension_mode":true,"campfire_choices":[{"data":"Guardian:TimeSifter","floor":8.0,"key":"SMITH"}],"circlet_count":0,"master_deck":["Guardian:Strike_Guardian+1","Guardian:Defend_Guardian","Guardian:Defend_Guardian","Guardian:CurlUp","Guardian:TwinSlam+1","Guardian:SpikerProtocol","Guardian:Suspension","Guardian:DecasProtection","Guardian:Orbwalk","Guardian:TimeSifter+1","Guardian:TemporalStrike+1","Guardian:TwinSlam+1","Guardian:StasisField+1","Guardian:ChargeCore+1","Guardian:Emergency","Guardian:GemFire+1","Guardian:VentSteam+1","Guardian:ConstructionForm+1","Guardian:Repulse+1","Master of Strategy+1","Guardian:Gem_White","Guardian:Emergency+1","Guardian:ArmoredProtocol+1","Guardian:SentryBeam+1","Guardian:ArmoredProtocol+1","Guardian:Clone+1","Guardian:ConstructionForm+1","Guardian:ConstructionForm+1","Guardian:StasisEngine+1","Guardian:BronzeOrb+1","Guardian:Harden","Guardian:Harden","Guardian:Orbwalk+1","Guardian:PrismaticBarrier","Guardian:TimeCapacitor+1","Guardian:Suspension+1","Guardian:BodySlam+1","Guardian:Planning+1","Guardian:RevengeProtocol","Guardian:Gem_White"],"relics":["Guardian:ModeShifterPlus","Guardian:BottledStasis","LetterFromLob","Guardian:DefensiveModeMoreBlock","aspiration:ChemicalBlood","Oddly Smooth Stone","Anchor","aspiration:HummingbirdHeart","Toolbox","ReplayTheSpireMod:CursedCoin","Bronze Scales","Mummified Hand","Guardian:StasisUpgradeRelic","Replay:Rubber Ducky","bronze:MakeshiftBattery","MerchantsRug","Lantern"],"acts_visited":["Exordium","TheCity","TheBeyond"],"potions_floor_usage":[50],"damage_taken":[{"damage":1.0,"enemies":"Cultist","floor":2.0,"turns":3.0},{"damage":2.0,"enemies":"Jaw Worm","floor":3.0,"turns":4.0},{"damage":3.0,"enemies":"2 Louse","floor":4.0,"turns":2.0},{"damage":5.0,"enemies":"downfall:FleeingMerchant","floor":5.0,"turns":4.0},{"damage":7.0,"enemies":"Gremlin Gang","floor":9.0,"turns":4.0},{"damage":1.0,"enemies":"2 Fungi Beasts","floor":10.0,"turns":3.0},{"damage":0.0,"enemies":"Exordium Wildlife","floor":11.0,"turns":2.0},{"damage":8.0,"enemies":"Gremlin Nob","floor":13.0,"turns":4.0},{"damage":4.0,"enemies":"Gremlin Gang","floor":14.0,"turns":2.0},{"damage":3.0,"enemies":"conspire:2 RoseBushes","floor":15.0,"turns":3.0},{"damage":1.0,"enemies":"SI_SHIV_ARCHETYPE","floor":16.0,"turns":5.0},{"damage":0.0,"enemies":"Shell Parasite","floor":19.0,"turns":3.0},{"damage":0.0,"enemies":"downfall:FleeingMerchant","floor":22.0,"turns":4.0},{"damage":0.0,"enemies":"Book of Stabbing","floor":23.0,"turns":4.0},{"damage":0.0,"enemies":"Sentry and Sphere","floor":26.0,"turns":3.0},{"damage":0.0,"enemies":"Gremlin Leader","floor":27.0,"turns":3.0},{"damage":0.0,"enemies":"Slavers","floor":29.0,"turns":3.0},{"damage":0.0,"enemies":"Snecko","floor":31.0,"turns":3.0},{"damage":0.0,"enemies":"3 Cultists","floor":32.0,"turns":4.0},{"damage":0.0,"enemies":"DF_ARCHETYPE_CLAW","floor":33.0,"turns":4.0},{"damage":0.0,"enemies":"3 Darklings","floor":36.0,"turns":3.0},{"damage":0.0,"enemies":"3 Shapes","floor":37.0,"turns":2.0},{"damage":0.0,"enemies":"3 Darklings","floor":38.0,"turns":2.0},{"damage":0.0,"enemies":"Sphere and 2 Shapes","floor":39.0,"turns":3.0},{"damage":0.0,"enemies":"4 Shapes","floor":40.0,"turns":3.0},{"damage":0.0,"enemies":"R_Hoarder","floor":43.0,"turns":3.0},{"damage":0.0,"enemies":"Writhing Mass","floor":44.0,"turns":3.0},{"damage":0.0,"enemies":"Nemesis","floor":48.0,"turns":3.0},{"damage":0,"enemies":"Transient","floor":49,"turns":5},{"damage":0,"enemies":"WA_ARCHETYPE_DIVINITY","floor":50,"turns":4}],"seed_played":"-6950180848730521701","potions_obtained":[{"floor":3.0,"key":"Fire Potion"},{"floor":4.0,"key":"Languid Potion"},{"floor":11.0,"key":"AttackPotion"},{"floor":13.0,"key":"LiquidMemories"},{"floor":14.0,"key":"Fire Potion"},{"floor":16.0,"key":"Fire Potion"},{"floor":27.0,"key":"AttackPotion"},{"floor":29.0,"key":"Elixir"},{"floor":36.0,"key":"LifebloodPotion"},{"floor":43.0,"key":"bronze:BurnAndBuffPotion"},{"floor":44.0,"key":"Fruit Juice"}],"is_trial":false,"path_per_floor":["R","M","M","M","$","?","T","R","M","M","M","?","E","M","M","B",null,"R","M","?","?","$","E","T","?","M","E","?","E","$","M","M","B",null,"R","M","M","M","M","M","T","R","E","M","?","?","R","E","M","B",null],"character_chosen":"GUARDIAN","items_purchased":["Guardian:SpikerProtocol","Guardian:Gem_Cyan","Guardian:Suspension","Guardian:BottledStasis","Molten Egg 2","Whetstone","Gremlin Food","Guardian:DefensiveModeMoreBlock","Guardian:TemporalStrike+1","DollysMirror","Guardian:Gem_Cyan","Membership Card","Oddly Smooth Stone","Blue Doll","Anchor","aspiration:HummingbirdHeart","Guardian:Repulse+1","Master of Strategy","Toolbox","Omamori","ReplayTheSpireMod:CursedCoin","Replay:Wax Seal","Bronze Scales","Guardian:Gem_White","Guardian:Emergency+1","Guardian:ArmoredProtocol+1","Guardian:StasisUpgradeRelic","Guardian:ConstructionForm+1","Guide Book","Replay:Rubber Ducky","Pen Nib","Guardian:BronzeOrb+1","Guardian:Gem_Red","Guardian:Harden","Guardian:Orbwalk+1","OrangePellets","MerchantsRug"],"campfire_rested":0,"item_purchase_floors":[1,1,1,1,5,5,5,5,5,5,5,18,18,18,18,18,18,18,18,22,22,22,22,22,22,22,30,30,30,30,35,35,35,35,35,42,47],"current_hp_per_floor":[80,79,77,74,69,69,69,69,62,61,61,61,53,49,46,45,80,80,80,80,64,64,64,64,64,64,64,56,56,56,56,56,56,80,80,80,80,80,80,80,80,80,80,80,80,80,80,85,85,85],"gold":1744,"neow_bonus":"RANDOM_COMMON_RELIC","is_daily":false,"chose_seed":false,"campfire_upgraded":1,"win_rate":0.0,"timestamp":1613195860,"path_taken":["R","M","?","M","$","?","T","R","M","M","?","?","E","?","M","BOSS","R","M","?","?","$","E","T","?","?","E","?","E","$","M","M","BOSS","R","M","?","M","M","M","T","R","E","?","?","?","R","E","M","BOSS"],"items_purchased_type":["Card","Card","Card","Relic","Relic","Relic","Relic","Relic","Card","Relic","Card","Relic","Relic","Relic","Relic","Relic","Card","Card","Relic","Relic","Relic","Relic","Relic","Card","Card","Card","Relic","Card","Relic","Relic","Relic","Card","Card","Card","Card","Relic","Relic"],"build_version":"2020-12-22","purchased_purges":1,"victory":true,"max_hp_per_floor":[80,80,80,80,80,80,80,80,80,80,80,80,80,80,80,80,80,80,80,80,80,80,80,80,80,80,80,80,80,80,80,80,80,80,80,80,80,80,80,80,80,80,80,80,80,80,80,85,85,85],"card_choices":[{"not_picked":["Guardian:VentSteam","Guardian:ShieldSpikes"],"picked":"Guardian:Gem_Fragmented","floor":2.0},{"not_picked":["Guardian:ChargeCore","Guardian:EvasiveProtocol"],"picked":"Guardian:DecasProtection","floor":3.0},{"not_picked":["Guardian:ChargeUp","Guardian:VentSteam"],"picked":"Guardian:Orbwalk","floor":4.0},{"not_picked":["Guardian:Planning","Guardian:Incinerate"],"picked":"Guardian:TimeSifter","floor":5.0},{"not_picked":["Guardian:TemporalShield","Guardian:TemporalStrike+1"],"picked":"Guardian:Gem_Green","floor":9.0},{"not_picked":["Guardian:Harden","Guardian:Gem_Blue"],"picked":"Guardian:ChargeCore+1","floor":10.0},{"not_picked":["Guardian:ChargeCore+1","Guardian:Reroute+1"],"picked":"Guardian:Emergency","floor":11.0},{"not_picked":["Guardian:Gem_Cyan","Guardian:DecasProtection"],"picked":"Guardian:GemFire+1","floor":13.0},{"not_picked":["Guardian:ShieldSpikes","Guardian:WalkerClaw+1","Guardian:TemporalStrike+1"],"picked":"SKIP","floor":14.0},{"not_picked":["Guardian:Suspension","Guardian:ChargeCore+1"],"picked":"Guardian:VentSteam","floor":15.0},{"not_picked":["Guardian:StasisField","Guardian:AncientConstruct+1"],"picked":"Guardian:ConstructionForm+1","floor":16.0},{"not_picked":["Guardian:Gem_Blue","Guardian:Reroute+1"],"picked":"Guardian:Gem_White","floor":19.0},{"not_picked":["Guardian:TemporalStrike+1","Guardian:MultiBeam+1"],"picked":"Guardian:SentryBeam+1","floor":23.0},{"not_picked":["Guardian:WalkerClaw+1","Guardian:PrimingBeam+1"],"picked":"Guardian:ArmoredProtocol+1","floor":26.0},{"not_picked":["Guardian:WalkerClaw+1","Guardian:BronzeArmor","Guardian:Suspension"],"picked":"SKIP","floor":27.0},{"not_picked":["Guardian:Recover+1","Guardian:TemporalShield"],"picked":"Guardian:Clone+1","floor":29.0},{"not_picked":["Guardian:Gem_Cyan","Guardian:PrimingBeam+1"],"picked":"Guardian:Gem_Green","floor":31.0},{"not_picked":["Guardian:RollAttack+1","Guardian:SentryBeam+1"],"picked":"Guardian:Gem_Yellow","floor":32.0},{"not_picked":["Guardian:SphericShield","Guardian:GatlingBeam+1"],"picked":"Guardian:StasisEngine+1","floor":33.0},{"not_picked":["Guardian:TimeBomb","Guardian:Gem_Cyan"],"picked":"Guardian:PrismaticBarrier","floor":36.0},{"not_picked":["Guardian:BronzeArmor","Guardian:Incinerate+1"],"picked":"Guardian:Gem_Green","floor":37.0},{"not_picked":["Guardian:DecasProtection","Guardian:Harden+1"],"picked":"Guardian:TimeCapacitor+1","floor":38.0},{"not_picked":["Guardian:Repulse+1","Guardian:Preprogram+1"],"picked":"Guardian:Gem_Crimson","floor":39.0},{"not_picked":["Guardian:Gem_White","Guardian:RollAttack+1"],"picked":"Guardian:Suspension+1","floor":40.0},{"not_picked":["Guardian:FierceBash+1","Guardian:Clone+1"],"picked":"Guardian:BodySlam+1","floor":43.0},{"not_picked":["Guardian:Harden+1","Guardian:WalkerClaw+1"],"picked":"Guardian:Planning+1","floor":44.0},{"not_picked":["Guardian:Incinerate","Guardian:TimeBomb"],"picked":"Guardian:RevengeProtocol","floor":48.0},{"not_picked":["Guardian:Recover","Guardian:TemporalShield"],"picked":"Guardian:Gem_White","floor":49}],"player_experience":666865,"relics_obtained":[{"floor":2.0,"key":"LetterFromLob"},{"floor":7.0,"key":"aspiration:ChemicalBlood"},{"floor":13.0,"key":"Frozen Egg 2"},{"floor":24.0,"key":"Mummified Hand"},{"floor":27.0,"key":"Guardian:PocketSentry"},{"floor":29.0,"key":"Dream Catcher"},{"floor":41.0,"key":"Toxic Egg 2"},{"floor":43.0,"key":"Replay:Bandana"},{"floor":48.0,"key":"Lantern"}],"event_choices":[],"is_beta":false,"boss_relics":[{"not_picked":["Calling Bell","aspiration:SecretTechniqueScroll"],"picked":"Guardian:ModeShifterPlus"},{"not_picked":["aspiration:RitualDagger","Velvet Choker"],"picked":"bronze:MakeshiftBattery"}],"items_purged_floors":[18],"is_endless":false,"potions_floor_spawned":[3,4,11,13,14,16,19,27,29,36,38,43,44],"ascension_level":4}}