{"host":"92wx9z21c4p52du4","time":1613180476,"event":{"mods":["Act Like it!","Arknights","Bard","BaseMod","ChefMod","Elementarium","Evolution","Hallownest","Infinite Spire","Lobotomy","Minty Spire (QoL Compilation)","QueenMod","Relic Stats","Reliquary","Robot Space Explorer","StSLib","SuperFastMode","The Blue Laboratory","The Bug Knight","The Disciple","The Hierophant","The Jungle","The Runesmith","TheSurvivalist"],"gold_per_floor":[113,113,128,53,73,73,107,124,124,124,124,142,142,156,156,258,258,270,281,281,131,148,148,148,148],"floor_reached":24,"language":"ENG","playtime":1859,"items_purged":["HollowMod:QuickDashStart"],"score":248,"play_id":"3ef40d38-e14b-4729-a44c-b61e88d8dbb8","local_time":"20210212194116","is_ascension_mode":false,"campfire_choices":[{"data":"HollowMod:ChannelNail","floor":6,"key":"SMITH"},{"data":"HollowMod:GoodIntentions","floor":10,"key":"SMITH"},{"data":"HollowMod:BaldurShell","floor":13,"key":"SMITH"},{"floor":15,"key":"RECALL"},{"data":"HollowMod:HornetsHelp","floor":23,"key":"SMITH"}],"circlet_count":0,"master_deck":["HollowMod:DashSlash+1","HollowMod:NailStrikeStart","HollowMod:NailStrikeStart","HollowMod:NailStrikeStart","HollowMod:QuickDashStart","HollowMod:QuickDashStart","HollowMod:QuickDashStart","HollowMod:FocusHealStart+1","HollowMod:PogoStrike","HollowMod:SoulShaman","HollowMod:GoodIntentions+1","HollowMod:ChannelNail+1","HollowMod:MothsMistake+1","HollowMod:QuirrelsAssistance","HollowMod:BaldurShell+1","HollowMod:DreamGate","HollowMod:HornetsHelp+1","HollowMod:BaldurShell","HollowMod:CloakDash","HollowMod:DesolateDive"],"relics":["HollowMod:VesselMask","EVO:Axolotl","Meat on the Bone","reliquary:Buckler","reliquary:Firecrackers","Hallownest:DreamNailRelic","SacredBark","HollowMod:StagPassRelic"],"acts_visited":["Hallownest:Greenpath","TheCity"],"potions_floor_usage":[7,8,14],"damage_taken":[{"damage":10,"enemies":"Hallownest:monsterHuskGuard","floor":1,"turns":5},{"damage":1,"enemies":"Hallownest:monsterHuskWarrior","floor":3,"turns":4},{"damage":6,"enemies":"Hallownest:2_Tiktiks_and_1_Crawlid","floor":5,"turns":5},{"damage":36,"enemies":"Hallownest:eliteCrystalGuardian","floor":7,"turns":9},{"damage":1,"enemies":"Hallownest:2_Tiktiks_1_Baldur_1_Crawlid","floor":8,"turns":3},{"damage":1,"enemies":"Hallownest:1_Baldur_1_Crawlid_1_Warrior","floor":12,"turns":7},{"damage":4,"enemies":"Hallownest:Guard_and_Warrior","floor":14,"turns":8},{"damage":0,"enemies":"Hallownest:BossFalseKnight","floor":16,"turns":10},{"damage":10,"enemies":"Chosen","floor":18,"turns":8},{"damage":4,"enemies":"Shell Parasite","floor":19,"turns":10},{"damage":34,"enemies":"Chosen and Byrds","floor":22,"turns":10},{"damage":49,"enemies":"Gremlin Leader","floor":24,"turns":4}],"seed_played":"-7513710567704550124","potions_obtained":[{"floor":1,"key":"blueLaboratory:SavagePotion"},{"floor":7,"key":"Explosive Potion"},{"floor":12,"key":"blueLaboratory:BottleOfVodka"},{"floor":22,"key":"BlessingOfTheForge"}],"is_trial":false,"path_per_floor":["M","T","M","$","M","R","E","M","T","R","?","M","R","M","R","B",null,"M","M","?","?","M","R","E"],"character_chosen":"THE_BUGKNIGHT","items_purchased":[],"campfire_rested":0,"item_purchase_floors":[],"current_hp_per_floor":[72,72,75,75,74,74,48,57,57,57,57,66,66,72,72,75,75,71,73,73,73,47,47,0,0],"gold":148,"neow_bonus":"UPGRADE_CARD","is_daily":false,"chose_seed":false,"campfire_upgraded":4,"win_rate":0.0,"timestamp":1613180476,"path_taken":["M","?","M","?","?","R","E","M","T","R","?","M","R","?","R","BOSS","M","M","?","?","M","R","E"],"items_purchased_type":[],"build_version":"2020-12-22","purchased_purges":1,"victory":false,"max_hp_per_floor":[75,75,75,75,75,75,75,75,75,75,75,75,75,75,75,75,75,75,75,75,75,75,75,75,75],"relic_stats":{"counters":[12,83],"obtain_stats":[{"reliquary:Firecrackers":9,"SacredBark":17,"HollowMod:VesselMask":0,"reliquary:Buckler":7,"Hallownest:DreamNailRelic":11,"EVO:Axolotl":0,"HollowMod:StagPassRelic":21,"Meat on the Bone":2},{"reliquary:Firecrackers":5,"SacredBark":8,"HollowMod:VesselMask":0,"reliquary:Buckler":4,"Hallownest:DreamNailRelic":5,"EVO:Axolotl":0,"HollowMod:StagPassRelic":10,"Meat on the Bone":1},{"reliquary:Firecrackers":26,"SacredBark":51,"HollowMod:VesselMask":0,"reliquary:Buckler":23,"Hallownest:DreamNailRelic":26,"EVO:Axolotl":0,"HollowMod:StagPassRelic":69,"Meat on the Bone":5}],"Meat on the Bone":0},"card_choices":[{"not_picked":["HollowMod:DashSlash","HollowMod:InfectedAttack"],"picked":"HollowMod:SoulShaman","floor":1},{"not_picked":["HollowMod:SiblingsSouls","HollowMod:BrokenVessel"],"picked":"HollowMod:GoodIntentions","floor":3},{"not_picked":["HollowMod:PureNailStrike","HollowMod:NewJinnsSoul"],"picked":"HollowMod:ChannelNail","floor":5},{"not_picked":["HollowMod:ChannelNail","HollowMod:DoubleDash"],"picked":"HollowMod:MothsMistake","floor":7},{"not_picked":["HollowMod:SiblingsSouls","HollowMod:DashSlash"],"picked":"HollowMod:QuirrelsAssistance","floor":8},{"not_picked":["HollowMod:ShapeofUnn","HollowMod:GrimmsGift"],"picked":"HollowMod:BaldurShell","floor":12},{"not_picked":["HollowMod:LifebloodCocoon","HollowMod:NewJinnsSoul"],"picked":"HollowMod:DreamGate","floor":14},{"not_picked":["HollowMod:ZotesMagnificence","HollowMod:Hiveblood"],"picked":"HollowMod:HornetsHelp","floor":16},{"not_picked":["HollowMod:CrystalDash","HollowMod:DescendingDark"],"picked":"HollowMod:BaldurShell","floor":18},{"not_picked":["HollowMod:SharpenedNail","HollowMod:SiblingsSouls"],"picked":"HollowMod:CloakDash","floor":19},{"not_picked":["HollowMod:SoulSplash","HollowMod:SiblingsSouls"],"picked":"HollowMod:DesolateDive","floor":22}],"player_experience":266806,"relics_obtained":[{"floor":2,"key":"Meat on the Bone"},{"floor":7,"key":"reliquary:Buckler"},{"floor":9,"key":"reliquary:Firecrackers"}],"event_choices":[{"damage_healed":0,"gold_gain":0,"player_choice":"Ignored","damage_taken":0,"max_hp_gain":0,"max_hp_loss":0,"event_name":"Vampires","floor":20,"gold_loss":0}],"is_beta":false,"boss_relics":[{"not_picked":["reliquary:WritOfMandamus","Ectoplasm"],"picked":"SacredBark"}],"items_purged_floors":[4],"is_endless":false,"potions_floor_spawned":[1,7,12,22],"killed_by":"Gremlin Leader","ascension_level":0}}