{"host":"i09pxcjttd31eh4q","time":1613190513,"event":{"mods":["AchievementEnabler","BaseMod","Colored Map","Keyboard Shortcuts","Minty Spire (QoL Compilation)","StSLib","SuperFastMode"],"gold_per_floor":[112,112,125,275,121,156,156,156,156,206,242,260,273,317,317,317,317],"floor_reached":16,"language":"KOR","playtime":240,"items_purged":["Doubt"],"score":286,"play_id":"28b3ca4b-36d6-4ab4-89a4-0488f23223f8","local_time":"20210213132833","is_ascension_mode":true,"campfire_choices":[{"data":"Eruption","floor":7,"key":"SMITH"},{"data":"TalkToTheHand","floor":15,"key":"SMITH"}],"circlet_count":0,"master_deck":["AscendersBane","Strike_P","Strike_P","Strike_P","Strike_P","Defend_P","Defend_P","Defend_P","Eruption+1","Vigilance","Scrawl","FearNoEvil","TalkToTheHand+1"],"relics":["PureWater","NeowsBlessing","Gremlin Horn","Golden Idol","Sundial","Pantograph","Strawberry"],"acts_visited":[],"potions_floor_usage":[16],"damage_taken":[{"damage":0.0,"enemies":"Jaw Worm","floor":1.0,"turns":1.0},{"damage":0,"enemies":"Small Slimes","floor":3,"turns":1},{"damage":0,"enemies":"Lagavulin","floor":6,"turns":2},{"damage":10,"enemies":"Gremlin Nob","floor":11,"turns":3},{"damage":4,"enemies":"2 Louse","floor":12,"turns":3},{"damage":0,"enemies":"2 Fungi Beasts","floor":13,"turns":3},{"damage":40,"enemies":"3 Sentries","floor":14,"turns":8},{"damage":43,"enemies":"Hexaghost","floor":16,"turns":9}],"seed_played":"1801858698382463849","potions_obtained":[{"floor":1,"key":"SmokeBomb"},{"floor":11,"key":"LiquidBronze"}],"is_trial":false,"path_per_floor":["M","?","M","?","$","E","R","?","T","?","E","M","M","E","R","B"],"character_chosen":"WATCHER","items_purchased":["FearNoEvil"],"campfire_rested":0,"item_purchase_floors":[5],"current_hp_per_floor":[61,61,61,61,61,61,61,61,61,61,51,47,47,14,14,0,0],"gold":317,"neow_bonus":"THREE_ENEMY_KILL","is_daily":false,"chose_seed":false,"campfire_upgraded":2,"win_rate":0.0,"timestamp":1613190513,"path_taken":["M","?","M","?","$","E","R","?","T","?","E","M","M","E","R","BOSS"],"items_purchased_type":["Card"],"build_version":"2020-12-22","purchased_purges":1,"victory":false,"max_hp_per_floor":[68,68,68,68,68,68,68,62,62,62,62,62,62,69,69,69,69],"card_choices":[{"not_picked":["WreathOfFlame","Protect","SashWhip"],"picked":"SKIP","floor":1},{"not_picked":["CutThroughFate","ReachHeaven","Weave"],"picked":"SKIP","floor":3},{"not_picked":["Halt","FollowUp"],"picked":"TalkToTheHand","floor":6},{"not_picked":["FlurryOfBlows","Sanctity","ClearTheMind"],"picked":"SKIP","floor":11},{"not_picked":["JustLucky","Wireheading","PathToVictory"],"picked":"SKIP","floor":12},{"not_picked":["Meditate","Evaluate","Study"],"picked":"SKIP","floor":13},{"not_picked":["Collect","Halt","BowlingBash"],"picked":"SKIP","floor":14}],"player_experience":903886,"relics_obtained":[{"floor":6,"key":"Gremlin Horn"},{"floor":9,"key":"Sundial"},{"floor":11,"key":"Pantograph"},{"floor":14,"key":"Strawberry"}],"event_choices":[{"damage_healed":0,"gold_gain":0,"cards_transformed":["Defend_P"],"player_choice":"Change","damage_taken":0,"max_hp_gain":0,"max_hp_loss":0,"event_name":"Living Wall","floor":2,"gold_loss":0,"cards_obtained":["Scrawl"]},{"damage_healed":0,"gold_gain":150,"player_choice":"AGREE","damage_taken":0,"max_hp_gain":0,"max_hp_loss":0,"event_name":"Liars Game","floor":4,"gold_loss":0,"cards_obtained":["Doubt"]},{"damage_healed":0,"gold_gain":0,"player_choice":"Lose Max HP","damage_taken":0,"relics_obtained":["Golden Idol"],"max_hp_gain":0,"max_hp_loss":6,"event_name":"Golden Idol","floor":8,"gold_loss":0},{"damage_healed":0,"gold_gain":50,"player_choice":"Pray","damage_taken":0,"max_hp_gain":0,"max_hp_loss":0,"event_name":"Golden Shrine","floor":10,"gold_loss":0}],"is_beta":false,"boss_relics":[],"items_purged_floors":[5],"is_endless":false,"potions_floor_spawned":[1,11],"killed_by":"Hexaghost","ascension_level":20}}