{"host":"6ggzka4dag2kvku2","time":1613229103,"event":{"mods":["AchievementEnabler","BaseMod","DeckTracker","Minty Spire (QoL Compilation)","Permanent Neow","Quick Restart","SuperFastMode"],"gold_per_floor":[116,116,130,141,141,141,157,157,157,172,172,192,227,243,243,243,243],"floor_reached":16,"language":"KOR","playtime":384,"items_purged":[],"score":104,"play_id":"59abe40f-2478-418a-b318-0da08f7b9386","local_time":"20210214001143","is_ascension_mode":false,"campfire_choices":[{"data":"True Grit","floor":6,"key":"SMITH"},{"data":"Intimidate","floor":8,"key":"SMITH"},{"data":"Inflame","floor":11,"key":"SMITH"},{"data":"Limit Break","floor":15,"key":"SMITH"}],"circlet_count":0,"master_deck":["Strike_R","Strike_R","Strike_R","Strike_R","Strike_R","Defend_R","Defend_R","Defend_R","Defend_R","Bash","Headbutt","True Grit+1","Intimidate+1","Inflame+1","Power Through","Limit Break+1","Rage"],"relics":["Burning Blood","Calipers","Question Card","FaceOfCleric","Shovel","Pear"],"acts_visited":["Exordium"],"potions_floor_usage":[7,16],"damage_taken":[{"damage":1,"enemies":"Cultist","floor":1,"turns":3},{"damage":8,"enemies":"Jaw Worm","floor":3,"turns":3},{"damage":2,"enemies":"Small Slimes","floor":4,"turns":3},{"damage":33,"enemies":"Exordium Thugs","floor":7,"turns":6},{"damage":18,"enemies":"Gremlin Gang","floor":10,"turns":5},{"damage":0,"enemies":"Large Slime","floor":12,"turns":5},{"damage":44,"enemies":"Lagavulin","floor":13,"turns":7},{"damage":10,"enemies":"3 Louse","floor":14,"turns":3},{"damage":18,"enemies":"Hexaghost","floor":16,"turns":9}],"seed_played":"6932941470364650927","potions_obtained":[{"floor":3,"key":"Fruit Juice"},{"floor":13,"key":"SneckoOil"},{"floor":14,"key":"Block Potion"}],"is_trial":false,"path_per_floor":["M","T","M","M","?","R","M","R","T","M","R","M","E","M","R","B"],"character_chosen":"IRONCLAD","items_purchased":[],"campfire_rested":0,"item_purchase_floors":[],"current_hp_per_floor":[72,72,70,72,72,72,51,51,51,40,40,47,20,17,17,0,0],"gold":243,"neow_bonus":"ONE_RARE_RELIC","is_daily":false,"chose_seed":false,"campfire_upgraded":4,"win_rate":0.0,"timestamp":1613229103,"path_taken":["M","?","M","M","?","R","M","R","T","M","R","M","E","M","R","BOSS"],"items_purchased_type":[],"build_version":"2020-12-22","purchased_purges":0,"victory":false,"max_hp_per_floor":[72,72,72,72,72,72,78,78,78,79,79,80,91,92,92,92,92],"card_choices":[{"not_picked":["Flex","Wild Strike"],"picked":"Headbutt","floor":1},{"not_picked":["Pommel Strike","Perfected Strike","Iron Wave","Twin Strike"],"picked":"SKIP","floor":3},{"not_picked":["Flex","Clash","Pummel"],"picked":"True Grit","floor":4},{"not_picked":["Spot Weakness","Fiend Fire","Wild Strike"],"picked":"Intimidate","floor":7},{"not_picked":["Clash","Thunderclap","Intimidate"],"picked":"Inflame","floor":10},{"not_picked":["Pommel Strike","Havoc","Warcry"],"picked":"Power Through","floor":12},{"not_picked":["Warcry","Feel No Pain","Carnage"],"picked":"Limit Break","floor":13},{"not_picked":["Iron Wave","Wild Strike","Cleave"],"picked":"Rage","floor":14}],"player_experience":65321,"relics_obtained":[{"floor":2,"key":"Question Card"},{"floor":9,"key":"Shovel"},{"floor":13,"key":"Pear"}],"event_choices":[{"damage_healed":0,"gold_gain":0,"player_choice":"Trade","damage_taken":0,"relics_obtained":["FaceOfCleric"],"max_hp_gain":0,"max_hp_loss":0,"event_name":"FaceTrader","floor":5,"gold_loss":0}],"is_beta":false,"boss_relics":[],"items_purged_floors":[],"is_endless":false,"potions_floor_spawned":[3,13,14],"killed_by":"Hexaghost","ascension_level":0}}