{"host":"pj7egx7jkoz18hom","time":1613184271,"event":{"mods":["AchievementEnabler","BaseMod","Keyboard Shortcuts","Minty Spire (QoL Compilation)","SuperFastMode"],"gold_per_floor":[11,24,38,52,68,102,102,134,134,195,46,65,65,83,83,184,184,203,229,229,249,249,249,277,29,29,41,51,68,68,68],"floor_reached":30,"language":"KOR","playtime":1372,"items_purged":["Strike_R","Strike_R"],"score":290,"play_id":"6eb907b4-8970-4dfe-8bdb-c971b9dd02e4","local_time":"20210213114431","is_ascension_mode":true,"campfire_choices":[{"data":"Cleave","floor":7,"key":"SMITH"},{"data":"Armaments","floor":13,"key":"SMITH"},{"data":"True Grit","floor":15,"key":"SMITH"},{"data":"True Grit","floor":23,"key":"SMITH"}],"circlet_count":0,"master_deck":["Strike_R+1","Strike_R","Defend_R","Defend_R","Defend_R","Bash","Shrug It Off","Headbutt","Heavy Blade+1","Heavy Blade","Cleave+1","Armaments+1","Flame Barrier","True Grit+1","Spot Weakness","Double Tap","Flex+1","True Grit+1","Clash","Clash+1"],"relics":["Burning Blood","Centennial Puzzle","Blood Vial","Oddly Smooth Stone","Mark of Pain","Red Mask","Sundial","Whetstone","Orichalcum","Shuriken"],"acts_visited":["Exordium","TheCity"],"potions_floor_usage":[4,6,16,19,19],"damage_taken":[{"damage":2,"enemies":"Jaw Worm","floor":1,"turns":3},{"damage":2,"enemies":"Small Slimes","floor":2,"turns":3},{"damage":8,"enemies":"Cultist","floor":3,"turns":4},{"damage":6,"enemies":"Exordium Thugs","floor":4,"turns":3},{"damage":2,"enemies":"2 Fungi Beasts","floor":5,"turns":4},{"damage":17,"enemies":"Gremlin Nob","floor":6,"turns":5},{"damage":29,"enemies":"Lagavulin","floor":8,"turns":6},{"damage":1,"enemies":"Gremlin Gang","floor":12,"turns":3},{"damage":0,"enemies":"Exordium Wildlife","floor":14,"turns":2},{"damage":45,"enemies":"Hexaghost","floor":16,"turns":11},{"damage":6,"enemies":"3 Byrds","floor":18,"turns":4},{"damage":2,"enemies":"Masked Bandits","floor":19,"turns":3},{"damage":9,"enemies":"Shell Parasite","floor":21,"turns":4},{"damage":21,"enemies":"Book of Stabbing","floor":24,"turns":6},{"damage":12,"enemies":"Snecko","floor":27,"turns":4},{"damage":40,"enemies":"Shelled Parasite and Fungi","floor":28,"turns":5},{"damage":15,"enemies":"Sentry and Sphere","floor":29,"turns":6},{"damage":28,"enemies":"Snake Plant","floor":30,"turns":3}],"seed_played":"-5606424546593934619","potions_obtained":[{"floor":1,"key":"Dexterity Potion"},{"floor":2,"key":"Fire Potion"},{"floor":3,"key":"Weak Potion"},{"floor":14,"key":"Explosive Potion"},{"floor":18,"key":"HeartOfIron"},{"floor":28,"key":"EssenceOfSteel"},{"floor":29,"key":"Explosive Potion"}],"is_trial":false,"path_per_floor":["M","M","M","M","M","E","R","E","T","?","$","M","R","M","R","B",null,"M","?","?","M","T","R","E","$","T","M","M","M","M"],"character_chosen":"IRONCLAD","items_purchased":["Flame Barrier","Orichalcum"],"campfire_rested":0,"item_purchase_floors":[11,25],"current_hp_per_floor":[80,80,78,78,80,69,69,46,46,46,46,53,53,61,61,24,80,80,80,80,77,77,77,64,64,64,60,28,21,0,0],"gold":68,"neow_bonus":"REMOVE_TWO","is_daily":false,"chose_seed":false,"campfire_upgraded":4,"win_rate":0.0,"timestamp":1613184271,"path_taken":["M","M","M","M","M","E","R","E","T","?","$","M","R","M","R","BOSS","M","?","?","M","?","R","E","$","T","M","?","M","M"],"items_purchased_type":["Card","Relic"],"build_version":"2020-12-22","purchased_purges":2,"victory":false,"max_hp_per_floor":[80,80,80,80,80,80,80,80,80,80,80,80,80,80,80,80,80,80,80,80,80,80,80,80,80,80,80,80,80,80,80],"card_choices":[{"not_picked":["Sentinel","Battle Trance"],"picked":"Shrug It Off","floor":1},{"not_picked":["Cleave","Sword Boomerang"],"picked":"Headbutt","floor":2},{"not_picked":["Hemokinesis","Wild Strike"],"picked":"Heavy Blade","floor":3},{"not_picked":["Havoc","Headbutt"],"picked":"Heavy Blade","floor":4},{"not_picked":["Exhume","Havoc","Evolve"],"picked":"SKIP","floor":5},{"not_picked":["Perfected Strike","Second Wind"],"picked":"Cleave","floor":6},{"not_picked":["Whirlwind","Pommel Strike"],"picked":"Armaments","floor":8},{"not_picked":["Disarm","Havoc"],"picked":"True Grit","floor":12},{"not_picked":["Metallicize","Heavy Blade"],"picked":"Spot Weakness","floor":14},{"not_picked":["Reaper","Corruption"],"picked":"Double Tap","floor":16},{"not_picked":["Thunderclap","Pummel","Dropkick"],"picked":"SKIP","floor":18},{"not_picked":["Dual Wield+1","Entrench"],"picked":"Flex+1","floor":19},{"not_picked":["Thunderclap","Perfected Strike"],"picked":"True Grit","floor":21},{"not_picked":["Blood for Blood","Thunderclap","Uppercut"],"picked":"SKIP","floor":24},{"not_picked":["Disarm","Feel No Pain+1","Armaments"],"picked":"SKIP","floor":27},{"not_picked":["Headbutt+1","Perfected Strike+1"],"picked":"Clash","floor":28},{"not_picked":["Cleave+1","Flex"],"picked":"Clash+1","floor":29}],"player_experience":17177,"relics_obtained":[{"floor":6,"key":"Centennial Puzzle"},{"floor":8,"key":"Blood Vial"},{"floor":9,"key":"Oddly Smooth Stone"},{"floor":19,"key":"Red Mask"},{"floor":22,"key":"Sundial"},{"floor":24,"key":"Whetstone"},{"floor":26,"key":"Shuriken"}],"event_choices":[{"damage_healed":0,"gold_gain":61,"player_choice":"Gained Gold","damage_taken":0,"max_hp_gain":0,"max_hp_loss":0,"event_name":"Golden Wing","floor":10,"gold_loss":0},{"damage_healed":0,"gold_gain":0,"player_choice":"Fought Bandits","damage_taken":0,"max_hp_gain":0,"max_hp_loss":0,"event_name":"Masked Bandits","floor":19,"gold_loss":0},{"damage_healed":0,"gold_gain":0,"player_choice":"Ignored","damage_taken":0,"max_hp_gain":0,"max_hp_loss":0,"event_name":"Ghosts","floor":20,"gold_loss":0}],"is_beta":false,"boss_relics":[{"not_picked":["Calling Bell","Velvet Choker"],"picked":"Mark of Pain"}],"items_purged_floors":[11,25],"is_endless":false,"potions_floor_spawned":[1,2,3,14,18,28,29],"killed_by":"Snake Plant","ascension_level":2}}