{"host":"kg61lsvem4dxoat8","time":1613213578,"event":{"mods":["AchievementEnabler","BaseMod","Better Altar","Better Match","Better Sensory Stone","Better Skull","Block Reminder","Highlight Path","Minty Spire (QoL Compilation)","Quick Restart","Rare Cards Sparkle","Relic Sorter","Relic Stats","StSLib","Synergy Search","slay the spire mod where everything is the same but ironclad has a cowboy hat"],"gold_per_floor":[118,118,193,193,216,252,252,283,283,283,302,302,341,365,365,493,493,513,438,438,261,286,286,286,286],"floor_reached":24,"language":"ENG","playtime":578,"items_purged":["Strike_R"],"score":356,"play_id":"a502bceb-ce13-4305-8e6f-917d6d6fc521","local_time":"20210213185258","is_ascension_mode":true,"campfire_choices":[{"data":"Metallicize","floor":7,"key":"SMITH"},{"floor":12,"key":"REST"},{"data":"Metallicize","floor":15,"key":"SMITH"},{"data":"Juggernaut","floor":23,"key":"SMITH"}],"circlet_count":0,"master_deck":["AscendersBane","Strike_R","Strike_R+1","Strike_R+1","Strike_R","Defend_R+1","Defend_R","Defend_R","Defend_R","Bash+1","Metallicize+1","Infernal Blade+1","True Grit+1","Exhume+1","Dropkick","Metallicize+1","Juggernaut+1","Apotheosis+1"],"relics":["Burning Blood","NeowsBlessing","Golden Idol","Toxic Egg 2","Regal Pillow","Anchor","Toy Ornithopter","Whetstone","Busted Crown","MutagenicStrength"],"acts_visited":["Exordium","TheCity"],"potions_floor_usage":[8,16,16],"damage_taken":[{"damage":0,"enemies":"Jaw Worm","floor":1,"turns":1},{"damage":0,"enemies":"Small Slimes","floor":5,"turns":1},{"damage":0,"enemies":"3 Sentries","floor":6,"turns":2},{"damage":32,"enemies":"Lagavulin","floor":8,"turns":6},{"damage":2,"enemies":"2 Louse","floor":11,"turns":4},{"damage":18,"enemies":"Gremlin Nob","floor":13,"turns":4},{"damage":0,"enemies":"2 Fungi Beasts","floor":14,"turns":2},{"damage":67,"enemies":"Slime Boss","floor":16,"turns":16},{"damage":14,"enemies":"2 Thieves","floor":18,"turns":5},{"damage":10,"enemies":"3 Byrds","floor":22,"turns":5},{"damage":54,"enemies":"Slavers","floor":24,"turns":4}],"seed_played":"2829742538379195443","potions_obtained":[{"floor":6,"key":"Energy Potion"},{"floor":11,"key":"Explosive Potion"},{"floor":14,"key":"AttackPotion"}],"is_trial":false,"path_per_floor":["M","?","?","?","M","E","R","E","T","?","M","R","E","M","R","B",null,"M","$","?","$","M","R","E"],"character_chosen":"IRONCLAD","items_purchased":["Apotheosis+1"],"campfire_rested":1,"item_purchase_floors":[21],"current_hp_per_floor":[78,74,63,60,66,72,72,46,46,31,35,72,60,66,66,15,59,51,51,51,51,47,47,0,0],"gold":286,"neow_bonus":"THREE_ENEMY_KILL","is_daily":false,"chose_seed":false,"campfire_upgraded":3,"win_rate":0.0,"timestamp":1613213578,"path_taken":["M","?","?","?","M","E","R","E","T","?","M","R","E","?","R","BOSS","M","$","?","$","M","R","E"],"items_purchased_type":["Card"],"build_version":"2020-12-22","purchased_purges":1,"victory":false,"max_hp_per_floor":[80,74,74,74,74,74,74,74,74,74,74,74,74,74,74,74,74,74,74,74,74,74,74,74,74],"relic_stats":{"Regal Pillow":15,"Busted Crown":4,"counters":[11,50],"Golden Idol":70,"Whetstone":["Strike_R","Strike_R"],"obtain_stats":[{"Regal Pillow":6,"Anchor":8,"Busted Crown":17,"NeowsBlessing":0,"Golden Idol":2,"MutagenicStrength":20,"Whetstone":13,"Toxic Egg 2":4,"Burning Blood":0,"Toy Ornithopter":9},{"Regal Pillow":3,"Anchor":4,"Busted Crown":8,"NeowsBlessing":0,"Golden Idol":1,"MutagenicStrength":9,"Whetstone":6,"Toxic Egg 2":1,"Burning Blood":0,"Toy Ornithopter":4},{"Regal Pillow":4,"Anchor":10,"Busted Crown":36,"NeowsBlessing":0,"Golden Idol":1,"MutagenicStrength":41,"Whetstone":18,"Toxic Egg 2":1,"Burning Blood":0,"Toy Ornithopter":10}],"Burning Blood":60,"Toy Ornithopter":10},"card_choices":[{"not_picked":["Armaments","Uppercut"],"picked":"Metallicize","floor":1},{"not_picked":["Flex+1","Wild Strike"],"picked":"Infernal Blade+1","floor":5},{"not_picked":["Sever Soul","Wild Strike"],"picked":"True Grit+1","floor":6},{"not_picked":["Rampage","Anger"],"picked":"Exhume+1","floor":8},{"not_picked":["Clothesline","Heavy Blade"],"picked":"Dropkick","floor":11},{"not_picked":["True Grit+1","Heavy Blade"],"picked":"Metallicize","floor":13},{"not_picked":["Wild Strike","Perfected Strike","Clothesline"],"picked":"SKIP","floor":14},{"not_picked":["Fiend Fire","Berserk"],"picked":"Juggernaut","floor":16},{"not_picked":["Cleave"],"picked":"SKIP","floor":18},{"not_picked":["Rampage"],"picked":"SKIP","floor":22}],"player_experience":1526380,"relics_obtained":[{"floor":6,"key":"Regal Pillow"},{"floor":8,"key":"Anchor"},{"floor":9,"key":"Toy Ornithopter"},{"floor":13,"key":"Whetstone"}],"event_choices":[{"damage_healed":0,"gold_gain":0,"player_choice":"Lose Max HP","damage_taken":0,"relics_obtained":["Golden Idol"],"max_hp_gain":0,"max_hp_loss":6,"event_name":"Golden Idol","floor":2,"gold_loss":0},{"damage_healed":0,"gold_gain":75,"player_choice":"Gather Gold","damage_taken":11,"max_hp_gain":0,"max_hp_loss":0,"event_name":"World of Goop","floor":3,"gold_loss":0},{"damage_healed":0,"gold_gain":0,"player_choice":"Success","damage_taken":3,"relics_obtained":["Toxic Egg 2"],"max_hp_gain":0,"max_hp_loss":0,"event_name":"Scrap Ooze","floor":4,"gold_loss":0},{"damage_healed":0,"gold_gain":0,"player_choice":"Entered Light","damage_taken":15,"max_hp_gain":0,"max_hp_loss":0,"event_name":"Shining Light","floor":10,"gold_loss":0,"cards_upgraded":["Bash","Defend_R"]},{"damage_healed":0,"gold_gain":0,"player_choice":"Inject Mutagens","damage_taken":0,"relics_obtained":["MutagenicStrength"],"max_hp_gain":0,"max_hp_loss":0,"event_name":"Drug Dealer","floor":20,"gold_loss":0}],"is_beta":false,"boss_relics":[{"not_picked":["Snecko Eye","Runic Cube"],"picked":"Busted Crown"}],"items_purged_floors":[19],"is_endless":false,"potions_floor_spawned":[6,11,14],"killed_by":"Slavers","ascension_level":10}}