{"host":"yqm","time":1613243308,"event":{"mods":["ATMod(°¢èªMod)","BaseMod","Challenge The Spire","Colored Map","Colored Powertips","DeckTracker","Good Game Mod","Minty Spire (QoL Compilation)","MostiFishMod","Quick Restart","Relic Filter","Relic Filter Mod","Relic Stats","Remove Card Discount Mod","StSLib","TestMod","noobMod","óô»ðÖ¸ÄÏ"],"gold_per_floor":[118,44,58,58,72,72,100,119,119,148,148,181,181,212,212,306,306,327,343,343,361,377,408,408,441,441,480,480,521,521,255,255,351,351,374,122,145,195,195,364,364,428,428,428,574,574,633,683,683,808,833,833,833,400,481,506],"floor_reached":57,"language":"ZHS","playtime":2887,"items_purged":["Strike_R","Strike_R","Strike_R","Strike_R","Strike_R","Defend_R","Defend_R","Defend_R","Defend_R"],"score":3872,"play_id":"9b34f343-9bfc-4674-bc51-3d92d6aea94e","local_time":"20210214030828","is_ascension_mode":true,"campfire_choices":[{"data":"Sword Boomerang","floor":6.0,"key":"SMITH"},{"data":"Heavy Blade","floor":11.0,"key":"SMITH"},{"data":"MostiFishMod:#F4004","floor":15.0,"key":"SMITH"},{"data":"Exhume","floor":24.0,"key":"SMITH"},{"data":"Offering","floor":30,"key":"SMITH"},{"data":"AT_LightSaberMaster","floor":32,"key":"SMITH"},{"data":"Limit Break","floor":41,"key":"SMITH"},{"data":"MostiFishMod:Chiaki","floor":46,"key":"SMITH"},{"floor":49,"key":"RECALL"},{"floor":53,"key":"DIG"}],"circlet_count":0,"master_deck":["AscendersBane","Berserk+1","Sword Boomerang+1","Shrug It Off+1","Heavy Blade+1","Shockwave+1","MostiFishMod:#F4004+1","Exhume+1","Offering+1","AT_LightSaberMaster+1","Limit Break+1","MostiFishMod:Chiaki+1"],"relics":["Burning Blood","REME:ComplimentaryCards","ice","DaveBox","AT_ATBox","testmod-TestBox","NeowsBlessing","testmod-Register","RhineSuit","SynthV:TestCard","Mummified Hand","AT_BellDemon","Odd Mushroom","testmod-Antiphasic","testmod-IntensifyImprint","War Paint","Golden Idol","BionicSphere","Ancient Tea Set","testmod-BalancedPeriapt","Transparent","Regal Pillow","Bottled Flame","MostiFishMod:Haymaker","AT_RedTearstoneRing","Ornamental Fan","testmod-OneHitWonder","Potion Belt","testmod-TurbochargingSystem","Omamori","testmod-Justice","Singing Bowl","Lizard Tail","testmod-Alchemist","PreservedInsect","Frozen Egg 2","Philosopher\u0027s Stone","Bronze Scales","AT_SpeedBoots","AT_MibuBalloonWealth","Whetstone","Toy Ornithopter","Centennial Puzzle","testmod-IndustrialRevolution","Question Card","Nunchaku","Meat on the Bone","Shovel","Pen Nib","Kunai","Lantern","SynthV","testmod-LifeArmor","AT_SunfireAegis"],"acts_visited":["Exordium","TheCity","TheBeyond","TheEnding"],"potions_floor_usage":[33,48,56,56,56,56,56,56,56,56],"damage_taken":[{"damage":0.0,"enemies":"2 Louse","floor":1.0,"turns":1.0},{"damage":0.0,"enemies":"Cultist","floor":3.0,"turns":1.0},{"damage":0.0,"enemies":"Small Slimes","floor":5.0,"turns":1.0},{"damage":3.0,"enemies":"3 Sentries","floor":7.0,"turns":3.0},{"damage":0.0,"enemies":"3 Louse","floor":8.0,"turns":1.0},{"damage":0.0,"enemies":"The Mushroom Lair","floor":10.0,"turns":2.0},{"damage":0.0,"enemies":"Lagavulin","floor":12.0,"turns":2.0},{"damage":25.0,"enemies":"3 Sentries","floor":14.0,"turns":4.0},{"damage":0.0,"enemies":"Slime Boss","floor":16.0,"turns":3.0},{"damage":32.0,"enemies":"2 Thieves","floor":18.0,"turns":2.0},{"damage":32.0,"enemies":"3 Byrds","floor":19.0,"turns":2.0},{"damage":32.0,"enemies":"Shelled Parasite and Fungi","floor":21.0,"turns":2.0},{"damage":16.0,"enemies":"Snake Plant","floor":22.0,"turns":1.0},{"damage":32.0,"enemies":"Gremlin Leader","floor":23.0,"turns":2.0},{"damage":22.0,"enemies":"Book of Stabbing","floor":25.0,"turns":1.0},{"damage":22.0,"enemies":"Slavers","floor":27.0,"turns":1.0},{"damage":54,"enemies":"Gremlin Leader","floor":29,"turns":3},{"damage":38,"enemies":"Champ","floor":33,"turns":2},{"damage":22,"enemies":"Orb Walker","floor":35,"turns":1},{"damage":22,"enemies":"3 Shapes","floor":37,"turns":1},{"damage":32,"enemies":"Maw","floor":38,"turns":2},{"damage":38,"enemies":"Reptomancer","floor":40,"turns":2},{"damage":28,"enemies":"Giant Head","floor":42,"turns":1},{"damage":32,"enemies":"3 Darklings","floor":45,"turns":2},{"damage":16,"enemies":"Nemesis","floor":47,"turns":1},{"damage":32,"enemies":"Writhing Mass","floor":48,"turns":2},{"damage":60,"enemies":"Awakened One","floor":50,"turns":3},{"damage":22,"enemies":"Time Eater","floor":51,"turns":1},{"damage":28,"enemies":"Shield and Spear","floor":55,"turns":1},{"damage":110,"enemies":"The Heart","floor":56,"turns":4}],"seed_played":"-1147866581199581628","potions_obtained":[{"floor":1.0,"key":"PowerPotion"},{"floor":5.0,"key":"PowerPotion"},{"floor":29,"key":"testmod-SpacePotion"},{"floor":37,"key":"AttackPotion"},{"floor":38,"key":"Ancient Potion"},{"floor":45,"key":"ElixirPotion"},{"floor":47,"key":"AttackPotion"},{"floor":48,"key":"EssenceOfSteel"}],"is_trial":false,"path_per_floor":["M","$","M","?","M","R","E","M","T","?","R","E","?","E","R","B",null,"M","M","?","M","M","E","R","E","T","E","?","E","R","$","R","B",null,"M","$","M","M","?","E","R","E","T","?","M","R","E","M","R","B","B",null,"R","$","E","B",null],"character_chosen":"IRONCLAD","items_purchased":["Shrug It Off","PreservedInsect","AT_LightSaberMaster","testmod-SpacePotion","AT_SpeedBoots","Lantern","SynthV","Energy Potion","Strength Potion"],"campfire_rested":0,"item_purchase_floors":[2,31,31,36,36,54,54,54,54],"current_hp_per_floor":[74,74,75,75,75,75,75,75,75,75,75,75,49,35,35,41,70,80,80,80,80,80,80,80,80,80,80,80,80,80,80,80,80,80,80,80,80,80,80,80,80,80,80,80,80,80,80,80,80,80,80,80,80,80,80,80],"gold":506,"neow_bonus":"THREE_ENEMY_KILL","is_daily":false,"chose_seed":false,"campfire_upgraded":8,"win_rate":0.0,"timestamp":1613243308,"path_taken":["M","$","M","?","?","R","E","M","T","?","R","E","?","E","R","BOSS","M","M","?","M","M","E","R","E","T","E","?","E","R","?","R","BOSS","M","$","M","?","?","E","R","E","T","?","M","R","E","?","R","BOSS","BOSS","R","$","E","BOSS"],"items_purchased_type":["Card","Relic","Card","Potion","Relic","Relic","Relic","Potion","Potion"],"build_version":"2020-12-18","purchased_purges":9,"victory":true,"max_hp_per_floor":[75,75,75,75,75,75,75,75,75,75,75,75,75,80,80,80,80,80,80,80,80,80,80,80,80,80,80,80,80,80,80,80,80,80,80,80,80,80,80,80,80,80,80,80,80,80,80,80,80,80,80,80,80,80,80,80],"relic_stats":{"Regal Pillow":0,"Singing Bowl":20,"counters":[30,55],"Golden Idol":198,"PreservedInsect":318,"Pen Nib":[1],"Whetstone":["Bash"],"War Paint":["Shrug It Off","Shockwave"],"Question Card":4,"Burning Blood":148,"Lizard Tail":0,"Centennial Puzzle":[15],"Nunchaku":[1],"Shovel":1,"Mummified Hand":[49],"Ornamental Fan":[8],"Bronze Scales":[54],"Kunai":[1],"obtain_stats":[{"AT_ATBox":0,"AT_MibuBalloonWealth":37,"testmod-LifeArmor":55,"ice":0,"Whetstone":38,"Lizard Tail":29,"Centennial Puzzle":40,"Philosopher\u0027s Stone":34,"Kunai":53,"testmod-IntensifyImprint":12,"AT_RedTearstoneRing":22,"testmod-TestBox":0,"testmod-Register":0,"Pen Nib":48,"War Paint":12,"Question Card":42,"Bottled Flame":19,"AT_SpeedBoots":36,"Transparent":17,"BionicSphere":14,"Bronze Scales":35,"testmod-OneHitWonder":23,"Meat on the Bone":47,"AT_BellDemon":9,"Regal Pillow":18,"Lantern":54,"DaveBox":0,"MostiFishMod:Haymaker":21,"Singing Bowl":27,"SynthV":54,"RhineSuit":0,"Ancient Tea Set":14,"Burning Blood":0,"Nunchaku":45,"testmod-Alchemist":29,"Shovel":47,"Mummified Hand":7,"Potion Belt":25,"NeowsBlessing":0,"Golden Idol":13,"PreservedInsect":31,"Omamori":26,"testmod-TurbochargingSystem":25,"Odd Mushroom":10,"testmod-Justice":27,"Frozen Egg 2":33,"testmod-IndustrialRevolution":42,"testmod-Antiphasic":10,"REME:ComplimentaryCards":0,"SynthV:TestCard":1,"Ornamental Fan":23,"testmod-BalancedPeriapt":16,"AT_SunfireAegis":55,"Toy Ornithopter":40},{"AT_ATBox":0,"AT_MibuBalloonWealth":20,"testmod-LifeArmor":29,"ice":0,"Whetstone":21,"Lizard Tail":17,"Centennial Puzzle":22,"Philosopher\u0027s Stone":18,"Kunai":28,"testmod-IntensifyImprint":7,"AT_RedTearstoneRing":13,"testmod-TestBox":0,"testmod-Register":0,"Pen Nib":26,"War Paint":7,"Question Card":23,"Bottled Flame":11,"AT_SpeedBoots":19,"Transparent":9,"BionicSphere":8,"Bronze Scales":19,"testmod-OneHitWonder":14,"Meat on the Bone":25,"AT_BellDemon":5,"Regal Pillow":10,"Lantern":28,"DaveBox":0,"MostiFishMod:Haymaker":12,"Singing Bowl":16,"SynthV":28,"RhineSuit":0,"Ancient Tea Set":8,"Burning Blood":0,"Nunchaku":24,"testmod-Alchemist":17,"Shovel":25,"Mummified Hand":4,"Potion Belt":15,"NeowsBlessing":0,"Golden Idol":7,"PreservedInsect":17,"Omamori":15,"testmod-TurbochargingSystem":15,"Odd Mushroom":6,"testmod-Justice":16,"Frozen Egg 2":18,"testmod-IndustrialRevolution":23,"testmod-Antiphasic":6,"REME:ComplimentaryCards":0,"SynthV:TestCard":1,"Ornamental Fan":14,"testmod-BalancedPeriapt":9,"AT_SunfireAegis":29,"Toy Ornithopter":22},{"AT_ATBox":0,"AT_MibuBalloonWealth":36,"testmod-LifeArmor":51,"ice":0,"Whetstone":38,"Lizard Tail":32,"Centennial Puzzle":40,"Philosopher\u0027s Stone":34,"Kunai":50,"testmod-IntensifyImprint":11,"AT_RedTearstoneRing":25,"testmod-TestBox":0,"testmod-Register":0,"Pen Nib":46,"War Paint":11,"Question Card":41,"Bottled Flame":22,"AT_SpeedBoots":35,"Transparent":18,"BionicSphere":15,"Bronze Scales":35,"testmod-OneHitWonder":27,"Meat on the Bone":44,"AT_BellDemon":7,"Regal Pillow":20,"Lantern":50,"DaveBox":0,"MostiFishMod:Haymaker":24,"Singing Bowl":29,"SynthV":50,"RhineSuit":0,"Ancient Tea Set":15,"Burning Blood":0,"Nunchaku":43,"testmod-Alchemist":32,"Shovel":44,"Mummified Hand":6,"Potion Belt":28,"NeowsBlessing":0,"Golden Idol":11,"PreservedInsect":32,"Omamori":28,"testmod-TurbochargingSystem":28,"Odd Mushroom":9,"testmod-Justice":29,"Frozen Egg 2":34,"testmod-IndustrialRevolution":41,"testmod-Antiphasic":9,"REME:ComplimentaryCards":0,"SynthV:TestCard":1,"Ornamental Fan":27,"testmod-BalancedPeriapt":18,"AT_SunfireAegis":51,"Toy Ornithopter":40}],"Toy Ornithopter":45,"Meat on the Bone":24},"card_choices":[{"not_picked":["Iron Wave","Flex"],"picked":"Sword Boomerang","floor":1.0},{"not_picked":["AT_DiedThrough","Infernal Blade","AT_CaressingTears","Cleave","Flex"],"picked":"SKIP","floor":3.0},{"not_picked":["AT_IchimonjiDouble","Impervious","Seeing Red","Headbutt","Clothesline"],"picked":"SKIP","floor":5.0},{"not_picked":["Hemokinesis","Havoc","Cleave","AT_GerminateFire"],"picked":"Heavy Blade","floor":7.0},{"not_picked":["Shockwave","Armaments","Wild Strike","AT_DiedThrough","Warcry"],"picked":"SKIP","floor":8.0},{"not_picked":["Twin Strike","MostiFishMod:BrandingRite","Inflame","Pommel Strike"],"picked":"Shockwave","floor":12.0},{"not_picked":["Body Slam","Iron Wave","Warcry","Clothesline"],"picked":"MostiFishMod:#F4004","floor":14.0},{"not_picked":["MostiFishMod:RainCloud","MostiFishMod:DarkDeal","MostiFishMod:404NotFound","Feed"],"picked":"Exhume","floor":16.0},{"not_picked":["AT_IchimonjiDouble","Blood for Blood","Burning Pact","Fire Breathing+1","Reckless Charge+1"],"picked":"SKIP","floor":18.0},{"not_picked":["Thunderclap","Fire Breathing","Power Through","AT_IchimonjiDouble","Clash"],"picked":"SKIP","floor":19.0},{"not_picked":["Fire Breathing","Twin Strike","Heavy Blade","Carnage","Perfected Strike"],"picked":"SKIP","floor":21.0},{"not_picked":["Armaments+1","Pommel Strike","Warcry","Cleave","AT_BodySlamDance"],"picked":"SKIP","floor":22.0},{"not_picked":["Warcry","Havoc","Iron Wave","Armaments"],"picked":"Offering","floor":23.0},{"not_picked":["Sentinel","Warcry","Shrug It Off","Thunderclap","Body Slam"],"picked":"SKIP","floor":25.0},{"not_picked":["AT_IchimonjiDouble","AT_BodySlamDance","Entrench","Blood for Blood","Dropkick"],"picked":"Singing Bowl","floor":27.0},{"not_picked":["Second Wind","Anger","Iron Wave","Dark Embrace","Battle Trance"],"picked":"Singing Bowl","floor":29},{"not_picked":["Bludgeon","Berserk+1","MostiFishMod:FlyOverUtopia","Immolate"],"picked":"Limit Break","floor":33},{"not_picked":["Sword Boomerang","Warcry","Anger+1","Headbutt","Hemokinesis"],"picked":"Singing Bowl","floor":35},{"not_picked":["Headbutt","Havoc+1","Dark Embrace+1","AT_GerminateFire","Rage"],"picked":"Singing Bowl","floor":37},{"not_picked":["AT_IchimonjiDouble","Iron Wave","AT_BodySlamDance+1","Clash","Sword Boomerang"],"picked":"Singing Bowl","floor":38},{"not_picked":["Blood for Blood+1","Havoc+1","Sword Boomerang","Infernal Blade","Sentinel"],"picked":"Singing Bowl","floor":40},{"not_picked":["Flex","Pummel","AT_BodySlamDance","Pommel Strike"],"picked":"MostiFishMod:Chiaki","floor":42},{"not_picked":["Clothesline","Carnage","Heavy Blade","Metallicize+1","MostiFishMod:BrandingRite","Cleave"],"picked":"Singing Bowl","floor":45},{"not_picked":["Flame Barrier","Infernal Blade","True Grit","Armaments","Iron Wave","Carnage"],"picked":"Singing Bowl","floor":47},{"not_picked":["AT_CaressingTears","Sword Boomerang","Twin Strike","Seeing Red","True Grit+1","Armaments+1"],"picked":"Singing Bowl","floor":48},{"not_picked":["Dark Embrace+1","AT_GerminateFire","Hemokinesis","Flex","Dual Wield+1","Wild Strike"],"picked":"Singing Bowl","floor":55}],"player_experience":912818,"relics_obtained":[{"floor":1.0,"key":"SynthV:TestCard"},{"floor":7.0,"key":"Mummified Hand"},{"floor":9.0,"key":"AT_BellDemon"},{"floor":10.0,"key":"Odd Mushroom"},{"floor":10.0,"key":"testmod-Antiphasic"},{"floor":12.0,"key":"testmod-IntensifyImprint"},{"floor":12.0,"key":"War Paint"},{"floor":14.0,"key":"BionicSphere"},{"floor":14.0,"key":"Ancient Tea Set"},{"floor":16.0,"key":"testmod-BalancedPeriapt"},{"floor":18.0,"key":"Regal Pillow"},{"floor":19.0,"key":"Bottled Flame"},{"floor":21.0,"key":"MostiFishMod:Haymaker"},{"floor":22.0,"key":"AT_RedTearstoneRing"},{"floor":23.0,"key":"Ornamental Fan"},{"floor":23.0,"key":"testmod-OneHitWonder"},{"floor":25.0,"key":"Potion Belt"},{"floor":25.0,"key":"testmod-TurbochargingSystem"},{"floor":26.0,"key":"Omamori"},{"floor":27.0,"key":"testmod-Justice"},{"floor":27.0,"key":"Singing Bowl"},{"floor":29,"key":"Lizard Tail"},{"floor":29,"key":"testmod-Alchemist"},{"floor":33,"key":"Frozen Egg 2"},{"floor":35,"key":"Bronze Scales"},{"floor":37,"key":"AT_MibuBalloonWealth"},{"floor":38,"key":"Whetstone"},{"floor":40,"key":"Toy Ornithopter"},{"floor":40,"key":"Centennial Puzzle"},{"floor":42,"key":"testmod-IndustrialRevolution"},{"floor":42,"key":"Question Card"},{"floor":45,"key":"Nunchaku"},{"floor":47,"key":"Meat on the Bone"},{"floor":47,"key":"Shovel"},{"floor":48,"key":"Pen Nib"},{"floor":53,"key":"Kunai"},{"floor":55,"key":"testmod-LifeArmor"},{"floor":55,"key":"AT_SunfireAegis"}],"event_choices":[{"damage_healed":0.0,"max_hp_gain":0.0,"max_hp_loss":0.0,"gold_gain":0.0,"event_name":"Upgrade Shrine","player_choice":"Upgraded","floor":4.0,"gold_loss":0.0,"damage_taken":0.0,"cards_upgraded":["Berserk"]},{"damage_healed":0.0,"max_hp_gain":0.0,"max_hp_loss":0.0,"gold_gain":0.0,"event_name":"Mushrooms","player_choice":"Fought Mushrooms","floor":10.0,"gold_loss":0.0,"damage_taken":0.0},{"damage_healed":0.0,"max_hp_gain":0.0,"max_hp_loss":0.0,"gold_gain":0.0,"event_name":"Golden Idol","player_choice":"Take Damage","floor":13.0,"gold_loss":0.0,"damage_taken":26.0,"relics_obtained":["Golden Idol"]},{"damage_healed":0.0,"max_hp_gain":0.0,"max_hp_loss":0.0,"gold_gain":0.0,"event_name":"Vampires","player_choice":"Ignored","floor":20.0,"gold_loss":0.0,"damage_taken":0.0},{"damage_healed":0,"gold_gain":0,"player_choice":"Ignored","damage_taken":0,"max_hp_gain":0,"max_hp_loss":0,"event_name":"Cursed Tome","floor":28,"gold_loss":0},{"cards_removed":["Bash"],"damage_healed":0,"gold_gain":0,"player_choice":"Removed Attack","damage_taken":0,"max_hp_gain":0,"max_hp_loss":0,"event_name":"Falling","floor":39,"gold_loss":0},{"damage_healed":0,"gold_gain":0,"player_choice":"0 cards matched","damage_taken":0,"max_hp_gain":0,"max_hp_loss":0,"event_name":"Match and Keep!","floor":44,"gold_loss":0,"cards_obtained":[]}],"is_beta":true,"boss_relics":[{"not_picked":["ExusiaiGun","OneHitWonderSystem"],"picked":"Transparent"},{"not_picked":["Busted Crown","Coffee Dripper"],"picked":"Philosopher\u0027s Stone"}],"items_purged_floors":[2,2,2,2,2,2,2,2,2],"is_endless":false,"potions_floor_spawned":[1,5,16,18,19,21,29,37,38,45,47,48],"ascension_level":20}}