{"host":"4rvakrj1idbgia3f","time":1613232354,"event":{"mods":["BaseMod","Colored Map","Colored Powertips","DeckTracker","Highlight Path","Minty Spire (QoL Compilation)","Random Character Button","StSLib"],"gold_per_floor":[111,36,51,64,139,165,8,8,32,51,51,51,51,70,70,70,70],"floor_reached":16,"language":"JPN","playtime":544,"items_purged":[],"score":200,"play_id":"c27a98a7-0cd3-44fd-a8cd-7bcf628c7863","local_time":"20210214010554","is_ascension_mode":true,"campfire_choices":[{"data":"Terror","floor":8,"key":"SMITH"},{"data":"Dagger Spray","floor":11,"key":"SMITH"},{"data":"Flying Knee","floor":13,"key":"SMITH"},{"data":"Storm of Steel","floor":15,"key":"SMITH"}],"circlet_count":0,"master_deck":["AscendersBane","Strike_G","Strike_G","Strike_G","Strike_G","Strike_G","Defend_G","Defend_G","Defend_G","Defend_G","Survivor","Neutralize","Storm of Steel+1","Terror+1","Dagger Spray+1","Flying Knee+1","PiercingWail","Expertise","Backstab"],"relics":["Ring of the Snake","Omamori","OrangePellets","Smiling Mask","Sundial"],"acts_visited":["Exordium"],"potions_floor_usage":[6,6,16],"damage_taken":[{"damage":0.0,"enemies":"Small Slimes","floor":1.0,"turns":5.0},{"damage":0.0,"enemies":"2 Louse","floor":3.0,"turns":3.0},{"damage":2.0,"enemies":"Jaw Worm","floor":4.0,"turns":4.0},{"damage":12,"enemies":"3 Sentries","floor":6,"turns":4},{"damage":8,"enemies":"Blue Slaver","floor":10,"turns":4},{"damage":1,"enemies":"3 Louse","floor":14,"turns":4},{"damage":22,"enemies":"Hexaghost","floor":16,"turns":9}],"seed_played":"1958179882482958903","potions_obtained":[{"floor":1.0,"key":"AttackPotion"},{"floor":4.0,"key":"Swift Potion"},{"floor":14,"key":"AttackPotion"}],"is_trial":false,"path_per_floor":["M","?","M","M","?","E","$","R","T","M","R","?","R","M","R","B"],"character_chosen":"THE_SILENT","items_purchased":["OrangePellets"],"campfire_rested":0,"item_purchase_floors":[7],"current_hp_per_floor":[59,59,59,57,46,34,34,34,34,26,26,21,21,20,20,0,0],"gold":70,"neow_bonus":"THREE_RARE_CARDS","is_daily":false,"chose_seed":false,"campfire_upgraded":4,"win_rate":0.0,"timestamp":1613232354,"path_taken":["M","?","M","M","?","E","$","R","T","M","R","?","R","M","R","BOSS"],"items_purchased_type":["Relic"],"build_version":"2020-12-22","purchased_purges":0,"victory":false,"max_hp_per_floor":[60,60,60,60,60,60,60,60,60,60,60,60,60,60,60,60,60],"card_choices":[{"not_picked":["Burst","Bullet Time"],"picked":"Storm of Steel","floor":0.0},{"not_picked":["Prepared","Sucker Punch"],"picked":"Terror","floor":1.0},{"not_picked":["Underhanded Strike","Poisoned Stab"],"picked":"Dagger Spray","floor":3.0},{"not_picked":["Eviscerate","Calculated Gamble"],"picked":"Flying Knee","floor":4.0},{"not_picked":["Outmaneuver","Infinite Blades"],"picked":"PiercingWail","floor":6},{"not_picked":["Flechettes","Sucker Punch"],"picked":"Expertise","floor":10},{"not_picked":["All Out Attack","Cloak And Dagger"],"picked":"Backstab","floor":14}],"player_experience":2353221,"relics_obtained":[{"floor":6,"key":"Omamori"},{"floor":9,"key":"Smiling Mask"}],"event_choices":[{"cards_removed":["Defend_G"],"damage_healed":0.0,"max_hp_gain":0.0,"max_hp_loss":0.0,"gold_gain":0.0,"event_name":"The Cleric","player_choice":"Card Removal","floor":2.0,"gold_loss":75.0,"damage_taken":0.0},{"damage_healed":0.0,"max_hp_gain":0.0,"max_hp_loss":0.0,"gold_gain":75.0,"event_name":"World of Goop","player_choice":"Gather Gold","floor":5.0,"gold_loss":0.0,"damage_taken":11.0},{"damage_healed":0,"gold_gain":0,"player_choice":"Success","damage_taken":5,"relics_obtained":["Sundial"],"max_hp_gain":0,"max_hp_loss":0,"event_name":"Scrap Ooze","floor":12,"gold_loss":0}],"is_beta":false,"boss_relics":[],"items_purged_floors":[],"is_endless":false,"potions_floor_spawned":[1,4,14],"killed_by":"Hexaghost","ascension_level":20}}