{"host":"xp27heuvanyklt0b","time":1613214179,"event":{"mods":["100% Spire Juice","BaseMod","CapriCore","Minty Spire (QoL Compilation)","StSLib","The Immortal"],"gold_per_floor":[118,137,137,34,46,46,57,77,77,77,77,77,97,117,117,102,102,117,132,132,132,151,31,46,56,138,156,156,156],"floor_reached":28,"language":"KOR","playtime":1162,"items_purged":[],"score":218,"play_id":"3988682b-7088-4456-80e9-e04f5f683310","local_time":"20210213200259","is_ascension_mode":false,"campfire_choices":[{"data":"Moonworks:Assault","floor":6,"key":"SMITH"},{"floor":10,"key":"REST"},{"data":"Moonworks:BigBangBell","floor":15,"key":"SMITH"},{"data":"Moonworks:SinkOrSwim","floor":23,"key":"SMITH"}],"circlet_count":0,"master_deck":["Moonworks:Strike","Moonworks:Strike","Moonworks:Strike","Moonworks:Strike","Moonworks:Defend","Moonworks:Defend","Moonworks:Defend","Moonworks:Defend","Moonworks:Ambush","Moonworks:LongDistanceShot","Moonworks:SakisCookie","Moonworks:Assault+1","Moonworks:BeyondHell","Moonworks:ImmovableObject","Moonworks:AwakeningOfTalent","Moonworks:BigBangBell+1","Moonworks:LuckyCharm","Moonworks:SinkOrSwim+1","Moonworks:WindyEnchantment+1","Moonworks:DeployBits","Moonworks:SakisCookie","Moonworks:LulusLuckyEgg+1","Moonworks:AngelHand","Injury","Moonworks:WeAreWaruda"],"relics":["Moonworks:BrokenBomb","Moonworks:Homemark","TungstenRod","Cursed Key","Nloth\u0027s Gift","Matryoshka"],"acts_visited":["Exordium","TheCity"],"potions_floor_usage":[18,25,28],"damage_taken":[{"damage":0,"enemies":"Cultist","floor":1,"turns":4},{"damage":6,"enemies":"2 Louse","floor":2,"turns":3},{"damage":0,"enemies":"Small Slimes","floor":4,"turns":2},{"damage":10,"enemies":"3 Louse","floor":5,"turns":5},{"damage":10,"enemies":"Large Slime","floor":7,"turns":5},{"damage":4,"enemies":"Gremlin Gang","floor":8,"turns":7},{"damage":0,"enemies":"Blue Slaver","floor":13,"turns":4},{"damage":0,"enemies":"3 Louse","floor":14,"turns":3},{"damage":33,"enemies":"The Guardian","floor":16,"turns":15},{"damage":10,"enemies":"Shell Parasite","floor":18,"turns":7},{"damage":6,"enemies":"3 Byrds","floor":19,"turns":5},{"damage":2,"enemies":"Centurion and Healer","floor":22,"turns":7},{"damage":15,"enemies":"Shelled Parasite and Fungi","floor":24,"turns":6},{"damage":10,"enemies":"3 Cultists","floor":25,"turns":5},{"damage":17,"enemies":"Sentry and Sphere","floor":27,"turns":4},{"damage":13,"enemies":"Centurion and Healer","floor":28,"turns":1}],"seed_played":"2152633121117147286","potions_obtained":[{"floor":2,"key":"SpeedPotion"},{"floor":13,"key":"Block Potion"},{"floor":14,"key":"LiquidMemories"},{"floor":24,"key":"Moonworks:OneHundredPercentOrangeJuicePotion"},{"floor":25,"key":"FearPotion"}],"is_trial":false,"path_per_floor":["M","M","?","M","M","R","M","M","T","R","?","?","M","M","R","B",null,"M","M","?","?","M","R","M","M","T","M","M"],"character_chosen":"THE_STARBREAKER","items_purchased":[],"campfire_rested":1,"item_purchase_floors":[],"current_hp_per_floor":[42,36,60,60,52,52,42,38,38,56,56,61,61,61,61,28,65,55,49,49,49,47,47,32,22,22,5,0,0],"gold":156,"neow_bonus":"ONE_RARE_RELIC","is_daily":false,"chose_seed":false,"campfire_upgraded":3,"win_rate":0.0,"timestamp":1613214179,"path_taken":["M","M","?","?","M","R","M","M","T","R","?","?","M","M","R","BOSS","M","M","?","?","M","R","M","M","T","M","M"],"items_purchased_type":[],"build_version":"2020-12-22","purchased_purges":0,"victory":false,"max_hp_per_floor":[60,60,60,60,60,60,60,60,60,60,60,65,65,65,65,65,65,65,65,65,65,65,65,65,65,65,65,65,65],"card_choices":[{"not_picked":["Moonworks:Bloodlust","Moonworks:CloudOfSeagulls"],"picked":"Moonworks:SakisCookie","floor":1},{"not_picked":["Moonworks:SakisCookie","Moonworks:DeployBits"],"picked":"Moonworks:TacticalRetreat","floor":2},{"not_picked":["Moonworks:BigMagnum","Moonworks:NicePresent"],"picked":"Moonworks:Assault","floor":4},{"not_picked":["Moonworks:ImOnFire","Moonworks:BigMagnum"],"picked":"Moonworks:BeyondHell","floor":5},{"not_picked":["Moonworks:AwakeningOfTalent","Moonworks:CloudOfSeagulls"],"picked":"Moonworks:ImmovableObject","floor":7},{"not_picked":["Moonworks:RagingMadness","Moonworks:ReproductionOfRecords"],"picked":"Moonworks:AwakeningOfTalent","floor":8},{"not_picked":["Moonworks:LulusLuckyEgg","Moonworks:SelfDestruct"],"picked":"Moonworks:BigBangBell","floor":13},{"not_picked":["Moonworks:ImOnFire","Moonworks:BigMagnum"],"picked":"Moonworks:LuckyCharm","floor":14},{"not_picked":["Moonworks:Accelerator","Moonworks:Blazing"],"picked":"Moonworks:SinkOrSwim","floor":16},{"not_picked":["Moonworks:UnpaidWork","Moonworks:NicePresent"],"picked":"Moonworks:WindyEnchantment+1","floor":18},{"not_picked":["Moonworks:NicePresent","Moonworks:ImOnFire"],"picked":"Moonworks:DeployBits","floor":19},{"not_picked":["Moonworks:BeyondHell","Moonworks:Assault"],"picked":"Moonworks:SakisCookie","floor":22},{"not_picked":["Moonworks:Dash","Moonworks:SakisCookie+1"],"picked":"Moonworks:LulusLuckyEgg+1","floor":24},{"not_picked":["Moonworks:ImOnFire","Moonworks:WindyEnchantment+1"],"picked":"Moonworks:AngelHand","floor":25},{"not_picked":["Moonworks:CloudOfSeagulls","Moonworks:x16BigRocket"],"picked":"Moonworks:WeAreWaruda","floor":27}],"player_experience":220589,"relics_obtained":[{"floor":9,"key":"Turnip"},{"floor":26,"key":"Matryoshka"}],"event_choices":[{"cards_removed":["Moonworks:TacticalRetreat"],"damage_healed":24,"gold_gain":0,"player_choice":"Offered Uncommon","damage_taken":0,"max_hp_gain":0,"max_hp_loss":0,"event_name":"Bonfire Elementals","floor":3,"gold_loss":0},{"damage_healed":0,"gold_gain":0,"player_choice":"Leave","damage_taken":0,"max_hp_gain":0,"max_hp_loss":0,"event_name":"The Cleric","floor":11,"gold_loss":0},{"damage_healed":0,"gold_gain":0,"player_choice":"Donut","damage_taken":0,"max_hp_gain":5,"max_hp_loss":0,"event_name":"Big Fish","floor":12,"gold_loss":0},{"damage_healed":0,"gold_gain":0,"player_choice":"Ignored","damage_taken":0,"max_hp_gain":0,"max_hp_loss":0,"event_name":"Beggar","floor":20,"gold_loss":0},{"damage_healed":0,"gold_gain":0,"player_choice":"Traded Relic","damage_taken":0,"relics_obtained":["Nloth\u0027s Gift"],"max_hp_gain":0,"max_hp_loss":0,"event_name":"N\u0027loth","floor":21,"relics_lost":["Turnip"],"gold_loss":0}],"is_beta":false,"boss_relics":[{"not_picked":["Ectoplasm","Runic Pyramid"],"picked":"Cursed Key"}],"items_purged_floors":[],"is_endless":false,"potions_floor_spawned":[2,13,14,24,25,27],"killed_by":"Centurion and Healer","ascension_level":0}}