{"host":"nsc6ozq3atyrdr3m","time":1613255981,"event":{"mods":["BaseMod","Colored Map","Minty Spire (QoL Compilation)"],"gold_per_floor":[117,117,40,40,1,1,1,28,28,46,46,58,58,58,58,160,160,175,186,186,186,24,58,58,58,58,58,93,115,52,52,52,52,52],"floor_reached":33,"language":"FRA","playtime":911,"items_purged":["Writhe"],"score":350,"play_id":"04c1f066-07aa-439c-a384-8b0fe7c7fbf4","local_time":"20210213233941","is_ascension_mode":true,"campfire_choices":[{"data":"Glacier","floor":6,"key":"SMITH"},{"data":"Redo","floor":13,"key":"SMITH"},{"data":"Conserve Battery","floor":15,"key":"SMITH"},{"floor":25,"key":"REST"},{"floor":27,"key":"REST"},{"floor":32,"key":"REST"}],"circlet_count":0,"master_deck":["Strike_B+1","Strike_B+1","Strike_B+1","Defend_B+1","Defend_B+1","Defend_B+1","Defend_B+1","Zap","Dualcast","Conserve Battery+1","Capacitor+1","Glacier+1","Rebound+1","Redo+1","Ball Lightning+1","Buffer","Static Discharge+1","Melter+1","Biased Cognition","Hyperbeam+1","Barrage+1"],"relics":["Cracked Core","NeowsBlessing","Molten Egg 2","Lantern","CaptainsWheel","HornCleat","SlaversCollar","Shuriken","Art of War","Pocketwatch","Whetstone","MawBank"],"acts_visited":["Exordium","TheCity"],"potions_floor_usage":[23,23,24,28],"damage_taken":[{"damage":0,"enemies":"2 Louse","floor":1,"turns":1},{"damage":0,"enemies":"3 Sentries","floor":8,"turns":1},{"damage":0,"enemies":"Jaw Worm","floor":10,"turns":1},{"damage":11,"enemies":"Small Slimes","floor":12,"turns":3},{"damage":11,"enemies":"The Guardian","floor":16,"turns":12},{"damage":0,"enemies":"Shell Parasite","floor":18,"turns":7},{"damage":4,"enemies":"Spheric Guardian","floor":19,"turns":6},{"damage":69,"enemies":"Gremlin Leader","floor":23,"turns":7},{"damage":0,"enemies":"Snake Plant","floor":24,"turns":1},{"damage":21,"enemies":"Book of Stabbing","floor":28,"turns":6},{"damage":23,"enemies":"Centurion and Healer","floor":29,"turns":4},{"damage":46,"enemies":"Champ","floor":33,"turns":8}],"seed_played":"4548226330825888140","potions_obtained":[{"floor":8,"key":"SkillPotion"},{"floor":10,"key":"SmokeBomb"},{"floor":16,"key":"Fire Potion"},{"floor":23,"key":"ColorlessPotion"}],"is_trial":false,"path_per_floor":["M","?","$","?","$","R","?","E","T","M","T","M","R","$","R","B",null,"M","M","T","?","$","E","M","R","T","R","E","M","$","?","R","B"],"character_chosen":"DEFECT","items_purchased":["Capacitor","Glacier","Biased Cognition"],"campfire_rested":3,"item_purchase_floors":[3,5,22],"current_hp_per_floor":[75,68,68,68,68,68,61,61,61,61,61,50,50,50,50,39,75,75,71,71,71,71,2,2,24,24,46,25,2,2,2,24,0,0],"gold":52,"neow_bonus":"THREE_ENEMY_KILL","is_daily":false,"chose_seed":false,"campfire_upgraded":3,"win_rate":0.0,"timestamp":1613255981,"path_taken":["M","?","$","?","?","R","?","E","T","M","?","M","R","$","R","BOSS","M","M","?","?","$","E","M","R","T","R","E","M","$","?","R","BOSS"],"items_purchased_type":["Card","Card","Card"],"build_version":"2020-12-22","purchased_purges":1,"victory":false,"max_hp_per_floor":[75,75,75,75,75,75,75,75,75,75,75,75,75,75,75,75,75,75,75,75,75,75,75,75,75,75,75,75,75,75,75,75,75,75],"card_choices":[{"not_picked":["Compile Driver","Leap"],"picked":"Conserve Battery","floor":1},{"not_picked":["Steam Power","Turbo"],"picked":"Rebound+1","floor":8},{"not_picked":["Hyperbeam+1","Conserve Battery"],"picked":"Redo","floor":10},{"not_picked":["Leap","Coolheaded"],"picked":"Ball Lightning+1","floor":12},{"not_picked":["All For One+1","Fission"],"picked":"Buffer","floor":16},{"not_picked":["Cold Snap+1","Leap"],"picked":"Static Discharge+1","floor":18},{"not_picked":["Redo","Self Repair"],"picked":"Melter+1","floor":19},{"not_picked":["Recycle","Redo","Go for the Eyes+1"],"picked":"SKIP","floor":23},{"not_picked":["Undo","Redo"],"picked":"Hyperbeam+1","floor":28},{"not_picked":["Stack","Hologram"],"picked":"Barrage+1","floor":29}],"player_experience":410712,"relics_obtained":[{"floor":8,"key":"Lantern"},{"floor":9,"key":"CaptainsWheel"},{"floor":11,"key":"HornCleat"},{"floor":20,"key":"Shuriken"},{"floor":23,"key":"Pocketwatch"},{"floor":26,"key":"Whetstone"},{"floor":28,"key":"MawBank"}],"event_choices":[{"damage_healed":0,"gold_gain":0,"player_choice":"Success","damage_taken":7,"relics_obtained":["Molten Egg 2"],"max_hp_gain":0,"max_hp_loss":0,"event_name":"Scrap Ooze","floor":2,"gold_loss":0},{"damage_healed":0,"gold_gain":0,"player_choice":"Grow","damage_taken":0,"max_hp_gain":0,"max_hp_loss":0,"event_name":"Living Wall","floor":4,"gold_loss":0,"cards_upgraded":["Capacitor"]},{"cards_removed":["Strike_B"],"damage_healed":0,"gold_gain":0,"player_choice":"Card Removal","damage_taken":7,"max_hp_gain":0,"max_hp_loss":0,"event_name":"Golden Wing","floor":7,"gold_loss":0},{"damage_healed":0,"gold_gain":0,"player_choice":"Opened","damage_taken":0,"relics_obtained":["Art of War"],"max_hp_gain":0,"max_hp_loss":0,"event_name":"The Mausoleum","floor":21,"gold_loss":0,"cards_obtained":["Writhe"]},{"damage_healed":0,"gold_gain":0,"player_choice":"Simplicity","damage_taken":0,"max_hp_gain":0,"max_hp_loss":0,"event_name":"Back to Basics","floor":31,"gold_loss":0,"cards_upgraded":["Strike_B","Defend_B","Defend_B","Defend_B","Defend_B"]}],"is_beta":false,"boss_relics":[{"not_picked":["Runic Dome","Astrolabe"],"picked":"SlaversCollar"}],"items_purged_floors":[30],"is_endless":false,"potions_floor_spawned":[8,10,16,18,19,23],"killed_by":"Champ","ascension_level":3}}