{"host":"t9zjxed0utvsfjwc","time":1613214380,"event":{"mods":["2.2 Compatiblity","Aspiration","BaseMod","Better Altar","Better Match","Better Note","Better Sensory Stone","Better Skull","Better Third Choice","Block Reminder","Colored Map","Colored Powertips","Custom Start","Downfall","Hermit","Highlight Path","Hubris","Infinite Spire","Marisa????????","Minty Spire (QoL Compilation)","Quick Restart","Rare Cards Sparkle","Reliquary","Replay The Spire","StSLib","The Cursed","The Marked","The Runesmith","Unceasing Turn Reminder","everything is the same but u backflip on backflip"],"gold_per_floor":[112,112,130,140,140,140,169,169,216,216,232,256,256,276,276,379,379,391,407,407,431,442,442,442],"floor_reached":23,"language":"ENG","playtime":922,"items_purged":[],"score":191,"play_id":"a9ee932e-c81d-4e48-966d-5619dce4cf37","local_time":"20210213110620","is_ascension_mode":false,"campfire_choices":[{"data":"theMarked:OneWithTheBlade","floor":6,"key":"SMITH"},{"data":"theMarked:SoldierOfQuellstein","floor":10,"key":"SMITH"},{"floor":15,"key":"REST"}],"circlet_count":0,"master_deck":["theMarked:Strike+2","theMarked:Strike+2","theMarked:Strike+1","theMarked:Strike+1","theMarked:Strike+1","theMarked:Defend","theMarked:Defend","theMarked:Defend","theMarked:SoldierOfQuellstein+1","theMarked:OneWithTheBlade+1","theMarked:Overcharge","theMarked:EmpowerWeapon","theMarked:TwofoldDefense","theMarked:EternalStudent","theMarked:ComboAttacks+1","Demon Form"],"relics":["theMarked:ArtifactOfAir","NeowsBlessing","Tiny Chest","aspiration:HiddenCompartment","reliquary:Boomerang","Orichalcum","ReplayTheSpireMod:TigerMarble","reliquary:RosewoodLute"],"acts_visited":["Exordium","TheCity"],"potions_floor_usage":[7,7,16,22],"damage_taken":[{"damage":0,"enemies":"2 Louse","floor":1,"turns":1},{"damage":0,"enemies":"Cultist","floor":3,"turns":1},{"damage":0,"enemies":"Jaw Worm","floor":4,"turns":1},{"damage":13,"enemies":"Lagavulin","floor":7,"turns":6},{"damage":0,"enemies":"2 Fungi Beasts","floor":11,"turns":2},{"damage":0,"enemies":"Looter","floor":14,"turns":2},{"damage":18,"enemies":"Hexaghost","floor":16,"turns":8},{"damage":25,"enemies":"2 Thieves","floor":18,"turns":3},{"damage":4,"enemies":"Spheric Guardian","floor":19,"turns":3},{"damage":30,"enemies":"Centurion and Healer","floor":22,"turns":5},{"damage":16,"enemies":"Nightmare","floor":23,"turns":3}],"seed_played":"2822653351607529521","potions_obtained":[{"floor":1,"key":"Swift Potion"},{"floor":4,"key":"Block Potion"},{"floor":7,"key":"Dexterity Potion"},{"floor":18,"key":"Strength Potion"},{"floor":19,"key":"SkillPotion"}],"is_trial":false,"path_per_floor":["M","?","M","M","?","R","E","?","T","R","M","T","?","M","R","B",null,"M","M","?","T","M","NM"],"character_chosen":"THE_DEFAULT","items_purchased":[],"campfire_rested":1,"item_purchase_floors":[],"current_hp_per_floor":[70,21,21,21,21,21,8,8,8,8,8,8,15,15,36,18,70,45,41,41,41,11,0,0],"gold":442,"neow_bonus":"THREE_ENEMY_KILL","is_daily":false,"chose_seed":false,"campfire_upgraded":2,"win_rate":0.0,"timestamp":1613214380,"path_taken":["M","?","M","?","?","R","E","?","T","R","M","?","?","?","R","BOSS","M","M","?","?","?","NM"],"items_purchased_type":[],"build_version":"2020-12-22","purchased_purges":0,"victory":false,"max_hp_per_floor":[70,70,70,70,70,70,70,70,70,70,70,70,70,70,70,70,70,70,70,70,70,70,70,70],"card_choices":[{"not_picked":["theMarked:Parkour","theMarked:WastefulAttack"],"picked":"theMarked:OneWithTheBlade","floor":1},{"not_picked":["theMarked:SwordAndMagic","theMarked:Standoff"],"picked":"theMarked:Overcharge","floor":3},{"not_picked":["theMarked:Maelstrom","theMarked:SwordAndMagic","theMarked:LightningStrikesTwice"],"picked":"SKIP","floor":4},{"not_picked":["theMarked:Aftermath","theMarked:Indomitable","theMarked:PowerFlow"],"picked":"SKIP","floor":7},{"not_picked":["theMarked:BanishingStrike","theMarked:ElectricStrings"],"picked":"theMarked:EmpowerWeapon","floor":11},{"not_picked":["theMarked:WastefulAttack","theMarked:MagusForm"],"picked":"theMarked:TwofoldDefense","floor":14},{"not_picked":["theMarked:DispelDoubt","theMarked:TurnInvisible"],"picked":"theMarked:EternalStudent","floor":16},{"not_picked":["theMarked:WardOff","theMarked:BanishingStrike"],"picked":"theMarked:ComboAttacks+1","floor":18},{"not_picked":["theMarked:TheMission","theMarked:Opportunist","theMarked:WardOff"],"picked":"SKIP","floor":19},{"not_picked":["theMarked:PowerFlow","theMarked:ShockingTouch","theMarked:RepellingDischarge"],"picked":"SKIP","floor":22}],"player_experience":549113,"relics_obtained":[{"floor":7,"key":"reliquary:Boomerang"},{"floor":9,"key":"Orichalcum"},{"floor":12,"key":"ReplayTheSpireMod:TigerMarble"},{"floor":21,"key":"reliquary:RosewoodLute"}],"event_choices":[{"damage_healed":0,"gold_gain":0,"player_choice":"RE RE RE ","damage_taken":55,"relics_obtained":["Tiny Chest","aspiration:HiddenCompartment","Simple Rune"],"max_hp_gain":0,"max_hp_loss":0,"event_name":"betterSkull:BetterSkull","floor":2,"gold_loss":0,"cards_upgraded":[]},{"cards_removed":["theMarked:EternalStudent"],"damage_healed":0,"gold_gain":0,"player_choice":"Take \u0026 Give","damage_taken":0,"max_hp_gain":0,"max_hp_loss":0,"event_name":"betterNote:BetterNote","floor":20,"gold_loss":0,"cards_obtained":["Demon Form"]}],"is_beta":false,"boss_relics":[{"not_picked":["Ectoplasm","Abe\u0027s Treasure","aspiration:MarisaSkillbook"]}],"items_purged_floors":[],"is_endless":false,"potions_floor_spawned":[1,4,7,18,19],"killed_by":"Nightmare","ascension_level":0}}