{"host":"pgm1p3lvdjflie30","time":1613211168,"event":{"mods":["AchievementEnabler","Alarm Clock","Aspiration","BaseMod","Challenge The Spire","Colored Map","Colored Powertips","Conspire","Dark Map","Energized Spire","GungeonMod","Hermit","HornydragonMod","Minty Spire (QoL Compilation)","Quarter Circle Forward PUNCH!","Quick Restart","Reimu（博???）","Relic Stats","Reliquary","Replay The Spire","Robot Space Explorer","Spicy Shops","StSLib","The Blackbeard","The Bug Knight","The Cursed","The Hayseed","The IronCluck","The Runesmith","Waifu the Spire","Yakumo Yukari mod","【功能Mod】混沌之?修复?丁","篝火指南"],"gold_per_floor":[115,115,32,32,32,68,68,68,88,88,88,102,102,16,16,29,29,131,131,147,147,164,246,261,261,277,277,277,289,302,302,302],"floor_reached":31,"language":"ZHS","playtime":1731,"items_purged":[],"score":225,"play_id":"908a8048-d954-432b-accd-a53548348cf4","local_time":"20210213181248","is_ascension_mode":false,"campfire_choices":[{"data":"Leap","floor":8,"key":"SMITH"},{"data":"ReplayGash","floor":10,"key":"SMITH"},{"data":"Beam Cell","floor":13,"key":"SMITH"},{"data":"Beam Cell","floor":15,"key":"SMITH"},{"floor":25,"key":"REST"},{"floor":27,"key":"REST"}],"circlet_count":0,"master_deck":["Strike_B+1","Strike_B","Strike_B","Strike_B","Defend_B","Defend_B","Defend_B+1","Defend_B","Zap","Dualcast","Beam Cell+1","Leap+1","Beam Cell+1","ReplayGash+1","Hologram","Compile Driver+1","Coolheaded","Turbo+1","Machine Learning","Gash","ReplayTheSpireMod:Dual Polarity+1","Electrodynamics","Conserve Battery","Time Bomb","Gash"],"relics":["Cracked Core"],"acts_visited":["Exordium","TheCity"],"potions_floor_usage":[18,18,20,20,24,30],"damage_taken":[{"damage":4,"enemies":"Jaw Worm","floor":1,"turns":4},{"damage":9,"enemies":"2 Louse","floor":6,"turns":5},{"damage":0,"enemies":"2 Louse","floor":9,"turns":2},{"damage":2,"enemies":"conspire:RoseBush","floor":12,"turns":2},{"damage":0,"enemies":"2 Fungi Beasts","floor":16,"turns":2},{"damage":31,"enemies":"The Guardian","floor":18,"turns":10},{"damage":3,"enemies":"3 Byrds","floor":20,"turns":6},{"damage":11,"enemies":"Spheric Guardian","floor":22,"turns":4},{"damage":33,"enemies":"3 Cultists","floor":24,"turns":6},{"damage":24,"enemies":"Cultist and Chosen","floor":26,"turns":7},{"damage":30,"enemies":"Snecko","floor":29,"turns":5},{"damage":9,"enemies":"Chosen and Byrds","floor":30,"turns":4},{"damage":20,"enemies":"Centurion and Healer","floor":31,"turns":1}],"seed_played":"7402237279326480986","potions_obtained":[{"floor":9,"key":"Languid Potion"},{"floor":16,"key":"PowerPotion"},{"floor":18,"key":"Block Potion"},{"floor":20,"key":"Dexterity Potion"},{"floor":29,"key":"Adrenaline Potion"},{"floor":30,"key":"SpeedPotion"}],"is_trial":false,"path_per_floor":["M","?","$","PTL","PTL","?","?","R","M","R","T","M","R","$","R","M","R_BF","B",null,"M","?","M","T","M","R","M","R","T","M","M","M"],"character_chosen":"DEFECT","items_purchased":["Leap","Compile Driver+1","Coolheaded"],"campfire_rested":2,"item_purchase_floors":[3,14,14],"current_hp_per_floor":[78,78,78,78,78,69,53,53,53,53,53,51,51,51,51,51,75,44,82,79,79,68,68,35,59,35,59,59,29,20,0,0],"gold":302,"neow_bonus":"TEN_PERCENT_HP_BONUS","is_daily":false,"chose_seed":false,"campfire_upgraded":4,"win_rate":0.0,"timestamp":1613211168,"path_taken":["M","?","$","PTL","PTL","?","?","R","M","R","T","M","R","$","R","M","R_BF","BOSS","M","?","M","?","M","R","M","R","T","M","M","M"],"items_purchased_type":["Card","Card","Card"],"build_version":"2020-12-22","purchased_purges":0,"victory":false,"max_hp_per_floor":[82,82,82,82,82,82,82,82,82,82,82,82,82,82,82,82,82,82,82,82,82,82,82,82,82,82,82,82,82,82,82,82],"relic_stats":{"counters":[13,58],"obtain_stats":[{"DemoMod:GlassGuonStoneRelic":16,"Cracked Core":0},{"DemoMod:GlassGuonStoneRelic":5,"Cracked Core":0},{"DemoMod:GlassGuonStoneRelic":15,"Cracked Core":0}]},"card_choices":[{"not_picked":["Rebound","Coolheaded"],"picked":"Beam Cell","floor":1},{"not_picked":["Panic Button","ReplaySolidLightProjector"],"picked":"Beam Cell","floor":6},{"not_picked":["Fission","ReplayTheSpireMod:Dual Polarity"],"picked":"ReplayGash","floor":9},{"not_picked":["ReplayTheSpireMod:System Scan","Leap"],"picked":"Hologram","floor":12},{"not_picked":["Fusion","Conserve Battery"],"picked":"Turbo","floor":16},{"not_picked":["Biased Cognition","Core Surge"],"picked":"Machine Learning","floor":18},{"not_picked":["Redo+1","Conserve Battery"],"picked":"Gash","floor":20},{"not_picked":["Rip and Tear","Conserve Battery+1"],"picked":"ReplayTheSpireMod:Dual Polarity+1","floor":22},{"not_picked":["Turbo+1","Conserve Battery"],"picked":"Electrodynamics","floor":24},{"not_picked":["Go for the Eyes","Sweeping Beam"],"picked":"Conserve Battery","floor":26},{"not_picked":["Hologram","Compile Driver+1"],"picked":"Time Bomb","floor":29},{"not_picked":["Stack","Chill"],"picked":"Gash","floor":30}],"player_experience":494332,"relics_obtained":[],"event_choices":[{"damage_healed":0,"gold_gain":0,"player_choice":"Entered Light","damage_taken":16,"max_hp_gain":0,"max_hp_loss":0,"event_name":"Shining Light","floor":7,"gold_loss":0,"cards_upgraded":["Defend_B","Strike_B"]}],"is_beta":false,"boss_relics":[{"not_picked":["energizedSpire:EnergizedDie","aspiration:MobileForge","aspiration:RandomNobGenerator"]}],"items_purged_floors":[],"is_endless":false,"potions_floor_spawned":[9,16,18,20,29,30],"killed_by":"Centurion and Healer","ascension_level":0}}