{"host":"5y2vm16xfq9gfmb2","time":1613202901,"event":{"mods":["AchievementEnabler","BaseMod","Better Third Choice","Colored Map","Colored Powertips","DeckTracker","Marisa????????","Minty Spire (QoL Compilation)","Rare Cards Sparkle","Relic Stats","StSLib","The Alterego","The Animator","The Marked","The Servant 0.9.4"],"gold_per_floor":[218,218,236,246,9,9,9],"floor_reached":6,"language":"ENG","playtime":432,"items_purged":[],"score":38,"play_id":"7d3e2637-f8fd-48f9-b5c3-88f317598732","local_time":"20210213025501","is_ascension_mode":true,"campfire_choices":[],"circlet_count":0,"master_deck":["alterego_mod:Strike","alterego_mod:Strike","alterego_mod:Strike","alterego_mod:Strike","alterego_mod:Defend","alterego_mod:Defend","alterego_mod:Defend","alterego_mod:Defend","alterego_mod:Impale","alterego_mod:BigMeatyClaws+1","alterego_mod:BrynhildrsRune","alterego_mod:Stockings+1","alterego_mod:Smother","alterego_mod:Cycle","Chrysalis","alterego_mod:Crossover"],"relics":["alterego_mod:MasochisticConstitution"],"acts_visited":["Exordium"],"potions_floor_usage":[4],"damage_taken":[{"damage":15,"enemies":"Jaw Worm","floor":1,"turns":8},{"damage":1,"enemies":"Cultist","floor":3,"turns":3},{"damage":0,"enemies":"Small Slimes","floor":4,"turns":5},{"damage":61,"enemies":"3 Sentries","floor":6,"turns":8}],"seed_played":"6968402198820962021","potions_obtained":[{"floor":4,"key":"Fruit Juice"}],"is_trial":false,"path_per_floor":["M","?","M","M","$","E"],"character_chosen":"The_Alterego","items_purchased":["Chrysalis","alterego_mod:Crossover"],"campfire_rested":0,"item_purchase_floors":[5,5],"current_hp_per_floor":[56,42,42,54,54,0,0],"gold":9,"neow_bonus":"HUNDRED_GOLD","is_daily":false,"chose_seed":false,"campfire_upgraded":0,"win_rate":0.0,"timestamp":1613202901,"path_taken":["M","?","M","M","$","E"],"items_purchased_type":["Card","Card"],"build_version":"2020-12-22","purchased_purges":0,"victory":false,"max_hp_per_floor":[71,71,72,77,77,77,77],"relic_stats":{"counters":[4,23],"obtain_stats":[{"alterego_mod:MasochisticConstitution":0},{"alterego_mod:MasochisticConstitution":0},{"alterego_mod:MasochisticConstitution":0}]},"card_choices":[{"not_picked":["alterego_mod:Mirror","alterego_mod:Punishment"],"picked":"alterego_mod:Stockings","floor":1},{"not_picked":["alterego_mod:TrashNCrash","alterego_mod:MagicResistance"],"picked":"alterego_mod:Smother","floor":3},{"not_picked":["alterego_mod:MagicResistance","alterego_mod:Mirror"],"picked":"alterego_mod:Cycle","floor":4}],"player_experience":84690,"relics_obtained":[],"event_choices":[{"damage_healed":56,"gold_gain":0,"player_choice":"Upgrade","damage_taken":14,"max_hp_gain":0,"max_hp_loss":71,"event_name":"betterThird:BetterShining","floor":2,"gold_loss":0,"cards_upgraded":["alterego_mod:Stockings","alterego_mod:BigMeatyClaws"]}],"is_beta":false,"boss_relics":[],"items_purged_floors":[],"is_endless":false,"potions_floor_spawned":[4],"killed_by":"3 Sentries","ascension_level":1}}