{"host":"m0a8wxl9o3yrknox","time":1613228988,"event":{"mods":["BaseMod","Bossed Relics","Energized Spire","Minty Spire (QoL Compilation)","Relic Filter Mod","Relic Stats","Robot Space Explorer","Spicy Shops","StSLib","¡¾ÒÅÎï¿¨ÅÆ¡¿REMEMod"],"gold_per_floor":[114,129,139,214,214,214,246,246,271,271,297,297,297,326,326,427,427,438,353,278,291,291,291,326,326,350,350,384,428,440,467,479,595,607,637,609,652,680,704,716,762,807,819,857,67,67,97,141,141,141],"floor_reached":51,"language":"ZHS","playtime":2808,"items_purged":["Normality"],"score":1318,"play_id":"cbf35af7-ac26-4136-94bc-9f8c0f987de7","local_time":"20210213100948","daily_mods":["SealedDeck","Colorless Cards","Heirloom","Time Dilation","Flight","DeadlyEvents"],"is_ascension_mode":false,"campfire_choices":[{"data":"RobotSpaceExplorer:FreezeRay","floor":6,"key":"SMITH"},{"data":"RobotSpaceExplorer:MiniBoosters","floor":8,"key":"SMITH"},{"data":"RobotSpaceExplorer:Ammunition","floor":10,"key":"SMITH"},{"data":"RobotSpaceExplorer:DoubleFind","floor":12,"key":"SMITH"},{"data":"RobotSpaceExplorer:GlueShot","floor":15,"key":"SMITH"},{"data":"RobotSpaceExplorer:DualCore","floor":23,"key":"SMITH"},{"data":"1","floor":25,"key":"LIFT"},{"data":"2","floor":27,"key":"LIFT"},{"data":"3","floor":30,"key":"LIFT"},{"data":"Panache","floor":32,"key":"SMITH"},{"data":"Blind","floor":40,"key":"SMITH"},{"floor":49,"key":"DIG"}],"circlet_count":0,"master_deck":["RobotSpaceExplorer:GlueShot+1","RobotSpaceExplorer:GlueShot+1","RobotSpaceExplorer:StunGrenade","RobotSpaceExplorer:FreezeRay+1","Deep Breath+1","RobotSpaceExplorer:Ammunition+1","RobotSpaceExplorer:ScrapMissile","RobotSpaceExplorer:MiniBoosters+1","RobotSpaceExplorer:FranticSearch+1","RobotSpaceExplorer:MetalStrike","Blind+1","RobotSpaceExplorer:DoubleFind+1","Panache+1","RobotSpaceExplorer:DualCore+1","RobotSpaceExplorer:Ammunition+1","RobotSpaceExplorer:Pulsar+1","RobotSpaceExplorer:MiniBoosters+1","Dark Shackles+1","RobotSpaceExplorer:ScrapMissile+1"],"relics":["RobotSpaceExplorer:RoboCore","REME_ComplimentaryCards","Torii","War Paint","Bag of Preparation","Pen Nib","The Courier","energizedSpire:CursedPentagram","MealTicket","Girya","RobotSpaceExplorer:FoglandsKnife","MawBank","Nunchaku","REME_DuelDisc","Toy Ornithopter","Vajra","Shovel","Ancient Tea Set","Dream Catcher","Sundial","Medical Kit","CeramicFish","RobotSpaceExplorer:ToughPlating","REME_HandOfSuture","Orichalcum","Lizard Tail","Oddly Smooth Stone"],"acts_visited":["Exordium","TheCity","TheBeyond"],"potions_floor_usage":[44,50,50],"damage_taken":[{"damage":0,"enemies":"Small Slimes","floor":1,"turns":1},{"damage":0,"enemies":"Jaw Worm","floor":2,"turns":2},{"damage":0,"enemies":"Cultist","floor":3,"turns":2},{"damage":10,"enemies":"Lagavulin","floor":7,"turns":4},{"damage":0,"enemies":"3 Sentries","floor":11,"turns":3},{"damage":0,"enemies":"Gremlin Nob","floor":14,"turns":1},{"damage":0,"enemies":"Slime Boss","floor":16,"turns":2},{"damage":0,"enemies":"Spheric Guardian","floor":18,"turns":1},{"damage":0,"enemies":"2 Thieves","floor":21,"turns":2},{"damage":0,"enemies":"Book of Stabbing","floor":24,"turns":2},{"damage":0,"enemies":"Slavers","floor":28,"turns":1},{"damage":0,"enemies":"Book of Stabbing","floor":29,"turns":1},{"damage":0,"enemies":"Centurion and Healer","floor":31,"turns":2},{"damage":0,"enemies":"Collector","floor":33,"turns":1},{"damage":0,"enemies":"Orb Walker","floor":35,"turns":1},{"damage":0,"enemies":"Giant Head","floor":37,"turns":3},{"damage":0,"enemies":"3 Shapes","floor":38,"turns":1},{"damage":0,"enemies":"Maw","floor":39,"turns":2},{"damage":0,"enemies":"Reptomancer","floor":41,"turns":2},{"damage":0,"enemies":"Giant Head","floor":42,"turns":3},{"damage":99,"enemies":"Reptomancer","floor":44,"turns":7},{"damage":12,"enemies":"Nemesis","floor":47,"turns":4},{"damage":0,"enemies":"Giant Head","floor":48,"turns":3},{"damage":1,"enemies":"Time Eater","floor":50,"turns":2}],"seed_played":"-82785549550057603","potions_obtained":[{"floor":1,"key":"SkillPotion"},{"floor":3,"key":"SpeedPotion"},{"floor":16,"key":"Dexterity Potion"},{"floor":37,"key":"FairyPotion"},{"floor":39,"key":"BlessingOfTheForge"},{"floor":47,"key":"FearPotion"}],"is_trial":true,"path_per_floor":["M","M","M","?","?","R","E","R","T","R","E","R","?","E","R","B",null,"M","?","?","M","?","R","E","R","T","R","E","E","R","M","R","B",null,"M","?","E","M","M","R","E","E","T","E","$","?","E","E","R","B",null],"character_chosen":"RobotSpaceExplorer","items_purchased":["Sundial","Medical Kit","CeramicFish","RobotSpaceExplorer:ToughPlating","REME_HandOfSuture"],"campfire_rested":0,"item_purchase_floors":[45,45,45,45,45],"current_hp_per_floor":[75,75,75,64,69,69,59,59,59,59,59,59,80,80,80,80,80,80,80,80,80,80,80,80,80,80,80,80,80,80,80,80,80,80,80,80,80,80,80,80,80,80,80,19,34,34,22,22,22,31],"gold":141,"neow_bonus":"","is_daily":false,"chose_seed":false,"campfire_upgraded":8,"win_rate":0.0,"timestamp":1613228988,"path_taken":["M","M","M","?","?","R","?","R","T","R","E","R","?","E","R","BOSS","M","?","?","?","?","R","E","R","T","R","E","?","R","M","R","BOSS","M","?","?","M","?","R","E","E","T","?","$","?","E","?","R","BOSS"],"items_purchased_type":["Relic","Relic","Relic","Relic","Relic"],"build_version":"2020-12-22","purchased_purges":1,"victory":true,"max_hp_per_floor":[75,75,75,75,80,80,80,80,80,80,80,80,80,80,80,80,80,80,80,80,80,80,80,80,80,80,80,80,80,80,80,80,80,80,80,80,80,80,80,80,80,80,80,80,80,80,80,80,80,80],"relic_stats":{"Torii":6,"counters":[24,53],"CeramicFish":9,"Pen Nib":[8],"Bag of Preparation":[40],"War Paint":["Deep Breath","RobotSpaceExplorer:FranticSearch"],"Orichalcum":[0],"MawBank":204,"Medical Kit":[2],"Nunchaku":[6],"Dream Catcher":0,"Lizard Tail":0,"Shovel":1,"Sundial":[10],"MealTicket":15,"obtain_stats":[{"Torii":0,"CeramicFish":45,"Vajra":41,"REME_DuelDisc":34,"Bag of Preparation":9,"Ancient Tea Set":43,"Nunchaku":29,"Dream Catcher":44,"Lizard Tail":48,"energizedSpire:CursedPentagram":17,"Shovel":42,"Sundial":45,"MealTicket":19,"Girya":24,"Oddly Smooth Stone":49,"RobotSpaceExplorer:RoboCore":0,"Pen Nib":11,"The Courier":14,"War Paint":7,"Orichalcum":47,"MawBank":28,"Medical Kit":45,"RobotSpaceExplorer:FoglandsKnife":26,"RobotSpaceExplorer:ToughPlating":45,"REME_HandOfSuture":45,"Toy Ornithopter":37,"REME_ComplimentaryCards":0},{"Torii":0,"CeramicFish":21,"Vajra":19,"REME_DuelDisc":14,"Bag of Preparation":4,"Ancient Tea Set":20,"Nunchaku":12,"Dream Catcher":21,"Lizard Tail":23,"energizedSpire:CursedPentagram":7,"Shovel":20,"Sundial":21,"MealTicket":8,"Girya":10,"Oddly Smooth Stone":23,"RobotSpaceExplorer:RoboCore":0,"Pen Nib":5,"The Courier":6,"War Paint":4,"Orichalcum":22,"MawBank":11,"Medical Kit":21,"RobotSpaceExplorer:FoglandsKnife":10,"RobotSpaceExplorer:ToughPlating":21,"REME_HandOfSuture":21,"Toy Ornithopter":16,"REME_ComplimentaryCards":0},{"Torii":0,"CeramicFish":44,"Vajra":34,"REME_DuelDisc":25,"Bag of Preparation":9,"Ancient Tea Set":37,"Nunchaku":22,"Dream Catcher":44,"Lizard Tail":51,"energizedSpire:CursedPentagram":15,"Shovel":37,"Sundial":44,"MealTicket":16,"Girya":20,"Oddly Smooth Stone":51,"RobotSpaceExplorer:RoboCore":0,"Pen Nib":12,"The Courier":13,"War Paint":9,"Orichalcum":48,"MawBank":21,"Medical Kit":44,"RobotSpaceExplorer:FoglandsKnife":20,"RobotSpaceExplorer:ToughPlating":44,"REME_HandOfSuture":44,"Toy Ornithopter":29,"REME_ComplimentaryCards":0}],"Toy Ornithopter":15},"card_choices":[{"not_picked":["RobotSpaceExplorer:MiniDrones","RobotSpaceExplorer:ShovelStrike"],"picked":"RobotSpaceExplorer:MetalStrike","floor":1},{"not_picked":["RobotSpaceExplorer:ScrapMissile","RobotSpaceExplorer:ImprovisedAttack","RobotSpaceExplorer:ShovelStrike"],"picked":"SKIP","floor":2},{"not_picked":["RobotSpaceExplorer:GlueSpray","RobotSpaceExplorer:ImprovisedAttack"],"picked":"Blind","floor":3},{"not_picked":["Dramatic Entrance","Mind Blast"],"picked":"RobotSpaceExplorer:StarLightning","floor":7},{"not_picked":["RobotSpaceExplorer:ImprovisedAttack","RobotSpaceExplorer:FreezingShield"],"picked":"RobotSpaceExplorer:DoubleFind","floor":11},{"not_picked":["Dramatic Entrance","RobotSpaceExplorer:ShockKick","REME_PuzzleBox"],"picked":"SKIP","floor":14},{"not_picked":["Secret Technique","RobotSpaceExplorer:TrailblazerForm"],"picked":"Panache","floor":16},{"not_picked":["RobotSpaceExplorer:ShockKick","RobotSpaceExplorer:FrostMissile+1"],"picked":"RobotSpaceExplorer:DualCore","floor":18},{"not_picked":["RobotSpaceExplorer:Pulsar","RobotSpaceExplorer:MiniDrones+1","RobotSpaceExplorer:DoubleBlock"],"picked":"SKIP","floor":21},{"not_picked":["RobotSpaceExplorer:FrostMissile","RobotSpaceExplorer:Pulsar"],"picked":"RobotSpaceExplorer:Ammunition+1","floor":24},{"not_picked":["RobotSpaceExplorer:SwiftStep","RobotSpaceExplorer:MetalStrike","RobotSpaceExplorer:Counterblock"],"picked":"SKIP","floor":28},{"not_picked":["RobotSpaceExplorer:Scanner","RobotSpaceExplorer:SelfCleaning+1","RobotSpaceExplorer:TurboDodge"],"picked":"SKIP","floor":29},{"not_picked":["RobotSpaceExplorer:FreezingShield","RobotSpaceExplorer:ShovelStrike+1","RobotSpaceExplorer:StunGrenade+1"],"picked":"SKIP","floor":31},{"not_picked":["Forethought+1","RobotSpaceExplorer:SlimeMissile","RobotSpaceExplorer:Pulsar+1"],"picked":"SKIP","floor":35},{"not_picked":["RobotSpaceExplorer:Probe+1","Good Instincts+1","RobotSpaceExplorer:ShockKick+1"],"picked":"SKIP","floor":37},{"not_picked":["RobotSpaceExplorer:ExhaustFan+1","RobotSpaceExplorer:FranticSearch+1"],"picked":"RobotSpaceExplorer:Pulsar+1","floor":38},{"not_picked":["RobotSpaceExplorer:ShovelStrike","RobotSpaceExplorer:ExhaustFan","Dramatic Entrance"],"picked":"SKIP","floor":39},{"not_picked":["RobotSpaceExplorer:BlastShield","RobotSpaceExplorer:ShovelStrike+1"],"picked":"RobotSpaceExplorer:MiniBoosters+1","floor":41},{"not_picked":["RobotSpaceExplorer:BlastShield","RobotSpaceExplorer:FreezingShield"],"picked":"Dark Shackles+1","floor":42},{"not_picked":["RobotSpaceExplorer:IronShell","RobotSpaceExplorer:ScrapMissile","RobotSpaceExplorer:Counterblock+1"],"picked":"SKIP","floor":44},{"not_picked":["RobotSpaceExplorer:Jetpack","RobotSpaceExplorer:TrailblazerForm","RobotSpaceExplorer:MetalStrike+1"],"picked":"SKIP","floor":47},{"not_picked":["RobotSpaceExplorer:StarDust","RobotSpaceExplorer:Ammunition+1"],"picked":"RobotSpaceExplorer:ScrapMissile+1","floor":48}],"player_experience":768321,"relics_obtained":[{"floor":7,"key":"War Paint"},{"floor":9,"key":"Bag of Preparation"},{"floor":11,"key":"Pen Nib"},{"floor":14,"key":"The Courier"},{"floor":24,"key":"Girya"},{"floor":26,"key":"RobotSpaceExplorer:FoglandsKnife"},{"floor":28,"key":"MawBank"},{"floor":29,"key":"Nunchaku"},{"floor":37,"key":"Toy Ornithopter"},{"floor":41,"key":"Vajra"},{"floor":42,"key":"Shovel"},{"floor":43,"key":"Ancient Tea Set"},{"floor":44,"key":"Dream Catcher"},{"floor":47,"key":"Orichalcum"},{"floor":48,"key":"Lizard Tail"},{"floor":49,"key":"Oddly Smooth Stone"}],"event_choices":[{"damage_healed":0,"gold_gain":75,"player_choice":"Gather Gold","damage_taken":11,"max_hp_gain":0,"max_hp_loss":0,"event_name":"World of Goop","floor":4,"gold_loss":0},{"damage_healed":0,"gold_gain":0,"player_choice":"Donut","damage_taken":0,"max_hp_gain":5,"max_hp_loss":0,"event_name":"Big Fish","floor":5,"gold_loss":0},{"cards_removed":["RobotSpaceExplorer:StarLightning"],"damage_healed":21,"gold_gain":0,"player_choice":"Offered Uncommon","damage_taken":0,"max_hp_gain":0,"max_hp_loss":0,"event_name":"Bonfire Elementals","floor":13,"gold_loss":0},{"damage_healed":0,"gold_gain":0,"player_choice":"Obtained Relic","damage_taken":0,"relics_obtained":["MealTicket"],"max_hp_gain":0,"max_hp_loss":0,"event_name":"Addict","floor":19,"gold_loss":85},{"cards_removed":["RobotSpaceExplorer:SurgingStrike"],"damage_healed":0,"gold_gain":0,"player_choice":"Gave Gold","damage_taken":0,"max_hp_gain":0,"max_hp_loss":0,"event_name":"Beggar","floor":20,"gold_loss":75},{"damage_healed":0,"gold_gain":0,"player_choice":"Ignored","damage_taken":0,"max_hp_gain":0,"max_hp_loss":0,"event_name":"Vampires","floor":22,"gold_loss":0},{"damage_healed":0,"gold_gain":0,"player_choice":"Upgrade","damage_taken":0,"max_hp_gain":0,"max_hp_loss":0,"event_name":"Designer","floor":36,"gold_loss":40,"cards_upgraded":["RobotSpaceExplorer:GlueShot"]},{"damage_healed":0,"gold_gain":0,"player_choice":"Ignored","damage_taken":0,"max_hp_gain":0,"max_hp_loss":0,"event_name":"The Moai Head","floor":46,"gold_loss":0}],"is_beta":false,"boss_relics":[{"not_picked":["RobotSpaceExplorer:Reprocessor","Busted Crown"],"picked":"energizedSpire:CursedPentagram"},{"not_picked":["REME_DemonsWealth","SlaversCollar"],"picked":"REME_DuelDisc"}],"items_purged_floors":[45],"is_endless":false,"potions_floor_spawned":[1,3,16,18,31,33,37,39,42,47],"ascension_level":0}}