{"host":"ix07nhfx4o3nf6kx","time":1613217587,"event":{"mods":["BaseMod","Hermit","Minty Spire (QoL Compilation)","StSLib","The Bug Knight","The Cursed","The Dragon Tamer","The Hierophant","The Jungle","The Runesmith"],"gold_per_floor":[366,379,379,402,399,411,497,474,486,80,92,88,19,19,19,101,101,126,126,126,150,147,147,201,201,224,253,300,300,324,49,49,127,127,182,182,182,146,136,136],"floor_reached":39,"language":"KOR","playtime":1825,"items_purged":[],"score":448,"play_id":"20679933-fc8b-4e56-8485-59a5fe77ffb3","local_time":"20210213205947","is_ascension_mode":false,"campfire_choices":[{"data":"hierophant:ChurchCoffers","floor":6,"key":"SMITH"},{"floor":15,"key":"REST"},{"data":"hierophant:Charity","floor":23,"key":"SMITH"},{"floor":29,"key":"REST"},{"floor":32,"key":"REST"}],"circlet_count":0,"master_deck":["hierophant:Strike_Hierophant+1","hierophant:Strike_Hierophant+1","hierophant:Strike_Hierophant+1","hierophant:Strike_Hierophant+1","hierophant:Punish","hierophant:Defend_Hierophant+1","hierophant:Defend_Hierophant+1","hierophant:Defend_Hierophant+1","hierophant:Defend_Hierophant+1","hierophant:ChurchCoffers+1","hierophant:Doubloon+1","hierophant:Remorse","hierophant:Doubloon","hierophant:Remorse+1","hierophant:Doubloon","hierophant:Charity+1","hierophant:Doubloon","hierophant:CoinFling","hierophant:Doubloon+1","hierophant:Zeal","hierophant:HolyVerse","hierophant:CoinFling+1","hierophant:Doubloon+1","hierophant:MintersHammer","hierophant:Alms","hierophant:OrnateJavelin","hierophant:PassingBell+1","hierophant:Doomsaying+1","hierophant:Exaltation","hierophant:Zeal","hierophant:HolyVerse","hierophant:Anathema","hierophant:RecallFunds","hierophant:Doubloon+1","hierophant:Doubloon","hierophant:Doubloon","hierophant:Generosity","hierophant:Doubloon","hierophant:RecallFunds","hierophant:SecretStash"],"relics":["hierophant:PropheticMaskRelic","MawBank","Mercury Hourglass","Sundial","Matryoshka","SlaversCollar","Bag of Marbles","Whetstone","Dream Catcher","Ancient Tea Set","Runesmith:UraniumAnvil"],"acts_visited":["Exordium","TheCity","TheBeyond"],"potions_floor_usage":[16,28,28,33,33,33],"damage_taken":[{"damage":1,"enemies":"Cultist","floor":1,"turns":3},{"damage":8,"enemies":"Jaw Worm","floor":2,"turns":4},{"damage":2,"enemies":"2 Louse","floor":4,"turns":2},{"damage":6,"enemies":"Blue Slaver","floor":5,"turns":4},{"damage":6,"enemies":"Large Slime","floor":11,"turns":2},{"damage":21,"enemies":"Exordium Thugs","floor":12,"turns":3},{"damage":34,"enemies":"Hexaghost","floor":16,"turns":8},{"damage":5,"enemies":"3 Byrds","floor":18,"turns":3},{"damage":0,"enemies":"Chosen","floor":21,"turns":4},{"damage":16,"enemies":"Shelled Parasite and Fungi","floor":22,"turns":4},{"damage":20,"enemies":"Chosen and Byrds","floor":24,"turns":4},{"damage":0,"enemies":"Sentry and Sphere","floor":27,"turns":2},{"damage":10,"enemies":"Shelled Parasite and Fungi","floor":28,"turns":2},{"damage":6,"enemies":"3 Cultists","floor":30,"turns":4},{"damage":53,"enemies":"Champ","floor":33,"turns":8},{"damage":26,"enemies":"Orb Walker","floor":35,"turns":4},{"damage":58,"enemies":"3 Darklings","floor":39,"turns":4}],"seed_played":"2781256234550793201","potions_obtained":[{"floor":12,"key":"CultistPotion"},{"floor":16,"key":"EssenceOfSteel"},{"floor":21,"key":"EntropicBrew"},{"floor":28,"key":"Strength Potion"}],"is_trial":false,"path_per_floor":["M","M","?","M","M","R","T","?","T","$","M","M","$","?","R","B",null,"M","?","?","M","M","R","M","?","T","M","M","R","M","$","R","B",null,"M","?","?","$","M"],"character_chosen":"HIEROPHANT","items_purchased":["hierophant:Doubloon","hierophant:Charity","Matryoshka","hierophant:CoinFling","hierophant:CoinFling","Ancient Tea Set","hierophant:RecallFunds","hierophant:Doubloon","hierophant:SecretStash"],"campfire_rested":3,"item_purchase_floors":[10,10,10,10,13,31,31,31,38],"current_hp_per_floor":[53,45,45,43,37,37,37,55,55,55,49,28,28,21,43,9,75,70,70,70,70,54,54,34,34,34,34,24,46,40,40,62,9,75,49,49,49,49,0,0],"gold":136,"neow_bonus":"TWO_FIFTY_GOLD","is_daily":false,"chose_seed":false,"campfire_upgraded":2,"win_rate":0.0,"timestamp":1613217587,"path_taken":["M","?","?","?","M","R","?","?","T","$","M","M","$","?","R","BOSS","M","?","?","?","M","R","M","?","T","M","M","R","M","$","R","BOSS","M","?","?","$","M"],"items_purchased_type":["Card","Card","Relic","Card","Card","Relic","Card","Card","Card"],"build_version":"2020-12-22","purchased_purges":0,"victory":false,"max_hp_per_floor":[75,75,75,75,75,75,75,75,75,75,75,75,75,75,75,75,75,75,75,75,75,75,75,75,75,75,75,75,75,75,75,75,75,75,75,75,75,75,75,75],"card_choices":[{"not_picked":["hierophant:OrnateBuckler","hierophant:SealAway"],"picked":"hierophant:Remorse","floor":1},{"not_picked":["hierophant:MintersHammer","hierophant:RepressedViolence","hierophant:Encroach"],"picked":"SKIP","floor":2},{"not_picked":["hierophant:MintersHammer","hierophant:Encroach"],"picked":"hierophant:RepressedViolence","floor":2},{"not_picked":["hierophant:Sermon","hierophant:Zeal"],"picked":"hierophant:Remorse","floor":4},{"not_picked":["hierophant:Racketeering","hierophant:RepressedViolence"],"picked":"hierophant:AuricBeam","floor":5},{"not_picked":["hierophant:OrnateBuckler","hierophant:DisplayOfPower"],"picked":"hierophant:Zeal","floor":11},{"not_picked":["hierophant:RustyCrate","hierophant:FlamingChariot"],"picked":"hierophant:HolyVerse","floor":12},{"not_picked":["hierophant:WrathOfGod","hierophant:LocustPlague"],"picked":"hierophant:MintersHammer","floor":16},{"not_picked":["hierophant:MorningPrayer","hierophant:AuricBeam"],"picked":"hierophant:Alms","floor":18},{"not_picked":["hierophant:MorningPrayer","hierophant:ThreeLashes+1"],"picked":"hierophant:OrnateJavelin","floor":21},{"not_picked":["hierophant:AuricBeam","hierophant:DisplayOfPower"],"picked":"hierophant:PassingBell+1","floor":22},{"not_picked":["hierophant:Repentance","hierophant:ThreeLashes"],"picked":"hierophant:Doomsaying+1","floor":24},{"not_picked":["hierophant:FieryStrike","hierophant:OrnateBuckler"],"picked":"hierophant:Exaltation","floor":27},{"not_picked":["hierophant:OrnateBuckler","hierophant:Encroach"],"picked":"hierophant:Zeal","floor":28},{"not_picked":["hierophant:OrnateBuckler","hierophant:FieryStrike"],"picked":"hierophant:HolyVerse","floor":29},{"not_picked":["hierophant:AuricBeam","hierophant:RepressedViolence"],"picked":"hierophant:Anathema","floor":30},{"not_picked":["hierophant:Kindle","hierophant:WrathOfGod"],"picked":"hierophant:Generosity","floor":33},{"not_picked":["hierophant:Encroach","hierophant:ThreeLashes"],"picked":"hierophant:Prophecy+1","floor":35}],"player_experience":268509,"relics_obtained":[{"floor":7,"key":"Mercury Hourglass"},{"floor":9,"key":"Sundial"},{"floor":26,"key":"Whetstone"},{"floor":26,"key":"Dream Catcher"}],"event_choices":[{"cards_removed":["hierophant:RepressedViolence"],"damage_healed":0,"gold_gain":0,"player_choice":"Gave Card","damage_taken":0,"relics_obtained":["MawBank"],"max_hp_gain":0,"max_hp_loss":0,"event_name":"WeMeetAgain","floor":3,"gold_loss":0},{"damage_healed":18,"gold_gain":0,"player_choice":"Healed","damage_taken":0,"max_hp_gain":0,"max_hp_loss":0,"event_name":"The Cleric","floor":8,"gold_loss":35},{"cards_removed":["hierophant:AuricBeam"],"damage_healed":0,"gold_gain":0,"player_choice":"Card Removal","damage_taken":7,"max_hp_gain":0,"max_hp_loss":0,"event_name":"Golden Wing","floor":14,"gold_loss":0},{"damage_healed":0,"gold_gain":0,"player_choice":"Simplicity","damage_taken":0,"max_hp_gain":0,"max_hp_loss":0,"event_name":"Back to Basics","floor":19,"gold_loss":0,"cards_upgraded":["hierophant:Strike_Hierophant","hierophant:Strike_Hierophant","hierophant:Strike_Hierophant","hierophant:Strike_Hierophant","hierophant:Defend_Hierophant","hierophant:Defend_Hierophant","hierophant:Defend_Hierophant","hierophant:Defend_Hierophant"]},{"damage_healed":0,"gold_gain":0,"player_choice":"Ignored","damage_taken":0,"max_hp_gain":0,"max_hp_loss":0,"event_name":"Vampires","floor":20,"gold_loss":0},{"damage_healed":0,"gold_gain":0,"player_choice":"Opened","damage_taken":0,"relics_obtained":["Bag of Marbles"],"max_hp_gain":0,"max_hp_loss":0,"event_name":"The Mausoleum","floor":25,"gold_loss":0},{"damage_healed":0,"gold_gain":0,"player_choice":"Ignored","damage_taken":0,"max_hp_gain":0,"max_hp_loss":0,"event_name":"Tomb of Lord Red Mask","floor":36,"gold_loss":0},{"damage_healed":0,"gold_gain":0,"cards_transformed":["hierophant:Prophecy"],"player_choice":"Transformed","damage_taken":0,"max_hp_gain":0,"max_hp_loss":0,"event_name":"Transmorgrifier","floor":37,"gold_loss":0,"cards_obtained":["hierophant:RecallFunds"]}],"is_beta":false,"boss_relics":[{"not_picked":["Runic Dome","Ectoplasm"],"picked":"SlaversCollar"},{"not_picked":["Calling Bell","Astrolabe"],"picked":"Runesmith:UraniumAnvil"}],"items_purged_floors":[],"is_endless":false,"potions_floor_spawned":[12,16,21,28,30],"killed_by":"3 Darklings","ascension_level":0}}