{"host":"t9zjxed0utvsfjwc","time":1613195214,"event":{"mods":["2.2 Compatiblity","Aspiration","BaseMod","Better Altar","Better Match","Better Note","Better Sensory Stone","Better Skull","Better Third Choice","Block Reminder","Colored Map","Colored Powertips","Custom Start","Downfall","Hermit","Highlight Path","Hubris","Infinite Spire","Marisa????????","Minty Spire (QoL Compilation)","Quick Restart","Rare Cards Sparkle","Reliquary","Replay The Spire","StSLib","The Cursed","The Marked","The Runesmith","Unceasing Turn Reminder","everything is the same but u backflip on backflip"],"gold_per_floor":[110,110,110,126,144,177,177,33,33,33,58,0,0,15,15,15,15],"floor_reached":16,"language":"ENG","playtime":584,"items_purged":[],"score":108,"play_id":"b571681f-b22e-48b5-a102-5ce4ae0390d5","local_time":"20210213054654","is_ascension_mode":false,"campfire_choices":[{"floor":7,"key":"REST"},{"floor":10,"key":"REST"},{"data":"theMarked:Panic","floor":15,"key":"SMITH"}],"circlet_count":0,"master_deck":["theMarked:Strike","theMarked:Strike","theMarked:Strike","theMarked:Strike","theMarked:Defend","theMarked:Defend","theMarked:Defend","theMarked:SoldierOfQuellstein","theMarked:Panic+1","theMarked:SwordAndMagic","theMarked:Toughness","Enlightenment"],"relics":["theMarked:ArtifactOfAir","Nunchaku","bronze:DonusWashers","Gremlin Horn","hubris:MedicalManual"],"acts_visited":["Exordium"],"potions_floor_usage":[16,16,16],"damage_taken":[{"damage":5,"enemies":"2 Louse","floor":1,"turns":2},{"damage":1,"enemies":"Cultist","floor":4,"turns":4},{"damage":0,"enemies":"Small Slimes","floor":5,"turns":3},{"damage":51,"enemies":"3 Sentries","floor":6,"turns":11},{"damage":25,"enemies":"Gremlin Nob","floor":11,"turns":4},{"damage":1,"enemies":"3 Louse","floor":14,"turns":3},{"damage":50,"enemies":"Fading Forest","floor":16,"turns":7}],"seed_played":"-6359947647743020270","potions_obtained":[{"floor":4,"key":"Milkshake"},{"floor":11,"key":"Adrenaline Potion"},{"floor":14,"key":"LiquidBronze"}],"is_trial":false,"path_per_floor":["M","?","$","M","M","E","R","$","T","R","E","?","?","M","R","B"],"character_chosen":"THE_DEFAULT","items_purchased":["bronze:DonusWashers"],"campfire_rested":2,"item_purchase_floors":[8],"current_hp_per_floor":[65,65,65,64,64,13,34,34,34,55,30,36,36,35,35,0,0],"gold":15,"neow_bonus":"RANDOM_EVENT","is_daily":false,"chose_seed":false,"campfire_upgraded":1,"win_rate":0.0,"timestamp":1613195214,"path_taken":["M","?","?","M","M","E","R","$","T","R","E","?","?","M","R","BOSS"],"items_purchased_type":["Relic"],"build_version":"2020-12-22","purchased_purges":0,"victory":false,"max_hp_per_floor":[70,70,70,70,70,70,70,70,70,70,70,76,76,76,76,76,76],"card_choices":[{"not_picked":["theMarked:Improvise","theMarked:Overcharge","theMarked:TakeCover"],"picked":"SKIP","floor":1},{"not_picked":["theMarked:ElectricStrings","theMarked:Aftermath","theMarked:WastefulAttack"],"picked":"SKIP","floor":4},{"not_picked":["theMarked:AttractMetal","theMarked:Improvise"],"picked":"theMarked:Panic","floor":5},{"not_picked":["theMarked:Defy","theMarked:Static"],"picked":"theMarked:SwordAndMagic","floor":6},{"not_picked":["theMarked:TwofoldDefense","theMarked:Improvise"],"picked":"theMarked:Toughness","floor":11},{"not_picked":["theMarked:TakeCover","theMarked:HeightenedSenses","theMarked:Improvise"],"picked":"SKIP","floor":14}],"player_experience":545770,"relics_obtained":[{"floor":6,"key":"Nunchaku"},{"floor":9,"key":"Gremlin Horn"},{"floor":11,"key":"hubris:MedicalManual"}],"event_choices":[{"damage_healed":0,"gold_gain":0,"player_choice":"RENOUNCE","damage_taken":58,"max_hp_gain":0,"max_hp_loss":0,"event_name":"betterThird:BetterSerpent","floor":12,"gold_loss":58,"cards_obtained":["Enlightenment"]},{"cards_removed":["theMarked:Strike"],"damage_healed":0,"gold_gain":0,"player_choice":"Forget","damage_taken":0,"max_hp_gain":0,"max_hp_loss":0,"event_name":"Living Wall","floor":13,"gold_loss":0}],"is_beta":false,"boss_relics":[],"items_purged_floors":[],"is_endless":false,"potions_floor_spawned":[4,11,14],"killed_by":"Fading Forest","ascension_level":0}}