{"host":"c97twqu0op5dg8i4","time":1613256496,"event":{"mods":["AchievementEnabler","BaseMod","Colored Map","Minty Spire (QoL Compilation)","Permanent Neow"],"gold_per_floor":[112,112,44,62,79,79,79,94,118,118,131,131,160,31,31,127,127,145,165,14,29,29,29,39,69,139,139,153,26,26,26,26],"floor_reached":31,"language":"ENG","playtime":854,"items_purged":["Strike_G","Strike_G","Defend_G"],"score":408,"play_id":"eab78274-823b-492c-931b-b1d566e12ddd","local_time":"20210213174816","is_ascension_mode":true,"campfire_choices":[{"data":"Infinite Blades","floor":6.0,"key":"SMITH"},{"data":"Choke","floor":12.0,"key":"SMITH"},{"data":"Accuracy","floor":15.0,"key":"SMITH"},{"data":"Blade Dance","floor":23,"key":"SMITH"},{"floor":27,"key":"REST"}],"circlet_count":0,"master_deck":["AscendersBane","Strike_G","Defend_G","Defend_G","Defend_G","Survivor","Neutralize","Choke+1","Infinite Blades+1","Accuracy+1","Calculated Gamble","PiercingWail","Footwork","Accuracy+1","Finisher","Blade Dance+1","Backstab","Outmaneuver","Leg Sweep","Backflip","Deflect","Footwork"],"relics":["Ring of the Snake","PreservedInsect","Paper Crane","Smiling Mask","WristBlade","Vajra","Molten Egg 2"],"acts_visited":["Exordium","TheCity"],"potions_floor_usage":[18,21,24,25],"damage_taken":[{"damage":0.0,"enemies":"2 Louse","floor":1.0,"turns":3.0},{"damage":0.0,"enemies":"Cultist","floor":4.0,"turns":4.0},{"damage":0.0,"enemies":"Jaw Worm","floor":5.0,"turns":5.0},{"damage":6.0,"enemies":"Looter","floor":8.0,"turns":4.0},{"damage":2.0,"enemies":"Blue Slaver","floor":11.0,"turns":3.0},{"damage":15.0,"enemies":"Lagavulin","floor":13.0,"turns":4.0},{"damage":30,"enemies":"Hexaghost","floor":16,"turns":13},{"damage":4,"enemies":"Spheric Guardian","floor":18,"turns":3},{"damage":18,"enemies":"Shell Parasite","floor":19,"turns":4},{"damage":2,"enemies":"Cultist and Chosen","floor":21,"turns":4},{"damage":0,"enemies":"Snecko","floor":24,"turns":3},{"damage":13,"enemies":"Slavers","floor":25,"turns":5},{"damage":9,"enemies":"Centurion and Healer","floor":28,"turns":3},{"damage":15,"enemies":"Colosseum Slavers","floor":31,"turns":2}],"seed_played":"3741191210100139946","potions_obtained":[{"floor":1.0,"key":"SneckoOil"},{"floor":5.0,"key":"Poison Potion"},{"floor":8.0,"key":"CunningPotion"},{"floor":19,"key":"PowerPotion"},{"floor":21,"key":"Block Potion"},{"floor":28,"key":"Dexterity Potion"}],"is_trial":false,"path_per_floor":["M","?","$","M","M","R","?","M","T","T","M","R","E","$","R","B",null,"M","M","$","M","?","R","M","E","T","R","M","$","?","?"],"character_chosen":"THE_SILENT","items_purchased":["Calculated Gamble","Accuracy","Blade Dance","Backstab","Footwork"],"campfire_rested":1,"item_purchase_floors":[3,14,20,20,29],"current_hp_per_floor":[63,63,63,63,63,63,63,57,57,57,55,55,40,40,40,10,55,51,33,33,31,31,31,31,18,18,39,30,30,17,2,2],"gold":26,"neow_bonus":"THREE_CARDS","is_daily":false,"chose_seed":false,"campfire_upgraded":4,"win_rate":0.0,"timestamp":1613256496,"path_taken":["M","?","?","?","?","R","?","?","T","?","M","R","E","$","R","BOSS","M","M","$","M","?","R","M","E","T","R","M","$","?","?"],"items_purchased_type":["Card","Card","Card","Card","Card"],"build_version":"2020-12-22","purchased_purges":3,"victory":false,"max_hp_per_floor":[70,70,70,70,70,70,70,70,70,70,70,70,70,70,70,70,70,70,70,70,70,70,70,70,70,70,70,70,70,75,75,75],"card_choices":[{"not_picked":["Deadly Poison","Sucker Punch"],"picked":"Choke","floor":0.0},{"not_picked":["Prepared","Concentrate"],"picked":"Infinite Blades","floor":1.0},{"not_picked":["Quick Slash","Catalyst","Poisoned Stab"],"picked":"SKIP","floor":4.0},{"not_picked":["Endless Agony","All Out Attack"],"picked":"PiercingWail","floor":5.0},{"not_picked":["Deadly Poison","Flying Knee","Dagger Spray"],"picked":"SKIP","floor":8.0},{"not_picked":["Riddle With Holes","Distraction","Poisoned Stab"],"picked":"SKIP","floor":11.0},{"not_picked":["Expertise","Choke"],"picked":"Footwork","floor":13.0},{"not_picked":["Expertise","Underhanded Strike","Quick Slash"],"picked":"SKIP","floor":18},{"not_picked":["Deadly Poison","Heel Hook"],"picked":"Finisher","floor":19},{"not_picked":["Dash","Catalyst","Poisoned Stab"],"picked":"SKIP","floor":21},{"not_picked":["Night Terror","Dash"],"picked":"Backflip","floor":24},{"not_picked":["Prepared","Leg Sweep","Well Laid Plans"],"picked":"SKIP","floor":25},{"not_picked":["Underhanded Strike+1","Prepared"],"picked":"Deflect","floor":28}],"player_experience":403725,"relics_obtained":[{"floor":9.0,"key":"PreservedInsect"},{"floor":10.0,"key":"Paper Crane"},{"floor":13.0,"key":"Smiling Mask"},{"floor":25,"key":"Vajra"},{"floor":26,"key":"Molten Egg 2"}],"event_choices":[{"damage_healed":0.0,"max_hp_gain":0.0,"max_hp_loss":0.0,"gold_gain":0.0,"cards_transformed":["Strike_G"],"event_name":"Transmorgrifier","player_choice":"Transformed","floor":2.0,"gold_loss":0.0,"damage_taken":0.0,"cards_obtained":["Accuracy"]},{"damage_healed":0.0,"max_hp_gain":0.0,"max_hp_loss":0.0,"gold_gain":0.0,"event_name":"Accursed Blacksmith","player_choice":"Forge","floor":7.0,"gold_loss":0.0,"damage_taken":0.0,"cards_upgraded":["Accuracy"]},{"damage_healed":0,"gold_gain":0,"cards_transformed":["Strike_G","Defend_G"],"player_choice":"Became Test Subject","damage_taken":0,"max_hp_gain":0,"max_hp_loss":0,"event_name":"Drug Dealer","floor":22,"gold_loss":0,"cards_obtained":["Outmaneuver","Leg Sweep"]},{"damage_healed":0,"gold_gain":0,"player_choice":"Shed Blood","damage_taken":18,"max_hp_gain":5,"max_hp_loss":0,"event_name":"Forgotten Altar","floor":30,"gold_loss":0},{"damage_healed":0,"gold_gain":0,"player_choice":"Fight","damage_taken":0,"max_hp_gain":0,"max_hp_loss":0,"event_name":"Colosseum","floor":31,"gold_loss":0}],"is_beta":false,"boss_relics":[{"not_picked":["Fusion Hammer","Coffee Dripper"],"picked":"WristBlade"}],"items_purged_floors":[14,20,29],"is_endless":false,"potions_floor_spawned":[1,5,8,16,19,21,28],"killed_by":"Colosseum Slavers","ascension_level":12}}