{"host":"jruzzdd1waq9u00d","time":1613200523,"event":{"mods":["BaseMod","Colored Map","Colored Powertips","DeckTracker","Downfall","Minty Spire (QoL Compilation)","Quick Restart","Relic Stats","StSLib","SuperFastMode"],"gold_per_floor":[99,99,99,99,99,99,124,124,124,124,124],"floor_reached":9,"language":"ENG","playtime":155,"items_purged":[],"score":45,"play_id":"f1d2627f-9ede-45fa-bf74-f8a73d625989","local_time":"20210213161523","is_ascension_mode":false,"campfire_choices":[{"data":"Guardian:TwinSlam","floor":1,"key":"SMITH"}],"circlet_count":0,"master_deck":["Guardian:Strike_Guardian","Guardian:Strike_Guardian","Guardian:Strike_Guardian","Guardian:Defend_Guardian","Guardian:Defend_Guardian","Guardian:Defend_Guardian","Guardian:Defend_Guardian","Guardian:CurlUp","Guardian:TwinSlam+1","Guardian:BodySlam","Guardian:Gem_Green","Guardian:Gem_Blue","Guardian:Gem_Synthetic","Guardian:Gem_Yellow"],"relics":["Guardian:ModeShifter","downfall:HeartsMalice","Juzu Bracelet","Guardian:PickAxe"],"acts_visited":["Exordium"],"potions_floor_usage":[],"damage_taken":[{"damage":0,"enemies":"Cultist","floor":2,"turns":1},{"damage":0,"enemies":"2 Louse","floor":4,"turns":1},{"damage":0,"enemies":"Small Slimes","floor":6,"turns":1},{"damage":12,"enemies":"Small Slimes","floor":8,"turns":5},{"damage":0,"enemies":"Gremlin Nob","floor":9,"turns":1}],"seed_played":"5356342326399594191","potions_obtained":[],"is_trial":false,"path_per_floor":["R","M","?","M","?","M","T","?","E"],"character_chosen":"GUARDIAN","items_purchased":[],"campfire_rested":0,"item_purchase_floors":[],"current_hp_per_floor":[80,80,85,85,85,85,85,55,55,55,55],"gold":124,"neow_bonus":"THREE_ENEMY_KILL","is_daily":false,"chose_seed":false,"campfire_upgraded":1,"win_rate":0.0,"timestamp":1613200523,"path_taken":["R","M","?","M","?","M","T","?","E"],"items_purchased_type":[],"build_version":"2020-12-22","purchased_purges":0,"victory":false,"max_hp_per_floor":[80,80,85,85,85,85,85,85,85,85,85],"relic_stats":{"counters":[5,6],"Juzu Bracelet":0,"obtain_stats":[{"Guardian:PickAxe":8,"Guardian:ModeShifter":0,"downfall:HeartsMalice":0,"Juzu Bracelet":7},{"Guardian:PickAxe":4,"Guardian:ModeShifter":0,"downfall:HeartsMalice":0,"Juzu Bracelet":3},{"Guardian:PickAxe":5,"Guardian:ModeShifter":0,"downfall:HeartsMalice":0,"Juzu Bracelet":0}]},"card_choices":[{"not_picked":["Guardian:Recover","Guardian:Planning"],"picked":"Guardian:BodySlam","floor":2},{"not_picked":["Guardian:PrimingBeam","Guardian:TemporalShield","Guardian:Gem_Green"],"picked":"SKIP","floor":4},{"not_picked":["Guardian:Gem_Lightblue","Guardian:PiercingHide"],"picked":"Guardian:Gem_Green","floor":6}],"player_experience":443558,"relics_obtained":[{"floor":7,"key":"Juzu Bracelet"}],"event_choices":[{"damage_healed":0,"gold_gain":0,"player_choice":"Donut","damage_taken":0,"max_hp_gain":5,"max_hp_loss":0,"event_name":"Big Fish","floor":3,"gold_loss":0}],"is_beta":false,"boss_relics":[],"items_purged_floors":[],"is_endless":false,"potions_floor_spawned":[8],"killed_by":"Gremlin Nob","ascension_level":0}}