{"host":"syoelbwvqoivx1mb","time":1613233071,"event":{"mods":["BaseMod","Bestiary","Curses Come First","Minty Spire (QoL Compilation)","Relic Stats","StSLib"],"gold_per_floor":[111,125,135,150,42,77,43,71,71,85,85,85,85,96,96,198,198,212,195,206,34,44,44,44],"floor_reached":23,"language":"ENG","playtime":2145,"items_purged":["Strike_R","Defend_R"],"score":261,"play_id":"7d76196f-3103-4325-9ce4-858fe4846530","local_time":"20210213171751","is_ascension_mode":true,"campfire_choices":[{"floor":11,"key":"REST"},{"floor":13,"key":"REST"},{"floor":15,"key":"RECALL"}],"circlet_count":0,"master_deck":["Strike_R","Strike_R","Strike_R","Strike_R","Defend_R","Defend_R","Defend_R","Bash","Fire Breathing","Burning Pact","Feed","Rage","Dual Wield","Exhume","Feel No Pain","Reaper","Fiend Fire","Flame Barrier","Flame Barrier","True Grit+1","Evolve"],"relics":["Fusion Hammer","Ancient Tea Set","Bronze Scales","Bag of Marbles","Mark of Pain"],"acts_visited":["Exordium","TheCity"],"potions_floor_usage":[16,19,23,23],"damage_taken":[{"damage":1.0,"enemies":"Jaw Worm","floor":1.0,"turns":4.0},{"damage":2.0,"enemies":"2 Louse","floor":2.0,"turns":3.0},{"damage":0.0,"enemies":"Cultist","floor":3.0,"turns":4.0},{"damage":22.0,"enemies":"Lots of Slimes","floor":4.0,"turns":5.0},{"damage":15.0,"enemies":"3 Sentries","floor":6.0,"turns":5.0},{"damage":34.0,"enemies":"Gremlin Nob","floor":8.0,"turns":5.0},{"damage":15,"enemies":"Looter","floor":10,"turns":5},{"damage":16,"enemies":"Large Slime","floor":14,"turns":6},{"damage":57,"enemies":"Hexaghost","floor":16,"turns":11},{"damage":22,"enemies":"Chosen","floor":18,"turns":5},{"damage":15,"enemies":"2 Thieves","floor":19,"turns":4},{"damage":44,"enemies":"Snake Plant","floor":20,"turns":6},{"damage":14,"enemies":"Chosen and Byrds","floor":22,"turns":6},{"damage":87,"enemies":"Slavers","floor":23,"turns":4}],"seed_played":"-8521133675236169761","potions_obtained":[{"floor":1.0,"key":"FearPotion"},{"floor":2.0,"key":"PowerPotion"},{"floor":10,"key":"LiquidMemories"},{"floor":14,"key":"Energy Potion"},{"floor":20,"key":"BloodPotion"},{"floor":22,"key":"EssenceOfSteel"}],"is_trial":false,"path_per_floor":["M","M","M","M","$","E","$","E","T","M","R","?","R","M","R","B",null,"M","M","M","$","M","E"],"character_chosen":"IRONCLAD","items_purchased":["Dual Wield","Feel No Pain","Evolve"],"campfire_rested":2,"item_purchase_floors":[5,7,21],"current_hp_per_floor":[79,77,77,58,58,46,46,15,15,10,36,41,69,73,73,22,100,81,81,43,43,34,0,0],"gold":44,"neow_bonus":"BOSS_RELIC","is_daily":false,"chose_seed":false,"campfire_upgraded":0,"win_rate":0.0,"timestamp":1613233071,"path_taken":["M","M","M","M","$","E","$","E","T","M","R","?","R","M","R","BOSS","M","M","M","$","M","E"],"items_purchased_type":["Card","Card","Card"],"build_version":"2020-12-22","purchased_purges":2,"victory":false,"max_hp_per_floor":[80,80,80,83,83,86,86,89,89,89,89,94,94,100,100,100,100,103,106,109,109,109,109,109],"relic_stats":{"counters":[14,73],"Bronze Scales":[180],"obtain_stats":[{"Bronze Scales":8,"Fusion Hammer":0,"Mark of Pain":17,"Bag of Marbles":9,"Ancient Tea Set":6,"Burning Blood":0},{"Bronze Scales":6,"Fusion Hammer":0,"Mark of Pain":9,"Bag of Marbles":6,"Ancient Tea Set":5,"Burning Blood":0},{"Bronze Scales":26,"Fusion Hammer":0,"Mark of Pain":48,"Bag of Marbles":26,"Ancient Tea Set":21,"Burning Blood":0}]},"card_choices":[{"not_picked":["Iron Wave","Anger"],"picked":"Fire Breathing","floor":1.0},{"not_picked":["Perfected Strike","Anger"],"picked":"Burning Pact","floor":2.0},{"not_picked":["Bloodletting","Iron Wave"],"picked":"Feed","floor":3.0},{"not_picked":["Rampage","Twin Strike"],"picked":"Rage","floor":4.0},{"not_picked":["Warcry","Feed"],"picked":"Exhume","floor":6.0},{"not_picked":["Heavy Blade","Pommel Strike"],"picked":"Reaper","floor":8.0},{"not_picked":["Perfected Strike","Body Slam","Heavy Blade"],"picked":"SKIP","floor":10},{"not_picked":["Cleave","Blood for Blood","Infernal Blade"],"picked":"SKIP","floor":14},{"not_picked":["Berserk","Exhume"],"picked":"Fiend Fire","floor":16},{"not_picked":["Heavy Blade","Dropkick"],"picked":"Flame Barrier","floor":18},{"not_picked":["Bloodletting","Thunderclap+1"],"picked":"Flame Barrier","floor":19},{"not_picked":["Sentinel","Dropkick"],"picked":"True Grit+1","floor":20},{"not_picked":["Heavy Blade","Rage","Cleave"],"picked":"SKIP","floor":22}],"player_experience":689795,"relics_obtained":[{"floor":6.0,"key":"Ancient Tea Set"},{"floor":8.0,"key":"Bronze Scales"},{"floor":9.0,"key":"Bag of Marbles"}],"event_choices":[{"damage_healed":0,"gold_gain":0,"player_choice":"Donut","damage_taken":0,"max_hp_gain":5,"max_hp_loss":0,"event_name":"Big Fish","floor":12,"gold_loss":0}],"is_beta":false,"boss_relics":[{"not_picked":["Cursed Key","Coffee Dripper"],"picked":"Mark of Pain"}],"items_purged_floors":[5,21],"is_endless":false,"potions_floor_spawned":[1,2,10,14,20,22],"killed_by":"Slavers","ascension_level":3}}