{"host":"r5mr2vnv825vb4hc","time":1613203994,"event":{"mods":["100% Spire Juice","Act Like it!","Arknights","Art Attack!","BaseMod","Best Route Mod","CapriCore","KOR Keyword Fix","Minty Spire (QoL Compilation)","Potion Indicator Mod","Quick Restart","Rare Cards Sparkle","Replay The Spire","StSLib","Td1madao Mod"],"gold_per_floor":[117,135,135,152,152,152,152],"floor_reached":6,"language":"KOR","playtime":145,"items_purged":[],"score":36,"play_id":"1326c947-dac2-4865-a1a7-55eb21a1a01c","local_time":"20210213171314","is_ascension_mode":false,"campfire_choices":[],"circlet_count":0,"master_deck":["ats:Strike C","ats:Strike G","ats:Strike S","ats:Strike V","ats:Armor Crushing Shot","ats:Defend","ats:Defend","ats:Defend","ats:Emotion Absorption","ats:Consecutive Shot Auto"],"relics":["ats:Sanity","NeowsBlessing"],"acts_visited":["Exordium"],"potions_floor_usage":[],"damage_taken":[{"damage":0,"enemies":"Cultist","floor":1,"turns":1},{"damage":0,"enemies":"Jaw Worm","floor":2,"turns":1},{"damage":0,"enemies":"ats:Genji","floor":4,"turns":1},{"damage":9,"enemies":"Replay:BlueRogue","floor":6,"turns":2}],"seed_played":"-3930706019401930734","potions_obtained":[{"floor":2,"key":"Dexterity Potion"},{"floor":4,"key":"FearPotion"}],"is_trial":false,"path_per_floor":["M","M","?","M","?","E"],"character_chosen":"DOCTOR_CLASS","items_purchased":[],"campfire_rested":0,"item_purchase_floors":[],"current_hp_per_floor":[72,72,72,72,72,63,63],"gold":152,"neow_bonus":"THREE_ENEMY_KILL","is_daily":false,"chose_seed":false,"campfire_upgraded":0,"win_rate":0.0,"timestamp":1613203994,"path_taken":["M","M","?","?","?","E"],"items_purchased_type":[],"build_version":"2020-12-22","purchased_purges":0,"victory":false,"max_hp_per_floor":[72,72,72,72,72,72,72],"card_choices":[{"not_picked":["ats:Assault Order","ats:Apocalypse"],"picked":"ats:Consecutive Shot Auto","floor":1},{"not_picked":["ats:Healing Drone","ats:Flexible Camouflage","ats:Absolute Focus"],"picked":"SKIP","floor":2},{"not_picked":["ats:Automatic Cover","ats:Spore Proliferation","ats:Healing Drone"],"picked":"SKIP","floor":4}],"player_experience":15741,"relics_obtained":[],"event_choices":[{"cards_removed":["ats:Defend"],"damage_healed":0,"gold_gain":0,"player_choice":"Purged","damage_taken":0,"max_hp_gain":0,"max_hp_loss":0,"event_name":"Purifier","floor":3,"gold_loss":0},{"cards_removed":["ArtAttackMod:ArtAttack"],"damage_healed":5,"gold_gain":0,"player_choice":"Offered Special","damage_taken":0,"max_hp_gain":0,"max_hp_loss":0,"event_name":"Bonfire Elementals","floor":5,"gold_loss":0}],"is_beta":false,"boss_relics":[],"items_purged_floors":[],"is_endless":false,"potions_floor_spawned":[2,4],"killed_by":"Replay:BlueRogue","ascension_level":0}}