{"host":"xspno2hvvkg1vi3z","time":1613206459,"event":{"mods":["100% Spire Juice","BaseMod","Downfall","Energized Spire","Minty Spire (QoL Compilation)","StSLib"],"gold_per_floor":[99,119,136,154,64,64,134,134,169,344,378,388,273,293,311,414,414,214,232,232,232,248,248,248,148,148,74,74,74,362,377,390,390,390,390],"floor_reached":33,"language":"ZHS","playtime":1319,"items_purged":["champ:Strike","Doubt"],"score":305,"play_id":"b6e7bd64-6167-4647-a29f-a1fc0d2af36b","local_time":"20210213165419","is_ascension_mode":false,"campfire_choices":[{"data":"champ:Taunt","floor":1,"key":"SMITH"},{"data":"champ:FlashCut","floor":6,"key":"SMITH"},{"floor":8,"key":"RECALL"},{"data":"champ:DancingMaster","floor":18,"key":"SMITH"},{"data":"champ:LastStand","floor":23,"key":"SMITH"},{"data":"champ:CrookedStrike","floor":25,"key":"SMITH"},{"data":"champ:FocusedDefense","floor":28,"key":"SMITH"}],"circlet_count":0,"master_deck":["champ:Strike","champ:Strike","champ:Defend","champ:Defend","champ:Execute","champ:Taunt+1","champ:RisingSlash","champ:FlashCut+1","champ:CrookedStrike+1","champ:DefensiveShout","champ:LastStand+1","champ:DancingMaster+1","champ:EnragedBash+1","champ:RisingSlash+1","champ:LastStand+1","champ:LastStand+1","champ:FocusedDefense+1","champ:ShieldWall"],"relics":["champ:ChampionCrown","Pear","Art of War","Tiny Chest","Astrolabe","downfall:HeartBlessingRed","downfall:HeartBlessingGreen","downfall:HeartBlessingBlue","The Courier"],"acts_visited":["Exordium","TheCity"],"potions_floor_usage":[33],"damage_taken":[{"damage":20,"enemies":"Cultist","floor":2,"turns":5},{"damage":18,"enemies":"Jaw Worm","floor":3,"turns":4},{"damage":6,"enemies":"Small Slimes","floor":4,"turns":3},{"damage":10,"enemies":"downfall:FleeingMerchant","floor":5,"turns":4},{"damage":33,"enemies":"Lagavulin","floor":9,"turns":5},{"damage":29,"enemies":"Gremlin Nob","floor":11,"turns":4},{"damage":3,"enemies":"Exordium Wildlife","floor":12,"turns":3},{"damage":22,"enemies":"downfall:FleeingMerchant","floor":13,"turns":4},{"damage":6,"enemies":"Large Slime","floor":14,"turns":4},{"damage":10,"enemies":"Exordium Thugs","floor":15,"turns":3},{"damage":25,"enemies":"IC_STATUS_ARCHETYPE","floor":16,"turns":7},{"damage":29,"enemies":"Shell Parasite","floor":19,"turns":3},{"damage":17,"enemies":"Snake Plant","floor":22,"turns":4},{"damage":23,"enemies":"downfall:FleeingMerchant","floor":27,"turns":4},{"damage":0,"enemies":"downfall:FleeingMerchant","floor":30,"turns":1},{"damage":15,"enemies":"Cultist and Chosen","floor":31,"turns":3},{"damage":27,"enemies":"Snecko","floor":32,"turns":5},{"damage":26,"enemies":"SI_MIRROR_ARCHETYPE","floor":33,"turns":4}],"seed_played":"-8395117275442690330","potions_obtained":[{"floor":3,"key":"Block Potion"},{"floor":4,"key":"Guardian:BlockOnCardUsePotion"},{"floor":14,"key":"Swift Potion"}],"is_trial":false,"path_per_floor":["R","M","M","M","$","R","T","R","E","?","E","M","$","M","M","B",null,"R","M","?","?","M","R","T","R","T","$","R","?","$","M","M","B"],"character_chosen":"THE_CHAMP","items_purchased":["champ:FocusedDefense","champ:ShieldWall"],"campfire_rested":0,"item_purchase_floors":[27,30],"current_hp_per_floor":[99,99,91,85,85,85,95,95,82,82,53,50,48,42,42,37,109,109,85,63,63,51,51,51,61,61,53,53,53,53,43,26,0,0,0],"gold":390,"neow_bonus":"TEN_PERCENT_HP_BONUS","is_daily":false,"chose_seed":false,"campfire_upgraded":6,"win_rate":0.0,"timestamp":1613206459,"path_taken":["R","M","M","?","$","R","T","R","E","?","E","M","?","M","M","BOSS","R","M","?","?","M","R","T","R","?","?","R","?","$","M","M","BOSS"],"items_purchased_type":["Card","Card"],"build_version":"2020-12-22","purchased_purges":2,"victory":false,"max_hp_per_floor":[99,99,99,99,99,99,109,109,109,109,109,109,109,109,109,109,109,109,109,114,114,114,114,114,124,124,124,124,124,124,124,124,124,124,124],"card_choices":[{"not_picked":["champ:Encircle","champ:Lariat"],"picked":"champ:RisingSlash","floor":2},{"not_picked":["champ:BladeFlurry","champ:CrownThrow"],"picked":"champ:FlashCut","floor":3},{"not_picked":["champ:Encircle","champ:Circumvent","champ:Shatter"],"picked":"SKIP","floor":4},{"not_picked":["champ:PerfectedStrike","champ:PreemptiveStrike"],"picked":"champ:CrookedStrike","floor":5},{"not_picked":["champ:Backstep","champ:BringItOn"],"picked":"champ:DefensiveShout","floor":9},{"not_picked":["champ:BladeFlurry","champ:CrookedStrike","champ:FancyFootwork"],"picked":"SKIP","floor":11},{"not_picked":["champ:BerserkersShout","champ:Circumvent","champ:BringItOn"],"picked":"SKIP","floor":12},{"not_picked":["champ:StanceDance","champ:PerfectedStrike"],"picked":"champ:LastStand","floor":13},{"not_picked":["champ:Haymaker","champ:FocusedDefense","champ:EnGarde"],"picked":"SKIP","floor":14},{"not_picked":["champ:Haymaker","champ:FlashCut","champ:BringItOn"],"picked":"SKIP","floor":15},{"not_picked":["champ:StrikeOfGenius","champ:GladiatorForm"],"picked":"champ:DancingMaster","floor":16},{"not_picked":["champ:BringItOn","champ:RecklessLeap","champ:PerfectedStrike"],"picked":"SKIP","floor":19},{"not_picked":["champ:EnragedBash+1","champ:HeartStrike","champ:GladiatorStyle+1"],"picked":"SKIP","floor":22},{"not_picked":["champ:Parry","champ:Endure","champ:Haymaker"],"picked":"SKIP","floor":27},{"not_picked":["champ:PerfectedStrike","champ:Lariat","champ:Haymaker"],"picked":"SKIP","floor":30},{"not_picked":["champ:CrownThrow+1","champ:FanOfKnives+1","champ:TornadoPunch"],"picked":"SKIP","floor":31},{"not_picked":["champ:ShieldWall","champ:CrownThrow","champ:Encircle+1"],"picked":"SKIP","floor":32}],"player_experience":206115,"relics_obtained":[{"floor":7,"key":"Pear"},{"floor":9,"key":"Art of War"},{"floor":11,"key":"Tiny Chest"},{"floor":26,"key":"The Courier"}],"event_choices":[],"is_beta":false,"boss_relics":[{"not_picked":["SacredBark","energizedSpire:NeverEndingSparkler"],"picked":"Astrolabe"}],"items_purged_floors":[5,13],"is_endless":false,"potions_floor_spawned":[3,4,14,15,16,19,31],"killed_by":"SI_MIRROR_ARCHETYPE","ascension_level":0}}