{"host":"7yyoe0ei0fseceei","time":1613255158,"event":{"mods":["BaseMod","Colored Map","Highlight Path","Minty Spire (QoL Compilation)","Quick Restart"],"gold_per_floor":[115,63,63,43,63,98,98,110,136,148,172,201,201,221,221,298,298,313,313,327,43,43,43,43,43],"floor_reached":24,"language":"ENG","playtime":636,"items_purged":[],"score":498,"play_id":"e62f936a-3d1f-4583-9004-6a83e1ba3b64","local_time":"20210213232558","is_ascension_mode":true,"campfire_choices":[{"data":"Sunder","floor":7.0,"key":"SMITH"},{"floor":15.0,"key":"REST"}],"circlet_count":0,"master_deck":["AscendersBane","Strike_B","Strike_B","Strike_B","Defend_B","Defend_B","Defend_B","Defend_B","Zap","Dualcast","Melter","Ball Lightning","Sunder+1","Self Repair","Rebound","Leap","Doom and Gloom","Machine Learning","Rebound+1","Hyperbeam+1","Leap","Doom and Gloom+1"],"relics":["Cracked Core","NeowsBlessing","Akabeko","Omamori","Strawberry","Odd Mushroom","Molten Egg 2","Inserter","Enchiridion","Runic Capacitor"],"acts_visited":["Exordium","TheCity"],"potions_floor_usage":[],"damage_taken":[{"damage":0.0,"enemies":"Cultist","floor":1.0,"turns":1.0},{"damage":0.0,"enemies":"Jaw Worm","floor":5.0,"turns":1.0},{"damage":0.0,"enemies":"3 Sentries","floor":6.0,"turns":1.0},{"damage":5.0,"enemies":"Small Slimes","floor":8.0,"turns":3.0},{"damage":3.0,"enemies":"3 Louse","floor":10.0,"turns":3.0},{"damage":7.0,"enemies":"The Mushroom Lair","floor":11.0,"turns":3.0},{"damage":39.0,"enemies":"Lagavulin","floor":12.0,"turns":4.0},{"damage":27.0,"enemies":"Large Slime","floor":14.0,"turns":5.0},{"damage":29.0,"enemies":"The Guardian","floor":16.0,"turns":12.0},{"damage":13.0,"enemies":"Chosen","floor":18.0,"turns":4.0},{"damage":13.0,"enemies":"3 Byrds","floor":20.0,"turns":2.0},{"damage":0.0,"enemies":"Book of Stabbing","floor":23.0,"turns":1.0},{"damage":16,"enemies":"Shelled Parasite and Fungi","floor":24,"turns":1}],"seed_played":"161836643090011468","potions_obtained":[{"floor":1.0,"key":"Weak Potion"},{"floor":4.0,"key":"PowerPotion"},{"floor":6.0,"key":"SkillPotion"},{"floor":11.0,"key":"PotionOfCapacity"},{"floor":20.0,"key":"LiquidMemories"}],"is_trial":false,"path_per_floor":["M","$","?","?","M","E","R","M","T","M","?","E","?","M","R","B",null,"M","?","M","$","?","E","M"],"character_chosen":"DEFECT","items_purchased":["Ball Lightning","Runic Capacitor","SmokeBomb"],"campfire_rested":1,"item_purchase_floors":[2,21,21],"current_hp_per_floor":[64,64,59,59,59,59,59,61,68,65,65,33,33,13,36,14,62,49,28,15,15,15,15,0,0],"gold":43,"neow_bonus":"THREE_ENEMY_KILL","is_daily":false,"chose_seed":false,"campfire_upgraded":1,"win_rate":0.0,"timestamp":1613255158,"path_taken":["M","$","?","?","?","E","R","M","T","M","?","E","?","M","R","BOSS","M","?","M","$","?","E","M"],"items_purchased_type":["Card","Relic","Potion"],"build_version":"2020-12-22","purchased_purges":0,"victory":false,"max_hp_per_floor":[71,71,71,71,71,71,71,71,78,78,78,78,78,78,78,78,78,78,78,78,78,78,78,78,78],"card_choices":[{"not_picked":["Force Field","Turbo"],"picked":"Melter","floor":1.0},{"not_picked":["Rebound","Coolheaded"],"picked":"Sunder","floor":5.0},{"not_picked":["Redo","Go for the Eyes"],"picked":"Self Repair","floor":6.0},{"not_picked":["Stack","Gash"],"picked":"Rebound","floor":8.0},{"not_picked":["Stack","Storm"],"picked":"Leap","floor":10.0},{"not_picked":["Double Energy","Hologram"],"picked":"Doom and Gloom","floor":11.0},{"not_picked":["Genetic Algorithm","Recycle"],"picked":"Machine Learning","floor":12.0},{"not_picked":["Consume","Self Repair"],"picked":"Rebound+1","floor":14.0},{"not_picked":["Reboot","Multi-Cast"],"picked":"Hyperbeam+1","floor":16.0},{"not_picked":["Barrage+1","Static Discharge"],"picked":"Leap","floor":18.0},{"not_picked":["Defragment","Undo"],"picked":"Doom and Gloom+1","floor":20.0}],"player_experience":918935,"relics_obtained":[{"floor":6.0,"key":"Omamori"},{"floor":9.0,"key":"Strawberry"},{"floor":11.0,"key":"Odd Mushroom"},{"floor":12.0,"key":"Molten Egg 2"},{"floor":19.0,"key":"Enchiridion"}],"event_choices":[{"damage_healed":0.0,"max_hp_gain":0.0,"max_hp_loss":0.0,"gold_gain":0.0,"event_name":"Scrap Ooze","player_choice":"Success","floor":3.0,"gold_loss":0.0,"damage_taken":5.0,"relics_obtained":["Akabeko"]},{"damage_healed":0.0,"max_hp_gain":0.0,"max_hp_loss":0.0,"gold_gain":0.0,"event_name":"The Woman in Blue","player_choice":"Bought 1 Potion","floor":4.0,"gold_loss":0.0,"damage_taken":0.0},{"damage_healed":0.0,"max_hp_gain":0.0,"max_hp_loss":0.0,"gold_gain":0.0,"event_name":"Mushrooms","player_choice":"Fought Mushrooms","floor":11.0,"gold_loss":0.0,"damage_taken":0.0},{"cards_removed":["Strike_B"],"damage_healed":0.0,"max_hp_gain":0.0,"max_hp_loss":0.0,"gold_gain":0.0,"event_name":"Purifier","player_choice":"Purged","floor":13.0,"gold_loss":0.0,"damage_taken":0.0},{"damage_healed":0.0,"max_hp_gain":0.0,"max_hp_loss":0.0,"gold_gain":0.0,"event_name":"Cursed Tome","player_choice":"Obtained Book","floor":19.0,"gold_loss":0.0,"damage_taken":21.0},{"damage_healed":0.0,"max_hp_gain":0.0,"max_hp_loss":0.0,"gold_gain":0.0,"event_name":"Ghosts","player_choice":"Ignored","floor":22.0,"gold_loss":0.0,"damage_taken":0.0}],"is_beta":false,"boss_relics":[{"not_picked":["Astrolabe","Fusion Hammer"],"picked":"Inserter"}],"items_purged_floors":[],"is_endless":false,"potions_floor_spawned":[1,6,10,11,20],"killed_by":"Shelled Parasite and Fungi","ascension_level":20}}