{"host":"19r1ww88x2tc73i0","time":1613190027,"event":{"mods":["BaseMod","Bestiary","BetterRewards","Colored Map","Minty Spire (QoL Compilation)","Relic Stats","StSLib","SuperFastMode","slay the spire mod where everything is the same but ironclad has a cowboy hat"],"gold_per_floor":[214,3,20,20,20,20,35,35,116,133,26,44,75,175,175,249,249,269,280,280,42,42,42,68,68,68,102,112,9,59,90,90,161,161,176,191,15,15,31,59,69,122,122,122,139,151,184,194,194,194,194,194,194,22,48,48,48],"floor_reached":56,"language":"ENG","playtime":2688,"items_purged":["Strike_G","Strike_G","Strike_G"],"score":2050,"play_id":"2fb1b248-ad8f-4649-93f4-6fc8d2242e5a","local_time":"25640213112026","is_ascension_mode":true,"campfire_choices":[{"data":"Dagger Spray","floor":6.0,"key":"SMITH"},{"data":"Apotheosis","floor":15.0,"key":"SMITH"},{"data":"Burst","floor":23.0,"key":"SMITH"},{"floor":25.0,"key":"REST"},{"data":"Accuracy","floor":32.0,"key":"SMITH"},{"floor":49,"key":"RECALL"},{"data":"After Image","floor":53,"key":"SMITH"}],"circlet_count":0,"master_deck":["AscendersBane","Strike_G","Defend_G","Defend_G","Defend_G","Defend_G","Defend_G","Survivor","Neutralize","Dagger Spray+1","Backstab","Blade Dance","Slice","Apotheosis+1","Deflect","Burst+1","Die Die Die","CurseOfTheBell","Blade Dance","Dodge and Roll+1","A Thousand Cuts","Crippling Poison","Infinite Blades","Quick Slash+1","Footwork","Accuracy+1","Leg Sweep","Cloak And Dagger","After Image+1","PiercingWail","Accuracy","Cloak And Dagger","Flash of Steel+1","PiercingWail+1","PiercingWail+1","Backflip","Terror","Well Laid Plans","Leg Sweep","Malaise","Cloak And Dagger","Accuracy","Dash+1"],"relics":["Ring of the Snake","Membership Card","Toy Ornithopter","Singing Bowl","Mercury Hourglass","Calling Bell","MealTicket","Meat on the Bone","Calipers","Molten Egg 2","Letter Opener","Sundial","TungstenRod","Vajra","Paper Crane","Coffee Dripper","Potion Belt","Tingsha","StoneCalendar","HornCleat","Lantern"],"acts_visited":["TheCity","TheBeyond","TheEnding"],"potions_floor_usage":[42,47,50,51,51,51,55,55,55,55,55,56,56],"damage_taken":[{"damage":0.0,"enemies":"2 Louse","floor":1.0,"turns":6.0},{"damage":0.0,"enemies":"Jaw Worm","floor":3.0,"turns":6.0},{"damage":0.0,"enemies":"Cultist","floor":7.0,"turns":3.0},{"damage":0.0,"enemies":"Lagavulin","floor":8.0,"turns":1.0},{"damage":13.0,"enemies":"Exordium Thugs","floor":10.0,"turns":6.0},{"damage":0.0,"enemies":"2 Fungi Beasts","floor":12.0,"turns":2.0},{"damage":36.0,"enemies":"Gremlin Nob","floor":13.0,"turns":4.0},{"damage":4.0,"enemies":"The Guardian","floor":16.0,"turns":18.0},{"damage":0.0,"enemies":"3 Byrds","floor":18.0,"turns":4.0},{"damage":0.0,"enemies":"Spheric Guardian","floor":19.0,"turns":3.0},{"damage":26.0,"enemies":"Slavers","floor":24.0,"turns":4.0},{"damage":48.0,"enemies":"Book of Stabbing","floor":27.0,"turns":6.0},{"damage":7.0,"enemies":"Snake Plant","floor":28.0,"turns":3.0},{"damage":0.0,"enemies":"Gremlin Leader","floor":31.0,"turns":6.0},{"damage":17.0,"enemies":"Champ","floor":33.0,"turns":9.0},{"damage":6.0,"enemies":"Orb Walker","floor":35.0,"turns":4.0},{"damage":0.0,"enemies":"3 Shapes","floor":36.0,"turns":3.0},{"damage":4.0,"enemies":"Sphere and 2 Shapes","floor":39.0,"turns":5.0},{"damage":3,"enemies":"Nemesis","floor":40,"turns":5},{"damage":2,"enemies":"3 Darklings","floor":41,"turns":3},{"damage":7,"enemies":"2 Orb Walkers","floor":42,"turns":4},{"damage":3,"enemies":"Writhing Mass","floor":45,"turns":8},{"damage":4,"enemies":"Spire Growth","floor":46,"turns":5},{"damage":12,"enemies":"Reptomancer","floor":47,"turns":5},{"damage":0,"enemies":"4 Shapes","floor":48,"turns":5},{"damage":21,"enemies":"Awakened One","floor":50,"turns":15},{"damage":61,"enemies":"Donu and Deca","floor":51,"turns":9},{"damage":66,"enemies":"Shield and Spear","floor":55,"turns":9},{"damage":48,"enemies":"The Heart","floor":56,"turns":3}],"seed_played":"-2677730910106245463","potions_obtained":[{"floor":7.0,"key":"SmokeBomb"},{"floor":10.0,"key":"DuplicationPotion"},{"floor":13.0,"key":"Fire Potion"},{"floor":24.0,"key":"GamblersBrew"},{"floor":28.0,"key":"Strength Potion"},{"floor":39.0,"key":"DuplicationPotion"},{"floor":40,"key":"CunningPotion"},{"floor":42,"key":"DuplicationPotion"},{"floor":44,"key":"EntropicBrew"},{"floor":47,"key":"Explosive Potion"}],"is_trial":false,"path_per_floor":["M","$","M","?","?","R","M","E","T","M","$","M","E","?","R","B",null,"M","M","?","$","?","R","E","R","T","E","M","$","?","E","R","B",null,"M","M","$","?","M","E","M","?","T","?","M","M","E","M","R","B","B",null,"R","$","E","B"],"character_chosen":"THE_SILENT","items_purchased":["Membership Card","Apotheosis","Molten Egg 2","Infinite Blades","FearPotion","Vajra","Leg Sweep","Accuracy","Cloak And Dagger","FairyPotion","HornCleat","Accuracy"],"campfire_rested":1,"item_purchase_floors":[2,11,21,21,21,29,29,37,37,37,54,54],"current_hp_per_floor":[59,59,59,54,47,47,47,52,52,39,39,39,8,8,8,4,51,51,56,56,66,48,48,39,60,60,29,34,49,49,49,49,37,63,57,59,73,71,67,64,62,60,60,60,57,53,46,46,46,42,35,65,65,75,43,5,5],"gold":48,"neow_bonus":"HUNDRED_GOLD","is_daily":false,"chose_seed":false,"campfire_upgraded":5,"win_rate":0.0,"timestamp":1613190026,"path_taken":["M","$","M","?","?","R","M","E","T","M","$","M","E","?","R","BOSS","M","M","?","$","?","R","E","R","T","E","M","$","?","E","R","BOSS","M","M","$","?","M","E","M","?","T","?","M","M","E","M","R","BOSS","BOSS","R","$","E","BOSS"],"items_purchased_type":["Relic","Card","Relic","Card","Potion","Relic","Card","Card","Card","Potion","Relic","Card"],"build_version":"2020-12-22","purchased_purges":3,"victory":false,"max_hp_per_floor":[66,66,66,66,66,66,66,66,66,66,66,66,66,66,66,66,66,66,66,66,66,71,71,71,71,71,71,71,71,71,71,71,71,71,71,73,73,75,75,75,75,75,75,75,75,75,75,75,75,75,75,75,75,75,75,75,75],"relic_stats":{"Singing Bowl":4,"counters":[29,164],"Tingsha":[15],"StoneCalendar":[104],"Letter Opener":[313],"Mercury Hourglass":[485],"Sundial":[6],"MealTicket":49,"obtain_stats":[{"Potion Belt":40,"Lantern":55,"Calipers":17,"Singing Bowl":9,"Vajra":29,"Tingsha":42,"StoneCalendar":47,"Letter Opener":24,"Paper Crane":31,"Mercury Hourglass":13,"Calling Bell":17,"HornCleat":54,"Sundial":26,"MealTicket":17,"Molten Egg 2":21,"Coffee Dripper":34,"Membership Card":2,"Toy Ornithopter":4,"TungstenRod":27,"Ring of the Snake":0,"Meat on the Bone":17},{"Potion Belt":19,"Lantern":28,"Calipers":8,"Singing Bowl":4,"Vajra":13,"Tingsha":21,"StoneCalendar":24,"Letter Opener":11,"Paper Crane":14,"Mercury Hourglass":7,"Calling Bell":8,"HornCleat":27,"Sundial":11,"MealTicket":8,"Molten Egg 2":10,"Coffee Dripper":15,"Membership Card":1,"Toy Ornithopter":2,"TungstenRod":12,"Ring of the Snake":0,"Meat on the Bone":8},{"Potion Belt":98,"Lantern":161,"Calipers":46,"Singing Bowl":16,"Vajra":66,"Tingsha":105,"StoneCalendar":123,"Letter Opener":57,"Paper Crane":72,"Mercury Hourglass":28,"Calling Bell":46,"HornCleat":152,"Sundial":57,"MealTicket":46,"Molten Egg 2":53,"Coffee Dripper":81,"Membership Card":6,"Toy Ornithopter":12,"TungstenRod":63,"Ring of the Snake":0,"Meat on the Bone":46}],"Toy Ornithopter":90,"TungstenRod":49,"Ring of the Snake":[58],"Meat on the Bone":60},"card_choices":[{"not_picked":["Flying Knee","Well Laid Plans"],"picked":"Dagger Spray","floor":1.0},{"not_picked":["Dodge and Roll","Infinite Blades"],"picked":"Backstab","floor":3.0},{"not_picked":["Endless Agony","Eviscerate"],"picked":"Blade Dance","floor":7.0},{"not_picked":["Cloak And Dagger","Underhanded Strike"],"picked":"Slice","floor":10.0},{"not_picked":["Poisoned Stab","Bane"],"picked":"Deflect","floor":12.0},{"not_picked":["Tactician","Dash"],"picked":"Burst","floor":13.0},{"not_picked":["Storm of Steel","Bullet Time"],"picked":"Die Die Die","floor":16.0},{"not_picked":["Flechettes","Setup"],"picked":"Blade Dance","floor":18.0},{"not_picked":["Dagger Throw","Acrobatics"],"picked":"Dodge and Roll+1","floor":19.0},{"not_picked":["Blade Dance","Dodge and Roll"],"picked":"Quick Slash+1","floor":24.0},{"not_picked":["Underhanded Strike+1","Finisher+1"],"picked":"Footwork","floor":27.0},{"not_picked":["Unload+1","Acrobatics"],"picked":"Accuracy","floor":28.0},{"not_picked":["Blade Dance","Sucker Punch+1"],"picked":"Cloak And Dagger","floor":31.0},{"not_picked":["A Thousand Cuts","Night Terror"],"picked":"After Image","floor":33.0},{"not_picked":["Outmaneuver","Dagger Spray+1"],"picked":"PiercingWail","floor":35.0},{"not_picked":["Dodge and Roll+1","Bane+1","Deadly Poison"],"picked":"Singing Bowl","floor":36.0},{"not_picked":["Violence","Magnetism"],"picked":"Flash of Steel+1","floor":38.0},{"not_picked":["Swift Strike+1","HandOfGreed+1","The Bomb"],"picked":"Singing Bowl","floor":38.0},{"not_picked":["Blade Dance+1","Expertise"],"picked":"PiercingWail+1","floor":39.0},{"not_picked":["Acrobatics","Deflect"],"picked":"PiercingWail+1","floor":40},{"not_picked":["All Out Attack+1","Blade Dance"],"picked":"Backflip","floor":41},{"not_picked":["Eviscerate+1","Bane+1"],"picked":"Terror","floor":42},{"not_picked":["Predator+1","Skewer+1"],"picked":"Well Laid Plans","floor":45},{"not_picked":["Deadly Poison+1","Deflect+1"],"picked":"Leg Sweep","floor":46},{"not_picked":["Night Terror","Deflect"],"picked":"Malaise","floor":47},{"not_picked":["Reflex+1","Eviscerate+1"],"picked":"Cloak And Dagger","floor":48},{"not_picked":["Escape Plan","Masterful Stab+1"],"picked":"Dash+1","floor":55}],"player_experience":1063785,"relics_obtained":[{"floor":9.0,"key":"Singing Bowl"},{"floor":13.0,"key":"Mercury Hourglass"},{"floor":17.0,"key":"MealTicket"},{"floor":17.0,"key":"Meat on the Bone"},{"floor":17.0,"key":"Calipers"},{"floor":24.0,"key":"Letter Opener"},{"floor":26.0,"key":"Sundial"},{"floor":27.0,"key":"TungstenRod"},{"floor":31.0,"key":"Paper Crane"},{"floor":40,"key":"Potion Belt"},{"floor":42,"key":"Tingsha"},{"floor":47,"key":"StoneCalendar"},{"floor":55,"key":"Lantern"}],"event_choices":[{"damage_healed":0.0,"max_hp_gain":0.0,"max_hp_loss":0.0,"gold_gain":0.0,"event_name":"Scrap Ooze","player_choice":"Success","floor":4.0,"gold_loss":0.0,"damage_taken":5.0,"relics_obtained":["Toy Ornithopter"]},{"cards_removed":["Strike_G"],"damage_healed":0.0,"max_hp_gain":0.0,"max_hp_loss":0.0,"gold_gain":0.0,"event_name":"Golden Wing","player_choice":"Card Removal","floor":5.0,"gold_loss":0.0,"damage_taken":7.0},{"damage_healed":0.0,"max_hp_gain":0.0,"max_hp_loss":0.0,"gold_gain":100.0,"event_name":"Wheel of Change","player_choice":"Gold","floor":14.0,"gold_loss":0.0,"damage_taken":0.0},{"damage_healed":0.0,"max_hp_gain":0.0,"max_hp_loss":0.0,"gold_gain":0.0,"event_name":"Match and Keep!","player_choice":"2 cards matched","floor":20.0,"gold_loss":0.0,"damage_taken":0.0,"cards_obtained":["A Thousand Cuts","Crippling Poison"]},{"damage_healed":0.0,"max_hp_gain":5.0,"max_hp_loss":0.0,"gold_gain":0.0,"event_name":"Forgotten Altar","player_choice":"Shed Blood","floor":22.0,"gold_loss":0.0,"damage_taken":23.0},{"damage_healed":0.0,"max_hp_gain":0.0,"max_hp_loss":0.0,"gold_gain":50.0,"event_name":"Nest","player_choice":"Stole From Cult","floor":30.0,"gold_loss":0.0,"damage_taken":0.0},{"damage_healed":0.0,"max_hp_gain":0.0,"max_hp_loss":0.0,"gold_gain":0.0,"event_name":"SensoryStone","player_choice":"Memory 2","floor":38.0,"gold_loss":0.0,"damage_taken":5.0},{"damage_healed":0,"gold_gain":0,"player_choice":"Fight","damage_taken":0,"max_hp_gain":0,"max_hp_loss":0,"event_name":"Mysterious Sphere","floor":42,"gold_loss":0},{"damage_healed":0,"gold_gain":0,"player_choice":"Got Potions","damage_taken":0,"max_hp_gain":0,"max_hp_loss":0,"event_name":"Lab","floor":44,"gold_loss":0}],"is_beta":false,"boss_relics":[{"not_picked":["Empty Cage","Runic Dome"],"picked":"Calling Bell"},{"not_picked":["WristBlade","Ring of the Serpent"],"picked":"Coffee Dripper"}],"items_purged_floors":[2,21,37],"is_endless":false,"potions_floor_spawned":[7,8,10,13,24,28,39,40,42,47],"killed_by":"The Heart","ascension_level":20}}