{"host":"k1qq3tnzhl68zvao","time":1613246059,"event":{"mods":["ATMod(阿瑾Mod)","AchievementEnabler","BaseMod","Colored Powertips","Conspire","DeckTracker","Downfall","Energized Spire","GifTheSpireLib","Minty Spire (QoL Compilation)","Quick Restart","Relic Filter Mod","Replay The Spire","Spicy Shops","StSLib","【遗物卡牌】REMEMod"],"gold_per_floor":[112,112,137,150,150,169,213,228,228,228,272,286,304,345,345,438,438,453,467,467,467,292,332,74,118,142,142,180,223,223,223],"floor_reached":30,"language":"ZHS","playtime":1280,"items_purged":["Writhe","Strike_R"],"score":632,"play_id":"b7ae4448-6956-4a57-bd83-5fb697e10a8f","local_time":"20210214035419","is_ascension_mode":true,"campfire_choices":[{"data":"ReplayTheSpireMod:Strike From Hell","floor":15.0,"key":"SMITH"},{"data":"ReplayTheSpireMod:Strike From Hell","floor":27.0,"key":"SMITH"}],"circlet_count":0,"master_deck":["AscendersBane","Strike_R","Strike_R","Strike_R","Strike_R","Defend_R","Defend_R","Defend_R","Bash","AT_BreakingExtremeWeapon","Hyperbeam","Anger","Battle Trance","Pummel","Pot Of Greed","Pot Of Greed","ReplayTheSpireMod:Strike From Hell+1","Demon Form","Replay:Undeath\u0027s Touch","Limit Break","Reaper","Armaments","AT_ShrugMaster","ReplayTheSpireMod:Strike From Hell+1","Pot Of Greed","AT_BreakingExtremeWeapon","True Grit"],"relics":["Burning Blood","AT_ATBox","REME_ComplimentaryCards","Golden Idol","Grinning Jar","Gremlin Horn","AT_ImmortalShieldbow","conspire:GiftBox","Quantum Egg","Replay:Bronze Core","Boot","Turnip","Mirror","Red Mask","AT_DeathDance"],"acts_visited":["Exordium","TheCity"],"potions_floor_usage":[],"damage_taken":[{"damage":0.0,"enemies":"Cultist","floor":1.0,"turns":2.0},{"damage":1.0,"enemies":"Small Slimes","floor":3.0,"turns":2.0},{"damage":12.0,"enemies":"Jaw Worm","floor":4.0,"turns":2.0},{"damage":1.0,"enemies":"Exordium Thugs","floor":6.0,"turns":3.0},{"damage":5.0,"enemies":"Gremlin Nob","floor":7.0,"turns":3.0},{"damage":14.0,"enemies":"3 Louse","floor":8.0,"turns":2.0},{"damage":0.0,"enemies":"3 Sentries","floor":11.0,"turns":2.0},{"damage":2.0,"enemies":"2 Fungi Beasts","floor":12.0,"turns":3.0},{"damage":6.0,"enemies":"Looter","floor":13.0,"turns":2.0},{"damage":10.0,"enemies":"Gremlin Nob","floor":14.0,"turns":3.0},{"damage":0.0,"enemies":"Slime Boss","floor":16.0,"turns":1.0},{"damage":1.0,"enemies":"3 Byrds","floor":18.0,"turns":2.0},{"damage":7.0,"enemies":"Chosen","floor":19.0,"turns":4.0},{"damage":56.0,"enemies":"Book of Stabbing","floor":23.0,"turns":5.0},{"damage":44.0,"enemies":"Slavers","floor":25.0,"turns":5.0},{"damage":0.0,"enemies":"Masked Bandits","floor":28.0,"turns":2.0},{"damage":13.0,"enemies":"Book of Stabbing","floor":29.0,"turns":2.0},{"damage":8,"enemies":"Shelled Parasite and Fungi","floor":30,"turns":2}],"seed_played":"-4375834779931400841","potions_obtained":[{"floor":3.0,"key":"DistilledChaos"},{"floor":4.0,"key":"Regen Potion"},{"floor":12.0,"key":"Energy Potion"},{"floor":14.0,"key":"BloodPotion"},{"floor":28.0,"key":"Dexterity Potion"}],"is_trial":false,"path_per_floor":["M","?","M","M","?","M","E","M","T","T","E","M","M","E","R","B",null,"M","M","?","?","$","E","$","E","T","R","?","E","M"],"character_chosen":"IRONCLAD","items_purchased":["AT_BreakingExtremeWeapon"],"campfire_rested":0,"item_purchase_floors":[24],"current_hp_per_floor":[86,64,69,63,56,61,62,54,54,54,60,64,64,60,60,66,83,88,87,87,87,87,56,56,52,52,52,58,51,53,53],"gold":223,"neow_bonus":"TEN_PERCENT_HP_BONUS","is_daily":false,"chose_seed":false,"campfire_upgraded":2,"win_rate":0.0,"timestamp":1613246059,"path_taken":["M","?","M","M","?","M","E","M","T","?","E","M","M","E","R","BOSS","M","M","?","?","$","E","$","E","T","R","?","E","M"],"items_purchased_type":["Card"],"build_version":"2020-12-22","purchased_purges":2,"victory":false,"max_hp_per_floor":[88,88,88,88,88,88,88,88,88,88,88,88,88,88,88,88,88,88,88,88,88,88,88,88,88,88,88,88,88,88,88],"card_choices":[{"not_picked":["Perfected Strike","Clothesline"],"picked":"Anger","floor":1.0},{"not_picked":["AT_GerminateFire","REME_Cut","Headbutt"],"picked":"SKIP","floor":3.0},{"not_picked":["Replay:Undeath\u0027s Touch","Clothesline"],"picked":"Battle Trance","floor":4.0},{"not_picked":["Warcry","Perfected Strike"],"picked":"Pummel","floor":6.0},{"not_picked":["Cleave","Reckless Charge","Hemogenesis"],"picked":"SKIP","floor":7.0},{"not_picked":["Anger","Entrench"],"picked":"ReplayTheSpireMod:Strike From Hell","floor":8.0},{"not_picked":["Juggernaut","Demonic Infusion"],"picked":"Demon Form","floor":11.0},{"not_picked":["Run Through","Wild Strike"],"picked":"Replay:Undeath\u0027s Touch","floor":11.0},{"not_picked":["AT_DrawKnifeCut","ReplayTheSpireMod:LeadingStrike","Perfected Strike"],"picked":"SKIP","floor":12.0},{"not_picked":["Havoc","Perfected Strike","Iron Wave"],"picked":"SKIP","floor":13.0},{"not_picked":["Warcry","Iron Wave"],"picked":"Limit Break","floor":14.0},{"not_picked":["Feed","Limit Break"],"picked":"Reaper","floor":16.0},{"not_picked":["REME_Scribble","Replay:Undeath\u0027s Touch","Heavy Blade"],"picked":"SKIP","floor":18.0},{"not_picked":["Anger","Iron Wave"],"picked":"Armaments","floor":19.0},{"not_picked":["Rampage","conspire:ExplosiveBarrier+1"],"picked":"ReplayTheSpireMod:Strike From Hell","floor":23.0},{"not_picked":["Evolve+1","Shrug It Off+1"],"picked":"True Grit","floor":25.0},{"not_picked":["Warcry","Flame Barrier","Sentinel"],"picked":"SKIP","floor":29.0}],"player_experience":571038,"relics_obtained":[{"floor":7.0,"key":"Grinning Jar"},{"floor":9.0,"key":"Gremlin Horn"},{"floor":10.0,"key":"AT_ImmortalShieldbow"},{"floor":11.0,"key":"conspire:GiftBox"},{"floor":14.0,"key":"Quantum Egg"},{"floor":23.0,"key":"Turnip"},{"floor":25.0,"key":"Mirror"},{"floor":28.0,"key":"Red Mask"},{"floor":29.0,"key":"AT_DeathDance"}],"event_choices":[{"damage_healed":0.0,"max_hp_gain":0.0,"max_hp_loss":0.0,"gold_gain":0.0,"event_name":"Golden Idol","player_choice":"Take Damage","floor":2.0,"gold_loss":0.0,"damage_taken":22.0,"relics_obtained":["Golden Idol"]},{"cards_removed":["Defend_R"],"damage_healed":0.0,"max_hp_gain":0.0,"max_hp_loss":0.0,"gold_gain":0.0,"event_name":"Golden Wing","player_choice":"Card Removal","floor":5.0,"gold_loss":0.0,"damage_taken":7.0},{"damage_healed":0.0,"max_hp_gain":0.0,"max_hp_loss":0.0,"gold_gain":0.0,"event_name":"The Mausoleum","player_choice":"Opened","floor":20.0,"gold_loss":0.0,"damage_taken":0.0,"relics_obtained":["Boot"],"cards_obtained":["Writhe"]},{"damage_healed":0.0,"max_hp_gain":0.0,"max_hp_loss":0.0,"gold_gain":0.0,"event_name":"The Library","player_choice":"Read","floor":21.0,"gold_loss":0.0,"damage_taken":0.0,"cards_obtained":["AT_ShrugMaster"]},{"damage_healed":0.0,"max_hp_gain":0.0,"max_hp_loss":0.0,"gold_gain":0.0,"event_name":"Masked Bandits","player_choice":"Fought Bandits","floor":28.0,"gold_loss":0.0,"damage_taken":0.0}],"is_beta":false,"boss_relics":[{"not_picked":["Philosopher\u0027s Stone","REME_DuelDisc"],"picked":"Replay:Bronze Core"}],"items_purged_floors":[22,22],"is_endless":false,"potions_floor_spawned":[3,4,12,13,14,19,28],"killed_by":"Shelled Parasite and Fungi","ascension_level":13}}