{"host":"z7iqwv4hfwwvhc2n","time":1613221577,"event":{"mods":["2.2 Compatiblity","BaseMod","Better Note","Better Third Choice","BetterRewards","Bossed Relics","Minty Spire (QoL Compilation)","Permanent Neow","Relic Filter","Relic Sorter","Shop Mod","StSLib","SuperFastMode","The Cursed"],"gold_per_floor":[111,129,129,129,145,172,16,32,32,47,57,57,85,100,100,196,196,210,91,91,109,109,109],"floor_reached":22,"language":"JPN","playtime":875,"items_purged":[],"score":208,"play_id":"a585b867-8e32-4fbb-b65b-664335501408","local_time":"20210213220617","is_ascension_mode":true,"campfire_choices":[{"floor":12,"key":"REST"},{"floor":15,"key":"REST"}],"circlet_count":0,"master_deck":["Strike_R","Strike_R","Strike_R","Strike_R","Strike_R","Defend_R","Defend_R","Defend_R","Defend_R+1","Bash+1","Spot Weakness","Rampage","Hemokinesis","Battle Trance","Pommel Strike","Pommel Strike","Cleave","Clothesline","Perfected Strike","Juggernaut","Clash+1","Blind","Spot Weakness","Wild Strike+1","Clothesline+1"],"relics":["Burning Blood","Letter Opener","Vajra","Pen Nib","Nunchaku","Black Star"],"acts_visited":["Exordium","TheCity"],"potions_floor_usage":[8,10,13,13,16],"damage_taken":[{"damage":0,"enemies":"2 Louse","floor":1,"turns":5},{"damage":8,"enemies":"Small Slimes","floor":2,"turns":4},{"damage":6,"enemies":"Jaw Worm","floor":5,"turns":3},{"damage":34,"enemies":"Gremlin Nob","floor":6,"turns":4},{"damage":16,"enemies":"Gremlin Gang","floor":8,"turns":3},{"damage":8,"enemies":"Exordium Thugs","floor":10,"turns":5},{"damage":13,"enemies":"Lots of Slimes","floor":11,"turns":4},{"damage":9,"enemies":"3 Sentries","floor":13,"turns":5},{"damage":11,"enemies":"Blue Slaver","floor":14,"turns":4},{"damage":32,"enemies":"The Guardian","floor":16,"turns":9},{"damage":38,"enemies":"2 Thieves","floor":18,"turns":4},{"damage":45,"enemies":"3 Byrds","floor":21,"turns":7}],"seed_played":"-7300242867937385477","potions_obtained":[{"floor":5,"key":"DistilledChaos"},{"floor":8,"key":"Strength Potion"},{"floor":10,"key":"BlessingOfTheForge"},{"floor":11,"key":"Block Potion"},{"floor":13,"key":"BlessingOfTheForge"},{"floor":18,"key":"Block Potion"}],"is_trial":false,"path_per_floor":["M","M","?","?","M","E","$","M","T","M","M","R","E","M","R","B",null,"M","$","?","M","?"],"character_chosen":"IRONCLAD","items_purchased":["Vajra","Blind","Spot Weakness"],"campfire_rested":2,"item_purchase_floors":[7,19,19],"current_hp_per_floor":[80,78,62,62,62,34,34,24,24,22,15,39,36,31,55,29,80,48,48,48,9,0,0],"gold":109,"neow_bonus":"","is_daily":false,"chose_seed":false,"campfire_upgraded":0,"win_rate":0.0,"timestamp":1613221577,"path_taken":["M","M","?","?","M","E","?","M","T","M","M","R","E","?","R","BOSS","M","$","?","M","?"],"items_purchased_type":["Relic","Card","Card"],"build_version":"2020-12-22","purchased_purges":0,"victory":false,"max_hp_per_floor":[80,80,80,80,80,80,80,80,80,80,80,80,80,80,80,80,80,80,80,80,80,85,85],"card_choices":[{"not_picked":["Pommel Strike","Warcry"],"picked":"Spot Weakness","floor":1},{"not_picked":["Sword Boomerang","Heavy Blade"],"picked":"Rampage","floor":2},{"not_picked":["Havoc","Reckless Charge"],"picked":"Hemokinesis","floor":5},{"not_picked":["Headbutt","Double Tap"],"picked":"Battle Trance","floor":6},{"not_picked":["Entrench","Wild Strike"],"picked":"Pommel Strike","floor":8},{"not_picked":["Headbutt","Dark Embrace"],"picked":"Pommel Strike","floor":10},{"not_picked":["Flame Barrier","Sword Boomerang"],"picked":"Cleave","floor":11},{"not_picked":["Immolate","Headbutt"],"picked":"Clothesline","floor":13},{"not_picked":["Cleave","Body Slam"],"picked":"Perfected Strike","floor":14},{"not_picked":["Brutality","Barricade"],"picked":"Juggernaut","floor":16},{"not_picked":["Perfected Strike","Sever Soul"],"picked":"Clash+1","floor":18},{"not_picked":["Armaments","True Grit"],"picked":"Clothesline+1","floor":21}],"player_experience":37383,"relics_obtained":[{"floor":6,"key":"Letter Opener"},{"floor":9,"key":"Pen Nib"},{"floor":13,"key":"Nunchaku"}],"event_choices":[{"damage_healed":78,"gold_gain":0,"player_choice":"Upgrade","damage_taken":16,"max_hp_gain":0,"max_hp_loss":80,"event_name":"betterThird:BetterShining","floor":3,"gold_loss":0,"cards_upgraded":["Bash","Defend_R"]},{"damage_healed":0,"gold_gain":0,"player_choice":"Ignored","damage_taken":0,"max_hp_gain":0,"max_hp_loss":0,"event_name":"Golden Idol","floor":4,"gold_loss":0},{"damage_healed":0,"gold_gain":0,"player_choice":"Take","damage_taken":0,"max_hp_gain":0,"max_hp_loss":0,"event_name":"betterNote:BetterNote","floor":20,"gold_loss":0,"cards_obtained":["Wild Strike"]}],"is_beta":false,"boss_relics":[{"not_picked":["SlaversCollar","Runic Cube"],"picked":"Black Star"}],"items_purged_floors":[],"is_endless":false,"potions_floor_spawned":[5,8,10,11,13,18],"ascension_level":1}}