{"host":"6azrrw3tf7wb0f4b","time":1613217838,"event":{"mods":["BaseMod","DeckTracker","Minty Spire (QoL Compilation)","SuperFastMode"],"gold_per_floor":[115,115,115,126,46,60,76,91,115,115,125,144,144,159,159,256,256,289,289,308,318,20,20,55,55,55,73,51,67,95,109,109,210,210,220,145,161,178,78,408,423,473,473,473,504,504,521,554,554,554,554,554,45,73,73],"floor_reached":56,"language":"KOR","playtime":3967,"items_purged":["Study","EmptyFist","Tantrum+1"],"score":1423,"play_id":"bfb57ff8-62bd-4b0c-b23a-fa523da75835","local_time":"20210213210358","is_ascension_mode":false,"campfire_choices":[{"data":"Eruption","floor":10.0,"key":"SMITH"},{"data":"Adaptation","floor":13.0,"key":"SMITH"},{"data":"Tantrum","floor":15.0,"key":"SMITH"},{"data":"MentalFortress","floor":23.0,"key":"SMITH"},{"data":"LessonLearned","floor":25.0,"key":"SMITH"},{"floor":32.0,"key":"REST"},{"floor":44.0,"key":"RECALL"},{"data":"Finesse","floor":49.0,"key":"SMITH"}],"circlet_count":0,"master_deck":["Eruption+1","Vigilance+1","SashWhip+1","Adaptation+1","EmptyBody+1","FearNoEvil+1","LessonLearned+1","TalkToTheHand+1","Consecrate+1","ClearTheMind+1","Tantrum+1","Vault+1","MentalFortress+1","Halt+1","Finesse+1","Meditate"],"relics":["PureWater","NeowsBlessing","Vajra","Pandora\u0027s Box","TeardropLocket","Happy Flower","Darkstone Periapt","Whetstone","Coffee Dripper","Old Coin","CloakClasp","Blood Vial","Strawberry","Ice Cream","Turnip"],"acts_visited":["Exordium","TheCity","TheBeyond","TheEnding"],"potions_floor_usage":[],"damage_taken":[{"damage":0.0,"enemies":"Small Slimes","floor":1.0,"turns":1.0},{"damage":0.0,"enemies":"Cultist","floor":4.0,"turns":1.0},{"damage":0.0,"enemies":"Jaw Worm","floor":6.0,"turns":1.0},{"damage":2.0,"enemies":"2 Fungi Beasts","floor":7.0,"turns":4.0},{"damage":11.0,"enemies":"Large Slime","floor":8.0,"turns":6.0},{"damage":2.0,"enemies":"Exordium Thugs","floor":11.0,"turns":3.0},{"damage":15.0,"enemies":"Exordium Wildlife","floor":12.0,"turns":4.0},{"damage":12.0,"enemies":"Gremlin Gang","floor":14.0,"turns":5.0},{"damage":27.0,"enemies":"The Guardian","floor":16.0,"turns":10.0},{"damage":6.0,"enemies":"3 Byrds","floor":18.0,"turns":4.0},{"damage":20.0,"enemies":"2 Thieves","floor":20.0,"turns":3.0},{"damage":12.0,"enemies":"Centurion and Healer","floor":21.0,"turns":3.0},{"damage":0.0,"enemies":"Gremlin Leader","floor":24.0,"turns":4.0},{"damage":0.0,"enemies":"3 Cultists","floor":27.0,"turns":4.0},{"damage":0.0,"enemies":"Chosen and Byrds","floor":29.0,"turns":2.0},{"damage":16.0,"enemies":"Slavers","floor":30.0,"turns":3.0},{"damage":16.0,"enemies":"Centurion and Healer","floor":31.0,"turns":3.0},{"damage":6.0,"enemies":"Automaton","floor":33.0,"turns":7.0},{"damage":0.0,"enemies":"3 Darklings","floor":35.0,"turns":3.0},{"damage":0.0,"enemies":"Orb Walker","floor":37.0,"turns":2.0},{"damage":15.0,"enemies":"4 Shapes","floor":38.0,"turns":4.0},{"damage":0.0,"enemies":"Giant Head","floor":40.0,"turns":5.0},{"damage":0.0,"enemies":"Transient","floor":41.0,"turns":6.0},{"damage":0.0,"enemies":"Mind Bloom Boss Battle","floor":42.0,"turns":5.0},{"damage":10.0,"enemies":"Reptomancer","floor":45.0,"turns":4.0},{"damage":0.0,"enemies":"Writhing Mass","floor":47.0,"turns":6.0},{"damage":0.0,"enemies":"Giant Head","floor":48.0,"turns":3.0},{"damage":20.0,"enemies":"Awakened One","floor":50.0,"turns":7.0},{"damage":0.0,"enemies":"Shield and Spear","floor":54.0,"turns":5.0},{"damage":13,"enemies":"The Heart","floor":55,"turns":9}],"seed_played":"-5064734920690139210","potions_obtained":[{"floor":1.0,"key":"ColorlessPotion"},{"floor":3.0,"key":"Fruit Juice"},{"floor":3.0,"key":"CultistPotion"},{"floor":3.0,"key":"SmokeBomb"},{"floor":8.0,"key":"Regen Potion"},{"floor":11.0,"key":"Energy Potion"},{"floor":16.0,"key":"BottledMiracle"},{"floor":18.0,"key":"Strength Potion"},{"floor":24.0,"key":"LiquidMemories"},{"floor":40.0,"key":"StancePotion"},{"floor":41.0,"key":"StancePotion"},{"floor":45.0,"key":"PowerPotion"}],"is_trial":false,"path_per_floor":["M","?","?","M","$","M","M","M","T","R","M","M","R","M","R","B",null,"M","?","M","M","$","R","E","R","T","M","$","M","E","M","R","B",null,"M","$","M","M","$","E","M","?","T","R","E","?","M","E","R","B",null,"R","$","E","B",null],"character_chosen":"WATCHER","items_purchased":["Adaptation","MentalFortress","TeardropLocket","Halt","Ice Cream","PowerPotion","FearPotion"],"campfire_rested":1,"item_purchase_floors":[5,22,22,28,53,53,53],"current_hp_per_floor":[72,65,70,70,70,70,68,57,57,57,55,40,40,42,42,15,77,71,71,51,39,39,39,39,39,39,39,39,39,23,7,30,24,77,77,77,77,62,62,62,62,62,62,62,52,47,49,58,58,40,84,84,84,84,71],"gold":73,"neow_bonus":"THREE_ENEMY_KILL","is_daily":false,"chose_seed":false,"campfire_upgraded":6,"win_rate":0.0,"timestamp":1613217838,"path_taken":["M","?","?","M","$","M","M","?","T","R","M","M","R","M","R","BOSS","M","?","M","M","$","R","E","R","T","M","$","M","E","M","R","BOSS","M","$","M","M","$","E","M","?","T","R","E","?","?","E","R","BOSS","R","$","E","BOSS"],"items_purchased_type":["Card","Card","Relic","Card","Relic","Potion","Potion"],"build_version":"2020-12-22","purchased_purges":3,"victory":true,"max_hp_per_floor":[72,72,77,77,77,77,77,77,77,77,77,77,77,77,77,77,77,77,77,77,77,77,77,77,77,77,77,77,77,77,77,77,77,77,77,77,77,77,77,77,77,77,77,77,77,77,77,84,84,84,84,84,84,84,84],"card_choices":[{"not_picked":["DeceiveReality","EmptyFist"],"picked":"SashWhip","floor":1.0},{"not_picked":["SignatureMove","CutThroughFate","BowlingBash"],"picked":"SKIP","floor":4.0},{"not_picked":["Perseverance","ThirdEye"],"picked":"EmptyBody","floor":6.0},{"not_picked":["CrushJoints","FollowUp"],"picked":"FearNoEvil","floor":7.0},{"not_picked":["Prostrate","EmptyFist","Omniscience"],"picked":"SKIP","floor":8.0},{"not_picked":["Fasting2","SignatureMove"],"picked":"Tantrum","floor":11.0},{"not_picked":["BowlingBash","Evaluate","WreathOfFlame"],"picked":"SKIP","floor":12.0},{"not_picked":["WreathOfFlame","Wireheading","EmptyBody"],"picked":"SKIP","floor":14.0},{"not_picked":["Wish","DevaForm"],"picked":"LessonLearned","floor":16.0},{"not_picked":["LikeWater","CutThroughFate+1","ThirdEye"],"picked":"SKIP","floor":18.0},{"not_picked":["Perseverance","BowlingBash","SashWhip"],"picked":"SKIP","floor":20.0},{"not_picked":["Perseverance+1","Study","Protect"],"picked":"SKIP","floor":21.0},{"not_picked":["Conclude","FollowUp","Judgement"],"picked":"SKIP","floor":24.0},{"not_picked":["FlyingSleeves","LikeWater","BowlingBash"],"picked":"SKIP","floor":27.0},{"not_picked":["JustLucky","FlurryOfBlows+1","BowlingBash"],"picked":"SKIP","floor":29.0},{"not_picked":["Prostrate","Protect","WindmillStrike"],"picked":"SKIP","floor":30.0},{"not_picked":["Halt","Meditate","JustLucky+1"],"picked":"SKIP","floor":31.0},{"not_picked":["Pray","CrushJoints+1","Evaluate+1"],"picked":"SKIP","floor":35.0},{"not_picked":["Crescendo","Pray","FollowUp"],"picked":"SKIP","floor":37.0},{"not_picked":["Pray+1","SashWhip+1","BowlingBash+1"],"picked":"SKIP","floor":38.0},{"not_picked":["Swivel","FlurryOfBlows+1","MasterReality"],"picked":"SKIP","floor":40.0},{"not_picked":["Crescendo","Worship","JustLucky"],"picked":"SKIP","floor":41.0},{"not_picked":["JustLucky","Collect","Halt+1"],"picked":"SKIP","floor":45.0},{"not_picked":["Secret Weapon","Dark Shackles"],"picked":"Finesse","floor":46.0},{"not_picked":["InnerPeace","EmptyBody","Fasting2"],"picked":"SKIP","floor":47.0},{"not_picked":["Perseverance","SignatureMove","DeceiveReality+1"],"picked":"SKIP","floor":48.0},{"not_picked":["Crescendo","Indignation"],"picked":"Meditate","floor":54.0}],"player_experience":785383,"relics_obtained":[{"floor":9.0,"key":"Vajra"},{"floor":24.0,"key":"Happy Flower"},{"floor":26.0,"key":"Darkstone Periapt"},{"floor":30.0,"key":"Whetstone"},{"floor":40.0,"key":"Old Coin"},{"floor":42.0,"key":"CloakClasp"},{"floor":45.0,"key":"Blood Vial"},{"floor":48.0,"key":"Strawberry"},{"floor":54.0,"key":"Turnip"}],"event_choices":[{"cards_removed":["Strike_P"],"damage_healed":0.0,"max_hp_gain":0.0,"max_hp_loss":0.0,"gold_gain":0.0,"event_name":"Golden Wing","player_choice":"Card Removal","floor":2.0,"gold_loss":0.0,"damage_taken":7.0},{"damage_healed":0.0,"max_hp_gain":0.0,"max_hp_loss":0.0,"gold_gain":0.0,"event_name":"Lab","player_choice":"Got Potions","floor":3.0,"gold_loss":0.0,"damage_taken":0.0},{"damage_healed":0.0,"max_hp_gain":0.0,"max_hp_loss":0.0,"gold_gain":0.0,"cards_transformed":["Fasting2","ForeignInfluence"],"event_name":"Drug Dealer","player_choice":"Became Test Subject","floor":19.0,"gold_loss":0.0,"damage_taken":0.0,"cards_obtained":["Tantrum","Vault"]},{"damage_healed":0.0,"max_hp_gain":0.0,"max_hp_loss":0.0,"gold_gain":0.0,"event_name":"MindBloom","player_choice":"Fight","floor":42.0,"gold_loss":0.0,"damage_taken":0.0},{"damage_healed":0.0,"max_hp_gain":0.0,"max_hp_loss":0.0,"gold_gain":0.0,"event_name":"SensoryStone","player_choice":"Memory 2","floor":46.0,"gold_loss":0.0,"damage_taken":5.0}],"is_beta":false,"boss_relics":[{"not_picked":["SacredBark","Runic Dome"],"picked":"Pandora\u0027s Box"},{"not_picked":["Velvet Choker","Snecko Eye"],"picked":"Coffee Dripper"}],"items_purged_floors":[36,39,53],"is_endless":false,"potions_floor_spawned":[1,4,8,11,16,18,21,24,29,40,41,45],"ascension_level":0}}