{"host":"6jrnojxwearbrjzo","time":1613227072,"event":{"mods":["BaseMod","Conspire","Minty Spire (QoL Compilation)","MostiFishMod","Quick Restart","Random Character Button","Spicy Shops","StSLib","The Servant 0.9.4","[功能]功能增强和修复MOD","篝火指南"],"gold_per_floor":[110,122,140,2,14,42,55,83,83,102,119,1,30,30,0,97,97,109,49,68,-1342,-1342,-1342,-1316,-1316,-1234,-1205,-1205,-1170,-1156,-1156,-1156,-1053,-1053,-1053,-1053],"floor_reached":35,"language":"ZHS","playtime":1288,"items_purged":["Defend_R","Strike_R","Strike_R","Strike_R","Defend_R","Defend_R","Defend_R","Strike_R","Bash","Strike_R","conspire:Charge","Uppercut","Body Slam","Exhume","Burning Pact","Double Tap","Shrug It Off","MostiFishMod:JungleRules+1"],"score":925,"play_id":"9accfe90-2073-4302-9978-59d5e6cc0fdc","local_time":"20210213223752","is_ascension_mode":true,"campfire_choices":[{"data":"MostiFishMod:404NotFound","floor":23,"key":"SMITH"},{"floor":25,"key":"RECALL"},{"floor":32,"key":"REST"}],"circlet_count":0,"master_deck":["MostiFishMod:SephirahHod+1","MostiFishMod:404NotFound+1","MostiFishMod:CullingBlade+1"],"relics":["DaveBox","MostiFishMod:Hod","GuanYuAspect","SynthV:TestCard","Membership Card","Dead Branch","Lee\u0027s Waffle","Pantograph","Dream Catcher","Self Forming Clay","Nunchaku","Technique","Omamori","FossilizedHelix","Mummified Hand","OrangePellets","Odd Mushroom","conspire:DeflatedDodgeball","DiscerningMonocle","Vajra","Busted Crown","Strange Spoon","Tiny Chest","Molten Egg 2","Ancient Tea Set","conspire:Flyswatter","Juzu Bracelet","Art of War","InkBottle","Blood Vial","TheAbacus","SynthV:MejaisSoulstealer","Toy Ornithopter","Shuriken","Bottled Flame","Lantern","JellyFishMachine"],"acts_visited":["TheCity","TheBeyond"],"potions_floor_usage":[5,6,7,8,8,8,11,11,13,18,18,20,24,33,35],"damage_taken":[{"damage":0,"enemies":"Cultist","floor":1,"turns":3},{"damage":0,"enemies":"Jaw Worm","floor":2,"turns":1},{"damage":2,"enemies":"conspire:RoseBush","floor":3,"turns":2},{"damage":6,"enemies":"Gremlin Gang","floor":5,"turns":3},{"damage":0,"enemies":"Gremlin Nob","floor":6,"turns":2},{"damage":0,"enemies":"Blue Slaver","floor":7,"turns":2},{"damage":0,"enemies":"3 Sentries","floor":8,"turns":4},{"damage":0,"enemies":"Exordium Wildlife","floor":10,"turns":2},{"damage":0,"enemies":"Exordium Thugs","floor":11,"turns":2},{"damage":0,"enemies":"The Mushroom Lair","floor":13,"turns":2},{"damage":20,"enemies":"Hexaghost","floor":16,"turns":3},{"damage":0,"enemies":"3 Byrds","floor":18,"turns":3},{"damage":0,"enemies":"conspire:FuzzyDice","floor":20,"turns":2},{"damage":0,"enemies":"conspire:SneckoGhost","floor":24,"turns":2},{"damage":0,"enemies":"Slavers","floor":27,"turns":1},{"damage":0,"enemies":"Gremlin Leader","floor":29,"turns":1},{"damage":0,"enemies":"Sentry and Sphere","floor":30,"turns":1},{"damage":0,"enemies":"conspire:MysteriousRune","floor":33,"turns":1},{"damage":64,"enemies":"Orb Walker","floor":35,"turns":6}],"seed_played":"-2854751541066833294","potions_obtained":[{"floor":1,"key":"DuplicationPotion"},{"floor":2,"key":"Dexterity Potion"},{"floor":3,"key":"PowerPotion"},{"floor":5,"key":"SkillPotion"},{"floor":6,"key":"SteroidPotion"},{"floor":7,"key":"SpeedPotion"},{"floor":8,"key":"EssenceOfSteel"},{"floor":8,"key":"Energy Potion"},{"floor":11,"key":"Explosive Potion"},{"floor":13,"key":"Fire Potion"},{"floor":18,"key":"Energy Potion"},{"floor":20,"key":"FearPotion"},{"floor":20,"key":"LiquidMemories"},{"floor":24,"key":"PowerPotion"},{"floor":33,"key":"BlessingOfTheForge"}],"is_trial":false,"path_per_floor":["M","M","M","$","M","E","M","E","T","M","M","$","?","T","R","B",null,"M","$","M","$","?","R","E","R","T","E","?","E","M","?","R","B",null,"M"],"character_chosen":"IRONCLAD","items_purchased":["Membership Card","Dead Branch","MostiFishMod:JungleRules","Lee\u0027s Waffle","Pantograph","Dream Catcher","Technique","Omamori","FossilizedHelix","Burning Pact","LiquidMemories","Mummified Hand","OrangePellets","DiscerningMonocle","Vajra","Strange Spoon","Tiny Chest","Molten Egg 2","Ancient Tea Set","conspire:Flyswatter","Juzu Bracelet","Art of War","InkBottle","Blood Vial","TheAbacus","SynthV:MejaisSoulstealer"],"campfire_rested":1,"item_purchase_floors":[4,4,4,4,4,4,12,12,12,12,12,12,12,15,15,19,19,19,19,19,21,21,21,21,21,21],"current_hp_per_floor":[40,40,39,47,47,47,47,47,47,47,47,47,47,47,47,33,39,47,47,47,47,47,47,47,47,47,47,47,47,47,38,46,51,52,0,0],"gold":-1053,"neow_bonus":"BOSS_RELIC","is_daily":false,"chose_seed":false,"campfire_upgraded":1,"win_rate":0.0,"timestamp":1613227072,"path_taken":["M","M","M","$","M","E","M","E","T","M","M","$","?","?","R","BOSS","M","$","M","$","?","R","E","R","T","E","?","E","M","?","R","BOSS","M"],"items_purchased_type":["Relic","Relic","Card","Relic","Relic","Relic","Relic","Relic","Relic","Card","Potion","Relic","Relic","Relic","Relic","Relic","Relic","Relic","Relic","Relic","Relic","Relic","Relic","Relic","Relic","Relic"],"build_version":"2020-12-22","purchased_purges":18,"victory":false,"max_hp_per_floor":[40,40,40,47,47,47,47,47,47,47,47,47,47,47,47,47,47,47,47,47,47,47,47,47,47,47,47,47,47,47,52,52,52,52,52,52],"card_choices":[{"not_picked":["Metallicize","Second Wind"],"picked":"Uppercut","floor":1},{"not_picked":["Uppercut","Hemokinesis","Metallicize","Iron Wave","Dual Wield"],"picked":"SKIP","floor":2},{"not_picked":["Thunderclap","Second Wind","Sever Soul","Clothesline"],"picked":"conspire:Charge","floor":3},{"not_picked":["Warcry","Blood for Blood","Impervious","Clash"],"picked":"Shrug It Off","floor":5},{"not_picked":["Twin Strike","Cleave","Dark Embrace","Disarm"],"picked":"Body Slam","floor":6},{"not_picked":["Clash","Headbutt","True Grit","Pommel Strike"],"picked":"Exhume","floor":7},{"not_picked":["Clothesline","conspire:Charge","Shockwave","Intimidate","Combust"],"picked":"SKIP","floor":8},{"not_picked":["Cleave","Blood for Blood","Battle Trance","Body Slam","Dual Wield"],"picked":"SKIP","floor":10},{"not_picked":["Disarm","Heavy Blade","Rage","Clothesline"],"picked":"Double Tap","floor":11},{"not_picked":["Demon Form","MostiFishMod:HellRitual","Exhume","Barricade"],"picked":"MostiFishMod:404NotFound","floor":16},{"not_picked":["Perfected Strike","Clothesline","Metallicize"],"picked":"SKIP","floor":18},{"not_picked":["Cleave+1","Heavy Blade+1","Fire Breathing"],"picked":"SKIP","floor":20},{"not_picked":["Armaments","Juggernaut","Carnage+1"],"picked":"SKIP","floor":24},{"not_picked":["Intimidate","Reckless Charge+1","Rupture"],"picked":"SKIP","floor":27},{"not_picked":["Twin Strike+1","Clothesline+1","True Grit"],"picked":"SKIP","floor":29},{"not_picked":["Pommel Strike+1","Disarm","Fiend Fire+1"],"picked":"SKIP","floor":30},{"not_picked":["Brutality","MostiFishMod:FireWorks"],"picked":"MostiFishMod:CullingBlade+1","floor":33}],"player_experience":130746,"relics_obtained":[{"floor":1,"key":"SynthV:TestCard"},{"floor":6,"key":"Self Forming Clay"},{"floor":8,"key":"Nunchaku"},{"floor":13,"key":"Odd Mushroom"},{"floor":14,"key":"conspire:DeflatedDodgeball"},{"floor":24,"key":"Toy Ornithopter"},{"floor":26,"key":"Shuriken"},{"floor":27,"key":"Bottled Flame"},{"floor":29,"key":"Lantern"}],"event_choices":[{"damage_healed":0,"gold_gain":0,"player_choice":"Fought Mushrooms","damage_taken":0,"max_hp_gain":0,"max_hp_loss":0,"event_name":"Mushrooms","floor":13,"gold_loss":0},{"damage_healed":0,"gold_gain":0,"player_choice":"Ignored","damage_taken":0,"max_hp_gain":0,"max_hp_loss":0,"event_name":"Cursed Tome","floor":22,"gold_loss":0},{"damage_healed":0,"gold_gain":0,"player_choice":"Ignored","damage_taken":0,"max_hp_gain":0,"max_hp_loss":0,"event_name":"Accursed Blacksmith","floor":28,"gold_loss":0},{"damage_healed":0,"gold_gain":0,"player_choice":"Shed Blood","damage_taken":12,"max_hp_gain":5,"max_hp_loss":0,"event_name":"Forgotten Altar","floor":31,"gold_loss":0}],"is_beta":false,"boss_relics":[{"not_picked":["MoonlightInvasionPlan","conspire:SpecialSausage"],"picked":"Busted Crown"},{"not_picked":["Sozu","SlaversCollar"],"picked":"JellyFishMachine"}],"items_purged_floors":[4,12,19,19,19,19,19,19,19,19,19,19,19,19,19,21,21,21],"is_endless":false,"potions_floor_spawned":[1,2,3,3,5,6,7,8,8,11,13,18,20,20,24,24,27,27,29,29,30,33],"killed_by":"Orb Walker","ascension_level":8}}