{"host":"nb3r5a3er9rrnn3n","time":1613205477,"event":{"mods":["BaseMod","Colored Map","Minty Spire (QoL Compilation)","Relic Stats","StSLib"],"gold_per_floor":[18,35,48,48,62,87,37,37,62,16,35,65,65,65,65,168,168,182,182,202,18,18,18,50,50,75,105,120,140,169,709,709,807,807,825,843,862,493,503,547,547,572,572,607,630,654,681,681,681,681,681,681,57,97,97],"floor_reached":56,"language":"ENG","playtime":5744,"items_purged":["Strike_R","Strike_R"],"score":1537,"play_id":"b91d634f-18d4-40a2-9b3c-bd83c97ec106","local_time":"20210213193757","is_ascension_mode":true,"campfire_choices":[{"data":"Bash","floor":8,"key":"SMITH"},{"data":"Fire Breathing","floor":13,"key":"SMITH"},{"data":"True Grit","floor":15,"key":"SMITH"},{"data":"Immolate","floor":23,"key":"SMITH"},{"floor":32,"key":"REST"},{"data":"Corruption","floor":41,"key":"SMITH"},{"floor":49,"key":"RECALL"},{"data":"Dark Embrace","floor":52,"key":"SMITH"}],"circlet_count":0,"master_deck":["Strike_R","Defend_R","Defend_R","Defend_R","Defend_R","Bash+1","Fire Breathing+1","Power Through+1","Sword Boomerang","Anger","Spot Weakness+1","True Grit+1","Thunderclap","Immolate+1","Shockwave+1","Evolve","Warcry+1","Dark Embrace+1","Second Wind","Disarm","Ghostly","Ghostly","Ghostly","Ghostly","Ghostly","Headbutt","J.A.X.","Pummel","Wild Strike+1","Shrug It Off","Corruption+1","Shrug It Off+1","Impervious","Warcry+1","Barricade","True Grit+1","Impervious","Disarm","Evolve+1","Twin Strike+1","Corruption"],"relics":["Burning Blood","TungstenRod","War Paint","Centennial Puzzle","PreservedInsect","Black Star","Toy Ornithopter","Bottled Lightning","Regal Pillow","Ornamental Fan","Darkstone Periapt","Pear","Cursed Key","Omamori","Orichalcum","CeramicFish","Mercury Hourglass","StoneCalendar","Molten Egg 2","Red Skull","Akabeko","Brimstone","Lantern","HornCleat","Bag of Preparation"],"acts_visited":["Exordium","TheCity","TheBeyond","TheEnding"],"potions_floor_usage":[11,18,20,38,42,46,47,47,54,55],"damage_taken":[{"damage":0,"enemies":"2 Louse","floor":1,"turns":2},{"damage":0,"enemies":"Jaw Worm","floor":2,"turns":3},{"damage":0,"enemies":"Cultist","floor":3,"turns":4},{"damage":3,"enemies":"3 Louse","floor":5,"turns":4},{"damage":13,"enemies":"3 Sentries","floor":6,"turns":7},{"damage":0,"enemies":"2 Fungi Beasts","floor":11,"turns":3},{"damage":18,"enemies":"Lagavulin","floor":12,"turns":7},{"damage":6,"enemies":"Slime Boss","floor":16,"turns":6},{"damage":8,"enemies":"3 Byrds","floor":18,"turns":4},{"damage":30,"enemies":"Spheric Guardian","floor":20,"turns":7},{"damage":6,"enemies":"Book of Stabbing","floor":24,"turns":6},{"damage":0,"enemies":"Slavers","floor":27,"turns":4},{"damage":4,"enemies":"Chosen and Byrds","floor":28,"turns":5},{"damage":4,"enemies":"Cultist and Chosen","floor":29,"turns":5},{"damage":4,"enemies":"Book of Stabbing","floor":30,"turns":4},{"damage":8,"enemies":"Champ","floor":33,"turns":16},{"damage":4,"enemies":"3 Shapes","floor":35,"turns":1},{"damage":4,"enemies":"Orb Walker","floor":36,"turns":5},{"damage":6,"enemies":"Spire Growth","floor":37,"turns":7},{"damage":2,"enemies":"Sphere and 2 Shapes","floor":39,"turns":6},{"damage":2,"enemies":"Giant Head","floor":40,"turns":6},{"damage":17,"enemies":"Reptomancer","floor":42,"turns":5},{"damage":16,"enemies":"Nemesis","floor":44,"turns":7},{"damage":18,"enemies":"Jaw Worm Horde","floor":45,"turns":2},{"damage":6,"enemies":"3 Darklings","floor":46,"turns":3},{"damage":2,"enemies":"4 Shapes","floor":47,"turns":7},{"damage":9,"enemies":"Awakened One","floor":50,"turns":10},{"damage":21,"enemies":"Shield and Spear","floor":54,"turns":4},{"damage":65,"enemies":"The Heart","floor":55,"turns":9}],"seed_played":"1149529732879385967","potions_obtained":[{"floor":1,"key":"Block Potion"},{"floor":5,"key":"Explosive Potion"},{"floor":6,"key":"BlessingOfTheForge"},{"floor":11,"key":"ColorlessPotion"},{"floor":27,"key":"Dexterity Potion"},{"floor":28,"key":"SteroidPotion"},{"floor":36,"key":"Fruit Juice"},{"floor":44,"key":"FearPotion"},{"floor":46,"key":"Block Potion"}],"is_trial":false,"path_per_floor":["M","M","M","?","M","E","?","R","T","$","M","E","R","?","R","B",null,"M","?","M","$","?","R","E","?","T","E","M","M","E","?","R","B",null,"M","M","M","$","M","E","R","E","T","E","M","M","M","?","R","B",null,"R","$","E","B",null],"character_chosen":"IRONCLAD","items_purchased":["True Grit","Dark Embrace","Second Wind","Disarm","Omamori","Impervious","LiquidMemories","Brimstone","Lantern","LiquidBronze","FairyPotion","Twin Strike+1"],"campfire_rested":1,"item_purchase_floors":[10,21,21,21,38,38,38,53,53,53,53,53],"current_hp_per_floor":[80,80,80,85,85,78,78,78,78,78,84,72,72,66,66,66,85,83,83,59,59,42,42,42,42,42,42,42,42,52,2,32,30,52,52,52,52,57,57,57,57,51,51,41,29,34,48,57,57,54,57,57,57,47,23],"gold":97,"neow_bonus":"ONE_RARE_RELIC","is_daily":false,"chose_seed":false,"campfire_upgraded":6,"win_rate":0.0,"timestamp":1613205477,"path_taken":["M","M","M","?","M","E","?","R","T","?","?","E","R","?","R","BOSS","M","?","M","$","?","R","E","?","T","E","?","M","E","?","R","BOSS","M","M","M","$","M","E","R","E","T","E","?","M","M","?","R","BOSS","R","$","E","BOSS"],"items_purchased_type":["Card","Card","Card","Card","Relic","Card","Potion","Relic","Relic","Potion","Potion","Card"],"build_version":"2020-12-22","purchased_purges":2,"victory":true,"max_hp_per_floor":[80,80,80,85,85,85,85,85,85,85,85,85,85,85,85,85,85,85,85,85,85,42,42,42,42,42,42,42,42,52,52,52,52,52,52,52,52,57,57,57,57,57,57,57,57,57,57,57,57,57,57,57,57,57,57],"relic_stats":{"Darkstone Periapt":0,"Regal Pillow":15,"counters":[29,159],"CeramicFish":63,"StoneCalendar":[16],"PreservedInsect":421,"Bag of Preparation":[2],"War Paint":["Spot Weakness","Power Through"],"Orichalcum":[66],"Cursed Key":1,"Burning Blood":129,"Mercury Hourglass":[187],"Centennial Puzzle":[66],"Ornamental Fan":[52],"Black Star":7,"obtain_stats":[{"Darkstone Periapt":30,"Regal Pillow":27,"Lantern":53,"CeramicFish":40,"StoneCalendar":42,"Bag of Preparation":54,"Cursed Key":34,"Burning Blood":0,"Centennial Puzzle":9,"HornCleat":54,"Red Skull":44,"Pear":30,"PreservedInsect":12,"Omamori":38,"War Paint":6,"Orichalcum":40,"Akabeko":44,"Mercury Hourglass":42,"Ornamental Fan":27,"Brimstone":53,"Molten Egg 2":43,"Black Star":17,"Bottled Lightning":24,"TungstenRod":0,"Toy Ornithopter":24},{"Darkstone Periapt":15,"Regal Pillow":12,"Lantern":27,"CeramicFish":21,"StoneCalendar":22,"Bag of Preparation":28,"Cursed Key":16,"Burning Blood":0,"Centennial Puzzle":5,"HornCleat":28,"Red Skull":23,"Pear":15,"PreservedInsect":7,"Omamori":19,"War Paint":5,"Orichalcum":21,"Akabeko":23,"Mercury Hourglass":22,"Ornamental Fan":12,"Brimstone":27,"Molten Egg 2":22,"Black Star":8,"Bottled Lightning":11,"TungstenRod":0,"Toy Ornithopter":11},{"Darkstone Periapt":71,"Regal Pillow":57,"Lantern":146,"CeramicFish":112,"StoneCalendar":117,"Bag of Preparation":150,"Cursed Key":87,"Burning Blood":0,"Centennial Puzzle":20,"HornCleat":150,"Red Skull":124,"Pear":71,"PreservedInsect":30,"Omamori":100,"War Paint":20,"Orichalcum":112,"Akabeko":124,"Mercury Hourglass":117,"Ornamental Fan":57,"Brimstone":146,"Molten Egg 2":117,"Black Star":36,"Bottled Lightning":53,"TungstenRod":0,"Toy Ornithopter":53}],"TungstenRod":128,"Toy Ornithopter":30},"card_choices":[{"not_picked":["Anger","True Grit"],"picked":"Fire Breathing","floor":1},{"not_picked":["Clash","Sentinel"],"picked":"Power Through","floor":2},{"not_picked":["Intimidate","Entrench"],"picked":"Sword Boomerang","floor":3},{"not_picked":["Warcry","Iron Wave"],"picked":"Anger","floor":5},{"not_picked":["Sentinel","Double Tap"],"picked":"Spot Weakness","floor":6},{"not_picked":["Perfected Strike","Rage","Pommel Strike"],"picked":"SKIP","floor":11},{"not_picked":["Sever Soul","Metallicize"],"picked":"Thunderclap","floor":12},{"not_picked":["Fiend Fire","Barricade"],"picked":"Immolate","floor":16},{"not_picked":["Bloodletting","Havoc"],"picked":"Shockwave+1","floor":18},{"not_picked":["Feel No Pain","Iron Wave"],"picked":"Warcry+1","floor":20},{"not_picked":["Clothesline","Rampage+1"],"picked":"Headbutt","floor":24},{"not_picked":["Sever Soul+1","Thunderclap+1"],"picked":"Pummel","floor":27},{"not_picked":["Entrench","Thunderclap+1","Pummel"],"picked":"SKIP","floor":28},{"not_picked":["Perfected Strike","Shrug It Off"],"picked":"Wild Strike+1","floor":29},{"not_picked":["Rage","Wild Strike"],"picked":"Shrug It Off","floor":30},{"not_picked":["Barricade","Exhume"],"picked":"Corruption","floor":33},{"not_picked":["Clothesline","Wild Strike"],"picked":"Shrug It Off+1","floor":35},{"not_picked":["Seeing Red","Twin Strike","Headbutt"],"picked":"SKIP","floor":36},{"not_picked":["Ghostly Armor+1","Heavy Blade","Cleave+1"],"picked":"SKIP","floor":37},{"not_picked":["Cleave","Thunderclap+1"],"picked":"Warcry+1","floor":39},{"not_picked":["Metallicize+1","Thunderclap+1"],"picked":"Barricade","floor":40},{"not_picked":["Infernal Blade","Body Slam+1","Flex"],"picked":"SKIP","floor":42},{"not_picked":["Clothesline+1","Body Slam+1"],"picked":"True Grit+1","floor":44},{"not_picked":["Dual Wield","Intimidate+1"],"picked":"Impervious","floor":45},{"not_picked":["Armaments","Reckless Charge+1"],"picked":"Disarm","floor":46},{"not_picked":["Shrug It Off+1","Headbutt+1"],"picked":"Evolve+1","floor":47},{"not_picked":["Sword Boomerang+1","Armaments+1"],"picked":"Corruption","floor":54}],"player_experience":1648605,"relics_obtained":[{"floor":6,"key":"War Paint"},{"floor":9,"key":"Centennial Puzzle"},{"floor":12,"key":"PreservedInsect"},{"floor":24,"key":"Toy Ornithopter"},{"floor":24,"key":"Bottled Lightning"},{"floor":27,"key":"Regal Pillow"},{"floor":27,"key":"Ornamental Fan"},{"floor":30,"key":"Darkstone Periapt"},{"floor":30,"key":"Pear"},{"floor":40,"key":"Orichalcum"},{"floor":40,"key":"CeramicFish"},{"floor":42,"key":"Mercury Hourglass"},{"floor":42,"key":"StoneCalendar"},{"floor":43,"key":"Molten Egg 2"},{"floor":44,"key":"Red Skull"},{"floor":44,"key":"Akabeko"},{"floor":54,"key":"HornCleat"},{"floor":54,"key":"Bag of Preparation"}],"event_choices":[{"damage_healed":0,"gold_gain":0,"player_choice":"Donut","damage_taken":0,"max_hp_gain":5,"max_hp_loss":0,"event_name":"Big Fish","floor":4,"gold_loss":0},{"cards_removed":["Strike_R"],"damage_healed":0,"gold_gain":0,"player_choice":"Card Removal","damage_taken":0,"max_hp_gain":0,"max_hp_loss":0,"event_name":"The Cleric","floor":7,"gold_loss":50},{"cards_removed":["Strike_R"],"damage_healed":0,"gold_gain":0,"player_choice":"Card Removal","damage_taken":7,"max_hp_gain":0,"max_hp_loss":0,"event_name":"Golden Wing","floor":14,"gold_loss":0},{"damage_healed":0,"gold_gain":0,"player_choice":"Read","damage_taken":0,"max_hp_gain":0,"max_hp_loss":0,"event_name":"The Library","floor":19,"gold_loss":0,"cards_obtained":["Evolve"]},{"damage_healed":0,"gold_gain":0,"player_choice":"Became a Ghost","damage_taken":0,"max_hp_gain":0,"max_hp_loss":43,"event_name":"Ghosts","floor":22,"gold_loss":0,"cards_obtained":["Ghostly","Ghostly","Ghostly","Ghostly","Ghostly"]},{"damage_healed":0,"gold_gain":0,"player_choice":"Obtain J.A.X.","damage_taken":0,"max_hp_gain":0,"max_hp_loss":0,"event_name":"Drug Dealer","floor":25,"gold_loss":0,"cards_obtained":["J.A.X."]},{"damage_healed":0,"gold_gain":540,"player_choice":"GOLD GOLD GOLD GOLD GOLD GOLD ","damage_taken":57,"max_hp_gain":0,"max_hp_loss":0,"event_name":"Knowing Skull","floor":31,"potions_obtained":[],"gold_loss":0,"cards_obtained":[]},{"damage_healed":14,"gold_gain":0,"player_choice":"Writhe","damage_taken":0,"max_hp_gain":0,"max_hp_loss":0,"event_name":"Winding Halls","floor":48,"gold_loss":0,"cards_obtained":["Writhe"]}],"is_beta":false,"boss_relics":[{"not_picked":["Mark of Pain","Black Blood"],"picked":"Black Star"},{"not_picked":["Astrolabe","Sozu"],"picked":"Cursed Key"}],"items_purged_floors":[38,53],"is_endless":false,"potions_floor_spawned":[1,5,6,11,27,28,30,33,35,36,44,46],"ascension_level":1}}