{"host":"yecadp3kwkksam5a","time":1613232565,"event":{"mods":["BaseMod","Koishi","Minty Spire (QoL Compilation)","StSLib","SuperFastMode","The Bug Knight","The Cursed"],"gold_per_floor":[118,138,138,148,158,158,158,158],"floor_reached":7,"language":"KOR","playtime":379,"items_purged":[],"score":43,"play_id":"9f8483e6-642b-40bf-adda-ae10b3937c9d","local_time":"20210214010925","is_ascension_mode":false,"campfire_choices":[{"data":"Koishi:HauntingSlash","floor":6,"key":"SMITH"}],"circlet_count":0,"master_deck":["Koishi:BasicStrike","Koishi:BasicStrike","Koishi:BasicStrike","Koishi:BasicStrike","Koishi:BasicDefend","Koishi:BasicDefend","Koishi:BasicDefend","Koishi:BasicDefend","Koishi:Provoke","Koishi:HauntingSlash+1","Koishi:DreadfulBlow","Koishi:CatchAndRose"],"relics":["Koishi:ImaginaryFriend","Ornamental Fan"],"acts_visited":["Exordium"],"potions_floor_usage":[7],"damage_taken":[{"damage":2,"enemies":"Cultist","floor":1,"turns":4},{"damage":3,"enemies":"Small Slimes","floor":2,"turns":4},{"damage":0,"enemies":"2 Louse","floor":4,"turns":2},{"damage":10,"enemies":"Exordium Thugs","floor":5,"turns":5},{"damage":32,"enemies":"3 Sentries","floor":7,"turns":9}],"seed_played":"-1647706806667992761","potions_obtained":[{"floor":1,"key":"DuplicationPotion"},{"floor":5,"key":"Explosive Potion"}],"is_trial":false,"path_per_floor":["M","M","T","M","M","R","E"],"character_chosen":"KOISHI","items_purchased":[],"campfire_rested":0,"item_purchase_floors":[],"current_hp_per_floor":[66,65,65,65,59,59,30,30],"gold":158,"neow_bonus":"TEN_PERCENT_HP_BONUS","is_daily":false,"chose_seed":false,"campfire_upgraded":1,"win_rate":0.0,"timestamp":1613232565,"path_taken":["M","M","?","M","M","R","E"],"items_purchased_type":[],"build_version":"2020-12-22","purchased_purges":0,"victory":false,"max_hp_per_floor":[66,66,66,66,66,66,66,66],"card_choices":[{"not_picked":["Koishi:IdleWhim","Koishi:SubconsciousSweep","Koishi:RacingHeart"],"picked":"SKIP","floor":1},{"not_picked":["Koishi:GhostParty","Koishi:SubterraneanRose","Koishi:DNAsFlaw"],"picked":"SKIP","floor":2},{"not_picked":["Koishi:DNAsFlaw","Koishi:HeartfeltFancy"],"picked":"Koishi:DreadfulBlow","floor":4},{"not_picked":["Koishi:Jaunt","Koishi:Bloodlust"],"picked":"Koishi:CatchAndRose","floor":5}],"player_experience":630604,"relics_obtained":[{"floor":3,"key":"Ornamental Fan"}],"event_choices":[],"is_beta":false,"boss_relics":[],"items_purged_floors":[],"is_endless":false,"potions_floor_spawned":[1,5],"killed_by":"3 Sentries","ascension_level":0}}