{"host":"pj7egx7jkoz18hom","time":1613181206,"event":{"mods":["AchievementEnabler","BaseMod","Keyboard Shortcuts","Minty Spire (QoL Compilation)","SuperFastMode"],"gold_per_floor":[116,130,146,166,178,206,206,206,206,39,39,68,68,83,83,83,83],"floor_reached":16,"language":"KOR","playtime":759,"items_purged":["Strike_R"],"score":123,"play_id":"059161d1-459d-441f-974f-b3be57312b4e","local_time":"20210213105326","is_ascension_mode":true,"campfire_choices":[{"data":"Armaments","floor":7.0,"key":"SMITH"},{"data":"Seeing Red","floor":11,"key":"SMITH"},{"floor":15,"key":"REST"}],"circlet_count":0,"master_deck":["Strike_R","Strike_R","Strike_R","Defend_R","Defend_R","Defend_R","Defend_R","Bash","Entrench","Pommel Strike","Armaments+1","Headbutt","Cleave","Seeing Red+1","Feed","Discovery","Burning Pact","Bandage Up","Feel No Pain","Disarm"],"relics":["Burning Blood","Question Card","White Beast Statue","Omamori"],"acts_visited":[],"potions_floor_usage":[12,16,16],"damage_taken":[{"damage":4.0,"enemies":"Small Slimes","floor":1.0,"turns":5.0},{"damage":15.0,"enemies":"Cultist","floor":2.0,"turns":5.0},{"damage":9.0,"enemies":"2 Louse","floor":3.0,"turns":4.0},{"damage":22.0,"enemies":"Exordium Wildlife","floor":4.0,"turns":6.0},{"damage":21.0,"enemies":"Red Slaver","floor":5.0,"turns":4.0},{"damage":8.0,"enemies":"3 Sentries","floor":6.0,"turns":5.0},{"damage":20,"enemies":"Lagavulin","floor":12,"turns":6},{"damage":12,"enemies":"Looter","floor":14,"turns":3},{"damage":50,"enemies":"The Guardian","floor":16,"turns":10}],"seed_played":"-6257455508501789076","potions_obtained":[{"floor":2.0,"key":"Weak Potion"},{"floor":5.0,"key":"LiquidMemories"},{"floor":12,"key":"Block Potion"},{"floor":14,"key":"SkillPotion"}],"is_trial":false,"path_per_floor":["M","M","M","M","M","E","R","?","T","$","R","E","$","M","R","B"],"character_chosen":"IRONCLAD","items_purchased":["Bandage Up"],"campfire_rested":1,"item_purchase_floors":[10],"current_hp_per_floor":[80,71,68,52,37,35,35,35,35,35,35,25,25,19,43,0,0],"gold":83,"neow_bonus":"TRANSFORM_CARD","is_daily":false,"chose_seed":false,"campfire_upgraded":2,"win_rate":0.0,"timestamp":1613181206,"path_taken":["M","M","M","M","M","E","R","?","T","$","R","E","$","M","R","BOSS"],"items_purchased_type":["Card"],"build_version":"2020-12-22","purchased_purges":1,"victory":false,"max_hp_per_floor":[80,80,80,80,80,80,80,80,80,80,80,80,80,80,80,80,80],"card_choices":[{"not_picked":["Rage","Anger"],"picked":"Pommel Strike","floor":1.0},{"not_picked":["Clothesline","Shrug It Off"],"picked":"Armaments","floor":2.0},{"not_picked":["Flex","Havoc"],"picked":"Headbutt","floor":3.0},{"not_picked":["Shrug It Off","Havoc"],"picked":"Cleave","floor":4.0},{"not_picked":["True Grit","Body Slam"],"picked":"Seeing Red","floor":5.0},{"not_picked":["Flex","Cleave"],"picked":"Feed","floor":6.0},{"not_picked":["Warcry","Shrug It Off","Anger"],"picked":"Feel No Pain","floor":12},{"not_picked":["Perfected Strike","Burning Pact","Havoc"],"picked":"Disarm","floor":14}],"player_experience":14894,"relics_obtained":[{"floor":6.0,"key":"Question Card"},{"floor":9,"key":"White Beast Statue"},{"floor":12,"key":"Omamori"}],"event_choices":[{"damage_healed":0,"gold_gain":0,"player_choice":"2 cards matched","damage_taken":0,"max_hp_gain":0,"max_hp_loss":0,"event_name":"Match and Keep!","floor":8,"gold_loss":0,"cards_obtained":["Discovery","Burning Pact"]}],"is_beta":false,"boss_relics":[],"items_purged_floors":[10],"is_endless":false,"potions_floor_spawned":[2,5,12,14],"killed_by":"The Guardian","ascension_level":2}}