{"host":"j36qkj20jqndbw01","time":1613205345,"event":{"mods":["AchievementEnabler","BaseMod","Colored Map","DeckTracker","Highlight Path","Keyboard Shortcuts","Minty Spire (QoL Compilation)","Quick Restart","Relic Stats","StSLib","SuperFastMode","everything is the same but u backflip on backflip"],"gold_per_floor":[119,137,155,4,14,44,62,62,62,81,81,107,107,124,124,196,196,215,215,232,232,232],"floor_reached":21,"language":"KOR","playtime":986,"items_purged":["Strike_B"],"score":509,"play_id":"9392613f-4516-44b4-a4c0-2bfa509e2e95","local_time":"20210213173545","is_ascension_mode":true,"campfire_choices":[{"data":"Defragment","floor":8,"key":"SMITH"},{"data":"Defragment","floor":11,"key":"SMITH"},{"data":"Biased Cognition","floor":15,"key":"SMITH"}],"circlet_count":0,"master_deck":["AscendersBane","Strike_B","Defend_B","Defend_B","Defend_B","Defend_B","Zap","Dualcast","Darkness","Static Discharge","Chill","Darkness","Defragment+1","Defragment+1","Echo Form","Chill","Cold Snap","Biased Cognition+1","Darkness","Creative AI","CurseOfTheBell","Turbo","Loop"],"relics":["Cracked Core","Happy Flower","Darkstone Periapt","Bottled Tornado","Calling Bell","MealTicket","Cables","Dead Branch"],"acts_visited":["Exordium","TheCity"],"potions_floor_usage":[6,7,14],"damage_taken":[{"damage":9,"enemies":"Small Slimes","floor":1,"turns":4},{"damage":0,"enemies":"Cultist","floor":2,"turns":4},{"damage":2,"enemies":"Jaw Worm","floor":3,"turns":4},{"damage":7,"enemies":"Large Slime","floor":5,"turns":5},{"damage":37,"enemies":"Gremlin Nob","floor":6,"turns":4},{"damage":5,"enemies":"Red Slaver","floor":7,"turns":4},{"damage":0,"enemies":"Lots of Slimes","floor":10,"turns":6},{"damage":0,"enemies":"Lagavulin","floor":12,"turns":6},{"damage":5,"enemies":"Exordium Wildlife","floor":14,"turns":3},{"damage":0,"enemies":"Hexaghost","floor":16,"turns":8},{"damage":12,"enemies":"Chosen","floor":18,"turns":6},{"damage":32,"enemies":"Shell Parasite","floor":20,"turns":3}],"seed_played":"-73260686333035247","potions_obtained":[{"floor":5,"key":"SneckoOil"},{"floor":6,"key":"AttackPotion"},{"floor":10,"key":"CultistPotion"},{"floor":12,"key":"FairyPotion"},{"floor":18,"key":"DuplicationPotion"}],"is_trial":false,"path_per_floor":["M","M","M","$","M","E","M","R","T","M","R","E","?","M","R","B",null,"M","?","M","?"],"character_chosen":"DEFECT","items_purchased":["Defragment"],"campfire_rested":0,"item_purchase_floors":[4],"current_hp_per_floor":[55,55,53,53,46,9,4,4,4,4,4,4,4,21,21,21,65,53,53,21,0,0],"gold":232,"neow_bonus":"TRANSFORM_CARD","is_daily":false,"chose_seed":false,"campfire_upgraded":3,"win_rate":0.0,"timestamp":1613205345,"path_taken":["M","M","M","$","M","E","M","R","T","M","R","E","?","M","R","BOSS","M","?","M","?"],"items_purchased_type":["Card"],"build_version":"2020-12-22","purchased_purges":1,"victory":false,"max_hp_per_floor":[71,71,71,71,71,71,71,71,71,71,71,71,71,71,71,71,77,77,77,77,82,82],"relic_stats":{"Darkstone Periapt":6,"Happy Flower":[12],"counters":[12,57],"Dead Branch":[11],"MealTicket":0,"obtain_stats":[{"Darkstone Periapt":9,"Calling Bell":17,"Happy Flower":6,"Dead Branch":17,"MealTicket":17,"Bottled Tornado":12,"Cracked Core":0,"Cables":17},{"Darkstone Periapt":6,"Calling Bell":10,"Happy Flower":5,"Dead Branch":10,"MealTicket":10,"Bottled Tornado":8,"Cracked Core":0,"Cables":10},{"Darkstone Periapt":25,"Calling Bell":48,"Happy Flower":21,"Dead Branch":48,"MealTicket":48,"Bottled Tornado":37,"Cracked Core":0,"Cables":48}],"Cables":[8,4,2,2,0]},"card_choices":[{"not_picked":["Beam Cell","Leap"],"picked":"Static Discharge","floor":1},{"not_picked":["Hologram","Steam Power"],"picked":"Chill","floor":2},{"not_picked":["FTL","Conserve Battery"],"picked":"Darkness","floor":3},{"not_picked":["Redo","Leap"],"picked":"Defragment","floor":5},{"not_picked":["Capacitor","Meteor Strike"],"picked":"Echo Form","floor":6},{"not_picked":["Conserve Battery","Storm"],"picked":"Chill","floor":7},{"not_picked":["Steam","Stack"],"picked":"Cold Snap","floor":10},{"not_picked":["Blizzard","Loop"],"picked":"Biased Cognition","floor":12},{"not_picked":["Beam Cell","Steam","Reprogram"],"picked":"SKIP","floor":14},{"not_picked":["Biased Cognition","Machine Learning"],"picked":"Creative AI","floor":16},{"not_picked":["Stack","Melter"],"picked":"Turbo","floor":18},{"not_picked":["Hologram+1","Hello World","Skim"],"picked":"SKIP","floor":20}],"player_experience":1760693,"relics_obtained":[{"floor":6,"key":"Happy Flower"},{"floor":9,"key":"Darkstone Periapt"},{"floor":12,"key":"Bottled Tornado"},{"floor":17,"key":"MealTicket"},{"floor":17,"key":"Cables"},{"floor":17,"key":"Dead Branch"}],"event_choices":[{"damage_healed":0,"gold_gain":0,"cards_transformed":["Strike_B"],"player_choice":"Transformed","damage_taken":0,"max_hp_gain":0,"max_hp_loss":0,"event_name":"Transmorgrifier","floor":13,"gold_loss":0,"cards_obtained":["Darkness"]},{"damage_healed":0,"gold_gain":0,"player_choice":"Read","damage_taken":0,"max_hp_gain":0,"max_hp_loss":0,"event_name":"The Library","floor":19,"gold_loss":0,"cards_obtained":["Loop"]}],"is_beta":false,"boss_relics":[{"not_picked":["Inserter","Velvet Choker"],"picked":"Calling Bell"}],"items_purged_floors":[4],"is_endless":false,"potions_floor_spawned":[5,6,10,12,18],"ascension_level":18}}