{"host":"wri98rxht4656ll8","time":1613233412,"event":{"mods":["AchievementEnabler","BaseMod","Colored Map","Colored Powertips","Minty Spire (QoL Compilation)","StSLib"],"gold_per_floor":[115,127,147,147,164,164,174,174,174,96,96,96,116,130,130,230,230,246,261,211,229,229,229,229,229,254,254,270,280,291,220,220,220,220],"floor_reached":33,"language":"ENG","playtime":1731,"items_purged":[],"score":241,"play_id":"3eaff25d-78ee-45a1-96fb-1ba9385ca1da","local_time":"20210213172332","is_ascension_mode":false,"campfire_choices":[{"data":"Pommel Strike","floor":6.0,"key":"SMITH"},{"data":"Shrug It Off","floor":8.0,"key":"SMITH"},{"data":"Infernal Blade","floor":12.0,"key":"SMITH"},{"data":"Berserk","floor":15.0,"key":"SMITH"},{"data":"Immolate","floor":23.0,"key":"SMITH"},{"data":"Perfected Strike","floor":25.0,"key":"SMITH"},{"data":"Fire Breathing","floor":32.0,"key":"SMITH"}],"circlet_count":0,"master_deck":["Strike_R","Strike_R","Strike_R","Strike_R","Defend_R","Defend_R","Defend_R","Defend_R","Bash","Pommel Strike+1","Shrug It Off+1","Flame Barrier","Infernal Blade+1","Berserk+1","Immolate+1","Perfected Strike+1","Perfected Strike","Perfected Strike+1","Inflame+1","Armaments+1","Fire Breathing+1","Shrug It Off+1","Power Through"],"relics":["Burning Blood"],"acts_visited":["Exordium","TheCity"],"potions_floor_usage":[33,33,33],"damage_taken":[{"damage":6.0,"enemies":"Cultist","floor":1.0,"turns":3.0},{"damage":2.0,"enemies":"2 Louse","floor":2.0,"turns":2.0},{"damage":5.0,"enemies":"Small Slimes","floor":3.0,"turns":3.0},{"damage":7.0,"enemies":"Exordium Thugs","floor":5.0,"turns":5.0},{"damage":7.0,"enemies":"Red Slaver","floor":7.0,"turns":4.0},{"damage":0.0,"enemies":"Looter","floor":13.0,"turns":3.0},{"damage":6.0,"enemies":"Large Slime","floor":14.0,"turns":5.0},{"damage":42.0,"enemies":"Hexaghost","floor":16.0,"turns":17.0},{"damage":9.0,"enemies":"Shell Parasite","floor":18.0,"turns":5.0},{"damage":10.0,"enemies":"2 Thieves","floor":19.0,"turns":4.0},{"damage":15.0,"enemies":"Snecko","floor":21.0,"turns":3.0},{"damage":10.0,"enemies":"Cultist and Chosen","floor":28.0,"turns":4.0},{"damage":16.0,"enemies":"Snake Plant","floor":29.0,"turns":4.0},{"damage":37.0,"enemies":"Centurion and Healer","floor":30.0,"turns":5.0},{"damage":63,"enemies":"Automaton","floor":33,"turns":8}],"seed_played":"-6592223054960940628","potions_obtained":[{"floor":1.0,"key":"BlessingOfTheForge"},{"floor":3.0,"key":"Dexterity Potion"},{"floor":5.0,"key":"Swift Potion"},{"floor":16.0,"key":"Regen Potion"},{"floor":18.0,"key":"Block Potion"},{"floor":28.0,"key":"BloodPotion"},{"floor":30.0,"key":"Dexterity Potion"}],"is_trial":false,"path_per_floor":["M","M","M","$","M","R","M","R","T","$","?","R","M","M","R","B",null,"M","M","$","M","$","R","?","R","T","?","M","M","M","$","R","B"],"character_chosen":"IRONCLAD","items_purchased":["Infernal Blade","Perfected Strike","Power Through"],"campfire_rested":0,"item_purchase_floors":[10,20,31],"current_hp_per_floor":[88,88,88,88,87,87,86,86,86,86,86,86,88,88,88,52,88,85,81,81,72,72,72,72,72,72,72,68,75,44,44,44,0,0],"gold":220,"neow_bonus":"TEN_PERCENT_HP_BONUS","is_daily":false,"chose_seed":false,"campfire_upgraded":7,"win_rate":0.0,"timestamp":1613233412,"path_taken":["M","?","M","$","M","R","M","R","T","$","?","R","M","M","R","BOSS","M","M","$","M","$","R","?","R","T","?","M","M","?","?","R","BOSS"],"items_purchased_type":["Card","Card","Card"],"build_version":"2020-12-22","purchased_purges":0,"victory":false,"max_hp_per_floor":[88,88,88,88,88,88,88,88,88,88,88,88,88,88,88,88,88,88,88,88,88,88,88,88,88,88,88,88,88,88,88,88,88,88],"card_choices":[{"not_picked":["Battle Trance","Second Wind"],"picked":"Pommel Strike","floor":1.0},{"not_picked":["Heavy Blade","Body Slam"],"picked":"Shrug It Off","floor":2.0},{"not_picked":["Armaments","Anger"],"picked":"Flame Barrier","floor":3.0},{"not_picked":["Anger","Havoc","Twin Strike"],"picked":"SKIP","floor":5.0},{"not_picked":["Thunderclap","Iron Wave","Disarm"],"picked":"SKIP","floor":7.0},{"not_picked":["Sword Boomerang","Feel No Pain","Armaments"],"picked":"SKIP","floor":13.0},{"not_picked":["Reckless Charge","Havoc","Combust"],"picked":"SKIP","floor":14.0},{"not_picked":["Fiend Fire","Bludgeon"],"picked":"Immolate","floor":16.0},{"not_picked":["Thunderclap","Wild Strike+1"],"picked":"Perfected Strike+1","floor":18.0},{"not_picked":["Warcry","Sever Soul"],"picked":"Perfected Strike","floor":19.0},{"not_picked":["Searing Blow+1","Clash"],"picked":"Inflame+1","floor":21.0},{"not_picked":["Pommel Strike","Burning Pact"],"picked":"Armaments+1","floor":28.0},{"not_picked":["Sentinel","Second Wind"],"picked":"Fire Breathing","floor":29.0},{"not_picked":["Iron Wave","Anger"],"picked":"Shrug It Off+1","floor":30.0}],"player_experience":200525,"relics_obtained":[],"event_choices":[{"damage_healed":0.0,"max_hp_gain":0.0,"max_hp_loss":0.0,"gold_gain":0.0,"cards_transformed":["Strike_R"],"event_name":"Living Wall","player_choice":"Change","floor":11.0,"gold_loss":0.0,"damage_taken":0.0,"cards_obtained":["Berserk"]},{"damage_healed":0.0,"max_hp_gain":0.0,"max_hp_loss":0.0,"gold_gain":0.0,"event_name":"The Mausoleum","player_choice":"Ignored","floor":24.0,"gold_loss":0.0,"damage_taken":0.0},{"damage_healed":0.0,"max_hp_gain":0.0,"max_hp_loss":0.0,"gold_gain":0.0,"event_name":"Beggar","player_choice":"Ignored","floor":27.0,"gold_loss":0.0,"damage_taken":0.0}],"is_beta":false,"boss_relics":[{"not_picked":["SlaversCollar","Black Star","Calling Bell"]}],"items_purged_floors":[],"is_endless":false,"potions_floor_spawned":[1,3,5,14,16,18,28,30],"killed_by":"Automaton","ascension_level":0}}