{"host":"r2b8ojg4o4pyvjvq","time":1613242131,"event":{"mods":["BaseMod","Colored Map","Downfall","Highlight Path","Hubris","Minty Spire (QoL Compilation)","Quick Restart","Replay The Spire","StSLib","SuperFastMode"],"gold_per_floor":[99,115,129,129,9,9,61,79,94,94,94,120,20,20,36,141,141,141,159,173,273,273,273,273],"floor_reached":23,"language":"ENG","playtime":934,"items_purged":[],"score":214,"play_id":"ca18d313-a2fd-491c-9ad3-7adaf87ec6e4","local_time":"20210213194851","is_ascension_mode":false,"campfire_choices":[{"data":"bronze:Goto","floor":1,"key":"SMITH"},{"data":"bronze:Iterate","floor":11,"key":"SMITH"},{"data":"bronze:Iterate","floor":13,"key":"SMITH"},{"data":"bronze:RecursiveStrike","floor":18,"key":"SMITH"}],"circlet_count":0,"master_deck":["bronze:Strike","bronze:Strike","bronze:Defend","bronze:Defend","bronze:Defend","bronze:Defend","bronze:Replicate","bronze:Goto+1","bronze:Frontload","bronze:Branch+1","bronze:Iterate+1","bronze:DelayedSlice","bronze:Iterate+1","bronze:Mutator","bronze:Boost","bronze:RecursiveStrike+1","bronze:FineTuning","bronze:Frontload","bronze:AlphaBuild","J.A.X.","bronze:Flail"],"relics":["bronze:PlatinumCore","downfall:BrokenWingStatue","Juzu Bracelet","downfall:HeartBlessingBlue","MutagenicStrength"],"acts_visited":["Exordium","TheCity"],"potions_floor_usage":[16],"damage_taken":[{"damage":3,"enemies":"2 Louse","floor":2,"turns":3},{"damage":2,"enemies":"Small Slimes","floor":3,"turns":6},{"damage":2,"enemies":"downfall:FleeingMerchant","floor":5,"turns":4},{"damage":6,"enemies":"Cultist","floor":8,"turns":3},{"damage":2,"enemies":"2 Fungi Beasts","floor":9,"turns":2},{"damage":14,"enemies":"Gremlin Nob","floor":12,"turns":3},{"damage":0,"enemies":"Large Slime","floor":15,"turns":4},{"damage":37,"enemies":"SI_SHIV_ARCHETYPE","floor":16,"turns":15},{"damage":0,"enemies":"3 Byrds","floor":19,"turns":4},{"damage":0,"enemies":"Shell Parasite","floor":20,"turns":2},{"damage":58,"enemies":"downfall:Augmenter","floor":21,"turns":7},{"damage":21,"enemies":"Slavers","floor":23,"turns":2}],"seed_played":"23157596943871106","potions_obtained":[{"floor":2,"key":"FearPotion"},{"floor":3,"key":"PowerPotion"},{"floor":16,"key":"Doom Potion"},{"floor":20,"key":"sneckomod:MuddlingPotion"}],"is_trial":false,"path_per_floor":["R","M","M","?","$","?","T","M","M","?","R","E","R","?","M","B",null,"R","M","M","?","?","E"],"character_chosen":"THE_AUTOMATON","items_purchased":["bronze:Iterate","bronze:DelayedSlice"],"campfire_rested":0,"item_purchase_floors":[5,5],"current_hp_per_floor":[77,74,72,72,70,70,70,64,62,62,62,48,58,58,58,21,87,87,87,87,29,29,8,8,8],"gold":273,"neow_bonus":"TEN_PERCENT_HP_BONUS","is_daily":false,"chose_seed":false,"campfire_upgraded":4,"win_rate":0.0,"timestamp":1613242131,"path_taken":["R","M","M","?","$","?","T","M","M","?","R","E","R","?","M","BOSS","R","M","M","?","?","E"],"items_purchased_type":["Card","Card"],"build_version":"2020-12-22","purchased_purges":0,"victory":false,"max_hp_per_floor":[77,77,77,77,77,77,77,77,77,77,77,77,87,87,87,87,87,87,87,87,87,87,87,87,87],"card_choices":[{"not_picked":["bronze:DarkDash","bronze:ClassDefault"],"picked":"bronze:Frontload","floor":2},{"not_picked":["bronze:Turbo","bronze:BitShift"],"picked":"bronze:Branch","floor":3},{"not_picked":["bronze:OilSpill","bronze:BronzeArmor","bronze:Turbo"],"picked":"SKIP","floor":5},{"not_picked":["bronze:DarkDash","bronze:BitShift"],"picked":"bronze:Iterate","floor":8},{"not_picked":["bronze:MaxOutput","bronze:DelayedSlice","bronze:Shield"],"picked":"SKIP","floor":9},{"not_picked":["bronze:Turbo","bronze:Deprecate"],"picked":"bronze:Mutator","floor":12},{"not_picked":["bronze:WhirlingStrike","bronze:CloningBeam"],"picked":"bronze:Boost","floor":15},{"not_picked":["bronze:ShipIt","bronze:Mutator"],"picked":"bronze:RecursiveStrike","floor":16},{"not_picked":["bronze:Optimize+1","bronze:DelayedGuard"],"picked":"bronze:FineTuning","floor":19},{"not_picked":["bronze:Return+1","bronze:ItsAFeature","bronze:BuggyMess+1"],"picked":"SKIP","floor":20},{"not_picked":[],"picked":"J.A.X.","floor":21},{"not_picked":["bronze:Repair","bronze:Backtrace"],"picked":"bronze:Flail","floor":21}],"player_experience":441213,"relics_obtained":[{"floor":12,"key":"Juzu Bracelet"},{"floor":21,"key":"MutagenicStrength"}],"event_choices":[],"is_beta":false,"boss_relics":[{"not_picked":["Painkiller Herb","Snecko Eye"],"picked":"bronze:PlatinumCore"}],"items_purged_floors":[],"is_endless":false,"potions_floor_spawned":[2,3,16,20],"killed_by":"Slavers","ascension_level":0}}