{"host":"itme","time":1613249795,"event":{"mods":["BaseMod","Minty Spire (QoL Compilation)","StSLib"],"gold_per_floor":[361,375,207,220,19,44,60,78,78,91,109,136,155,184,184,261,261,274,289,289,489,489,489],"floor_reached":22,"language":"ENG","playtime":1093,"items_purged":["Strike_P"],"score":495,"play_id":"f20f8e83-6180-436e-960f-f9e0bf4c9f7c","local_time":"20210213145635","is_ascension_mode":true,"campfire_choices":[{"data":"Tantrum","floor":15,"key":"SMITH"}],"circlet_count":0,"master_deck":["AscendersBane","Defend_P","Defend_P","Defend_P","Defend_P","Eruption","Vigilance","FlyingSleeves","SashWhip","Tantrum+1","Evaluate","FearNoEvil","JustLucky","FlurryOfBlows","FlurryOfBlows","Halt","Protect","Adaptation","FearNoEvil","ClearTheMind","Bite","Bite","Bite","Bite","Bite"],"relics":["PureWater","Vajra","Lantern","Question Card","Blue Candle","Sundial","VioletLotus"],"acts_visited":["Exordium","TheCity"],"potions_floor_usage":[12,14,22],"damage_taken":[{"damage":1,"enemies":"Cultist","floor":1,"turns":3},{"damage":0,"enemies":"2 Louse","floor":2,"turns":3},{"damage":1,"enemies":"Jaw Worm","floor":4,"turns":4},{"damage":2,"enemies":"3 Sentries","floor":6,"turns":4},{"damage":0,"enemies":"Exordium Thugs","floor":7,"turns":2},{"damage":0,"enemies":"Looter","floor":8,"turns":2},{"damage":3,"enemies":"Red Slaver","floor":10,"turns":3},{"damage":0,"enemies":"Large Slime","floor":11,"turns":2},{"damage":0,"enemies":"Gremlin Nob","floor":12,"turns":2},{"damage":0,"enemies":"2 Fungi Beasts","floor":13,"turns":2},{"damage":2,"enemies":"3 Sentries","floor":14,"turns":4},{"damage":18,"enemies":"Hexaghost","floor":16,"turns":7},{"damage":14,"enemies":"Shell Parasite","floor":18,"turns":4},{"damage":12,"enemies":"2 Thieves","floor":19,"turns":3},{"damage":36,"enemies":"Snake Plant","floor":22,"turns":3}],"seed_played":"-1376263300400809682","potions_obtained":[{"floor":2,"key":"FearPotion"},{"floor":6,"key":"GamblersBrew"},{"floor":13,"key":"Fire Potion"},{"floor":19,"key":"StancePotion"}],"is_trial":false,"path_per_floor":["M","M","$","M","$","E","M","M","T","M","M","E","M","E","R","B",null,"M","M","?","?","M"],"character_chosen":"WATCHER","items_purchased":["Tantrum","Evaluate","Vajra","JustLucky"],"campfire_rested":0,"item_purchase_floors":[3,3,5,5],"current_hp_per_floor":[42,42,42,41,41,39,39,39,39,36,36,36,36,34,34,16,55,41,29,29,29,0,0],"gold":489,"neow_bonus":"TWO_FIFTY_GOLD","is_daily":false,"chose_seed":false,"campfire_upgraded":1,"win_rate":0.0,"timestamp":1613249795,"path_taken":["M","M","$","M","$","E","M","?","T","M","M","E","?","E","R","BOSS","M","M","?","?","M"],"items_purchased_type":["Card","Card","Relic","Card"],"build_version":"2020-12-18","purchased_purges":1,"victory":false,"max_hp_per_floor":[68,68,68,68,68,68,68,68,68,68,68,68,68,68,68,68,68,68,68,47,47,47,47],"card_choices":[{"not_picked":["Prostrate","FollowUp"],"picked":"FlyingSleeves","floor":1},{"not_picked":["Prostrate","Evaluate"],"picked":"SashWhip","floor":2},{"not_picked":["BowlingBash","Blasphemy"],"picked":"FearNoEvil","floor":4},{"not_picked":["ReachHeaven","EmptyFist"],"picked":"FlurryOfBlows","floor":6},{"not_picked":["WheelKick","Conclude","Crescendo"],"picked":"SKIP","floor":7},{"not_picked":["EmptyFist","SignatureMove"],"picked":"FlurryOfBlows","floor":8},{"not_picked":["CarveReality","FlurryOfBlows","LikeWater"],"picked":"Halt","floor":10},{"not_picked":["FlyingSleeves","Crescendo","ClearTheMind"],"picked":"Protect","floor":11},{"not_picked":["Prostrate","DeceiveReality","DeusExMachina"],"picked":"Adaptation","floor":12},{"not_picked":["FlyingSleeves","Swivel","SandsOfTime"],"picked":"FearNoEvil","floor":13},{"not_picked":["Evaluate","Blasphemy","ReachHeaven"],"picked":"ClearTheMind","floor":14},{"not_picked":["Crescendo","SignatureMove","Study","Weave"],"picked":"SKIP","floor":18},{"not_picked":["SashWhip","BattleHymn","ForeignInfluence","EmptyFist"],"picked":"SKIP","floor":19}],"player_experience":906973,"relics_obtained":[{"floor":6,"key":"Lantern"},{"floor":9,"key":"Question Card"},{"floor":12,"key":"Blue Candle"},{"floor":14,"key":"Sundial"}],"event_choices":[{"damage_healed":0,"gold_gain":0,"player_choice":"Became a vampire","damage_taken":0,"max_hp_gain":0,"max_hp_loss":21,"event_name":"Vampires","floor":20,"gold_loss":0,"cards_obtained":["Bite","Bite","Bite","Bite","Bite"]},{"damage_healed":0,"gold_gain":250,"player_choice":"Bet on Owner","damage_taken":0,"max_hp_gain":0,"max_hp_loss":0,"event_name":"The Joust","floor":21,"gold_loss":50}],"is_beta":true,"boss_relics":[{"not_picked":["Sozu","Ectoplasm"],"picked":"VioletLotus"}],"items_purged_floors":[3],"is_endless":false,"potions_floor_spawned":[2,6,7,11,13,19],"killed_by":"Snake Plant","ascension_level":20}}