{"host":"u0qetpmu4y58k1tf","time":1613250804,"event":{"mods":["100% Spire Juice","AchievementEnabler","Act Like it!","BaseMod","CapriCore","Colored Map","Colored Powertips","Hermit","Koishi","Marisa£¨Ùöéë¡¡Øª×âÞÞ£©","Minty Spire (QoL Compilation)","Quick Restart","Reliquary","Replay The Spire","StSLib","Td1madao Mod","The Bug Knight","The Cursed","The Gatherer","The Hierophant","The Immortal","The Jungle","The Runesmith","WarShipGirlsR/??á´Ò³R mod"],"gold_per_floor":[112,112,112,40,57,85,85,99,99,124,149,187,187,137,137,241,241,265,336,261,283,283,318,342,342,416,416,416],"floor_reached":27,"language":"KOR","playtime":1478,"items_purged":["rmod:defend"],"score":288,"play_id":"82138e26-e6f8-4089-9389-58cad5c13250","local_time":"20210214061324","is_ascension_mode":true,"campfire_choices":[{"data":"rmod:chargemoney","floor":13,"key":"SMITH"},{"floor":15,"key":"DIG"},{"data":"rmod:aluminumsupply","floor":25,"key":"SMITH"}],"circlet_count":0,"master_deck":["rmod:strick","rmod:strick","rmod:defend","rmod:defend","rmod:defend","rmod:basicallowance","rmod:maingunfire","rmod:overbreakdown","rmod:chargemoney+1","rmod:fletcherpendant","rmod:fuelsupply","rmod:aluminumsupply","rmod:circuitoustactics","rmod:openingtorpedo","rmod:abidefaith","rmod:unsinkable+1","rmod:sl","rmod:aluminumsupply","rmod:fletcherpendant","rmod:aluminumsupply+1"],"relics":["rmod:firstchargereward","NeowsBlessing","Ginger","ReplayTheSpireMod:Shallot","reliquary:Boomerang","Durian","CeramicFish","Meat on the Bone","reliquary:Knoch","Sozu","ReplayTheSpireMod:Ninjato","Quantum Egg","Runesmith:Nanobots","Divine Protection"],"acts_visited":["Exordium","TheCity"],"potions_floor_usage":[12],"damage_taken":[{"damage":0,"enemies":"Small Slimes","floor":1,"turns":1},{"damage":0,"enemies":"Jaw Worm","floor":5,"turns":1},{"damage":0,"enemies":"3 Sentries","floor":6,"turns":2},{"damage":0,"enemies":"2 Louse","floor":8,"turns":4},{"damage":12,"enemies":"Lagavulin","floor":10,"turns":10},{"damage":0,"enemies":"Red Slaver","floor":11,"turns":4},{"damage":4,"enemies":"3 Sentries","floor":12,"turns":7},{"damage":22,"enemies":"Fading Forest","floor":16,"turns":12},{"damage":2,"enemies":"3 Byrds","floor":18,"turns":7},{"damage":11,"enemies":"Chosen","floor":21,"turns":6},{"damage":33,"enemies":"Slavers","floor":23,"turns":9},{"damage":5,"enemies":"Snake Plant","floor":24,"turns":5},{"damage":35,"enemies":"Book of Stabbing","floor":27,"turns":5}],"seed_played":"6671884519840232477","potions_obtained":[{"floor":5,"key":"LiquidMemories"},{"floor":10,"key":"SkillPotion"},{"floor":16,"key":"FearPotion"}],"is_trial":false,"path_per_floor":["M","?","?","$","M","E","?","M","T","E","M","E","R","?","R_BF","B",null,"M","?","$","M","?","E","M","R","T","E"],"character_chosen":"PRAEFECT","items_purchased":["rmod:chargemoney"],"campfire_rested":0,"item_purchase_floors":[4],"current_hp_per_floor":[75,68,61,61,61,61,61,61,66,54,54,50,50,50,50,40,80,78,58,58,47,47,26,33,33,33,0,0],"gold":416,"neow_bonus":"THREE_ENEMY_KILL","is_daily":false,"chose_seed":false,"campfire_upgraded":2,"win_rate":0.0,"timestamp":1613250804,"path_taken":["M","?","?","$","M","E","?","M","T","E","?","E","R","?","R_BF","BOSS","M","?","?","M","?","E","?","R","T","E"],"items_purchased_type":["Card"],"build_version":"2020-12-22","purchased_purges":1,"victory":false,"max_hp_per_floor":[75,75,75,75,75,75,75,75,80,80,80,80,80,80,80,80,80,80,80,80,80,80,80,80,80,80,80,80],"card_choices":[{"not_picked":["rmod:ammunitionsupply","rmod:victimresponsibility"],"picked":"rmod:overbreakdown","floor":1},{"not_picked":["rmod:unsinkable","rmod:bulid"],"picked":"rmod:fletcherpendant","floor":5},{"not_picked":["rmod:spoils","rmod:unsinkable"],"picked":"rmod:fuelsupply","floor":6},{"not_picked":["rmod:generalist","rmod:diamondstrike"],"picked":"rmod:aluminumsupply","floor":8},{"not_picked":["rmod:concentratefire","rmod:highspeedshooting","rmod:luckystar"],"picked":"SKIP","floor":10},{"not_picked":["rmod:advancebysurprise","rmod:unsinkable"],"picked":"rmod:circuitoustactics","floor":11},{"not_picked":["rmod:tearstotiara","rmod:advancebysurprise"],"picked":"rmod:openingtorpedo","floor":12},{"not_picked":["rmod:desperatesituation","rmod:supriseattacks"],"picked":"rmod:abidefaith","floor":16},{"not_picked":["rmod:garrisonisland+1","rmod:diamondstrike+1"],"picked":"rmod:unsinkable+1","floor":18},{"not_picked":["rmod:victimresponsibility","rmod:aviationdawn"],"picked":"rmod:sl","floor":19},{"not_picked":["rmod:bulid","rmod:gendarmerie"],"picked":"rmod:aluminumsupply","floor":21},{"not_picked":["rmod:bulid+1","rmod:overbreakdown+1"],"picked":"rmod:fletcherpendant","floor":23},{"not_picked":["rmod:slowdown+1","rmod:gendarmerie"],"picked":"rmod:aluminumsupply","floor":24}],"player_experience":131324,"relics_obtained":[{"floor":6,"key":"ReplayTheSpireMod:Shallot"},{"floor":9,"key":"Durian"},{"floor":10,"key":"CeramicFish"},{"floor":12,"key":"Meat on the Bone"},{"floor":15,"key":"reliquary:Knoch"},{"floor":19,"key":"ReplayTheSpireMod:Ninjato"},{"floor":23,"key":"Runesmith:Nanobots"},{"floor":26,"key":"Divine Protection"}],"event_choices":[{"damage_healed":0,"gold_gain":0,"player_choice":"Success","damage_taken":7,"relics_obtained":["Ginger"],"max_hp_gain":0,"max_hp_loss":0,"event_name":"Scrap Ooze","floor":2,"gold_loss":0},{"cards_removed":["rmod:strick"],"damage_healed":0,"gold_gain":0,"player_choice":"Card Removal","damage_taken":7,"max_hp_gain":0,"max_hp_loss":0,"event_name":"Golden Wing","floor":3,"gold_loss":0},{"damage_healed":0,"gold_gain":0,"player_choice":"Gave Potion","damage_taken":0,"relics_obtained":["reliquary:Boomerang"],"max_hp_gain":0,"max_hp_loss":0,"event_name":"WeMeetAgain","floor":7,"gold_loss":0},{"cards_removed":["rmod:strick"],"damage_healed":0,"gold_gain":0,"player_choice":"Card Removal","damage_taken":0,"max_hp_gain":0,"max_hp_loss":0,"event_name":"The Cleric","floor":14,"gold_loss":50},{"damage_healed":0,"gold_gain":0,"player_choice":"Opened","damage_taken":0,"relics_obtained":["Quantum Egg"],"max_hp_gain":0,"max_hp_loss":0,"event_name":"The Mausoleum","floor":22,"gold_loss":0}],"is_beta":false,"boss_relics":[{"not_picked":["SlaversCollar","reliquary:WritOfMandamus"],"picked":"Sozu"}],"items_purged_floors":[20],"is_endless":false,"potions_floor_spawned":[5,10,16,18],"killed_by":"Book of Stabbing","ascension_level":1}}