{"host":"2rbn7ywmirq5y689","time":1613223190,"event":{"mods":["BaseMod","Bestiary","Colored Map","Colored Powertips","Highlight Path","Minty Spire (QoL Compilation)","Rare Cards Sparkle","Relic Stats","StSLib"],"gold_per_floor":[119,69,69,87,97,128,128,139,163,202,202,58,72,94,94,204,204,220,229,257,77,106,132,132,151,151,61,61,61,80,15,15,126,126,147,47,65,65,39,39,99,121,121,121,161,99,109,121,121,121,121,121,23,23,23],"floor_reached":54,"language":"ENG","playtime":5339,"items_purged":["Strike_B","Strike_B"],"score":732,"play_id":"5cf259dd-2f62-4f25-a6e2-6329d71fac35","local_time":"20210213213310","is_ascension_mode":true,"campfire_choices":[{"data":"Zap","floor":7,"key":"SMITH"},{"floor":11,"key":"REST"},{"data":"Dualcast","floor":15,"key":"SMITH"},{"data":"Echo Form","floor":24,"key":"SMITH"},{"data":"Darkness","floor":32,"key":"SMITH"},{"data":"Defragment","floor":40,"key":"SMITH"},{"data":"Consume","floor":44,"key":"SMITH"},{"floor":49,"key":"RECALL"},{"data":"Redo","floor":52,"key":"SMITH"}],"circlet_count":0,"master_deck":["Defend_B","Defend_B","Defend_B","Defend_B","Zap+1","Dualcast+1","Conserve Battery+1","Glacier","Ball Lightning","Doom and Gloom","Consume+1","Chill","Compile Driver","Echo Form+1","Biased Cognition","Darkness+1","Capacitor","Blizzard","Cold Snap","Redo+1","Coolheaded+1","Consume+1","Fusion+1","Biased Cognition","Self Repair+1","Defragment+1","Loop+1","Chaos+1","Electrodynamics","Consume+1"],"relics":["Cracked Core","NeowsBlessing","Nunchaku","MealTicket","CeramicFish","Lantern","Inserter","White Beast Statue","Toxic Egg 2","Philosopher\u0027s Stone","Pocketwatch","Bottled Tornado","Dream Catcher"],"acts_visited":["Exordium","TheCity","TheBeyond","TheEnding"],"potions_floor_usage":[16,23,23,33,33,33,33,42,42,47,50,50],"damage_taken":[{"damage":0,"enemies":"Jaw Worm","floor":1,"turns":1},{"damage":0,"enemies":"2 Louse","floor":4,"turns":1},{"damage":0,"enemies":"Cultist","floor":5,"turns":1},{"damage":24,"enemies":"3 Sentries","floor":6,"turns":8},{"damage":0,"enemies":"Gremlin Gang","floor":8,"turns":3},{"damage":25,"enemies":"Gremlin Nob","floor":10,"turns":4},{"damage":1,"enemies":"Blue Slaver","floor":13,"turns":3},{"damage":11,"enemies":"Red Slaver","floor":14,"turns":2},{"damage":21,"enemies":"Slime Boss","floor":16,"turns":13},{"damage":0,"enemies":"Chosen","floor":18,"turns":6},{"damage":16,"enemies":"3 Byrds","floor":20,"turns":5},{"damage":15,"enemies":"Snecko","floor":22,"turns":5},{"damage":18,"enemies":"Slavers","floor":23,"turns":8},{"damage":0,"enemies":"Centurion and Healer","floor":25,"turns":6},{"damage":21,"enemies":"3 Cultists","floor":30,"turns":5},{"damage":35,"enemies":"Automaton","floor":33,"turns":10},{"damage":8,"enemies":"3 Shapes","floor":35,"turns":4},{"damage":9,"enemies":"3 Darklings","floor":37,"turns":6},{"damage":40,"enemies":"2 Orb Walkers","floor":41,"turns":7},{"damage":0,"enemies":"Transient","floor":42,"turns":5},{"damage":14,"enemies":"Giant Head","floor":45,"turns":6},{"damage":0,"enemies":"Sphere and 2 Shapes","floor":47,"turns":4},{"damage":12,"enemies":"Spire Growth","floor":48,"turns":5},{"damage":34,"enemies":"Time Eater","floor":50,"turns":11},{"damage":71,"enemies":"Shield and Spear","floor":54,"turns":3}],"seed_played":"4680372820723816619","potions_obtained":[{"floor":4,"key":"Explosive Potion"},{"floor":6,"key":"Energy Potion"},{"floor":10,"key":"AttackPotion"},{"floor":18,"key":"SkillPotion"},{"floor":25,"key":"EntropicBrew"},{"floor":30,"key":"Regen Potion"},{"floor":33,"key":"SpeedPotion"},{"floor":35,"key":"Explosive Potion"},{"floor":37,"key":"Fire Potion"},{"floor":42,"key":"LiquidMemories"},{"floor":45,"key":"Explosive Potion"},{"floor":47,"key":"FocusPotion"}],"is_trial":false,"path_per_floor":["M","?","?","M","M","E","R","M","T","E","R","$","M","M","R","B",null,"M","?","M","$","M","E","R","M","T","?","$","T","M","$","R","B",null,"M","$","M","?","$","R","?","M","T","R","E","$","M","M","R","B",null,"R","$","E"],"character_chosen":"DEFECT","items_purchased":["Lantern","Blizzard","Cold Snap","Redo","Fusion+1","Defragment","Consume+1","Weak Potion","FearPotion"],"campfire_rested":1,"item_purchase_floors":[12,21,21,21,31,39,46,53,53],"current_hp_per_floor":[75,75,75,75,75,51,51,51,51,26,48,63,62,51,51,30,75,75,75,59,74,59,41,41,41,41,41,56,56,35,50,50,30,75,67,75,75,71,71,71,41,61,61,61,57,71,71,59,59,45,71,71,71,0,0],"gold":23,"neow_bonus":"THREE_ENEMY_KILL","is_daily":false,"chose_seed":false,"campfire_upgraded":7,"win_rate":0.0,"timestamp":1613223190,"path_taken":["M","?","?","M","?","E","R","M","T","E","R","$","M","?","R","BOSS","M","?","M","$","?","E","R","M","T","?","?","?","?","$","R","BOSS","M","$","M","?","$","R","?","M","T","R","E","$","?","M","R","BOSS","R","$","E"],"items_purchased_type":["Relic","Card","Card","Card","Card","Card","Card","Potion","Potion"],"build_version":"2020-12-22","purchased_purges":2,"victory":false,"max_hp_per_floor":[75,75,75,75,75,75,75,75,75,75,75,75,75,75,75,75,75,75,75,75,75,75,75,75,75,75,75,75,75,75,75,75,75,75,75,75,75,71,71,71,71,71,71,71,71,71,71,71,71,71,71,71,71,71,71],"relic_stats":{"Nunchaku":[11],"Dream Catcher":0,"Inserter":[48],"counters":[25,132],"CeramicFish":162,"MealTicket":82,"obtain_stats":[{"Lantern":12,"Inserter":17,"NeowsBlessing":0,"CeramicFish":10,"Bottled Tornado":43,"White Beast Statue":23,"Nunchaku":6,"Dream Catcher":45,"MealTicket":9,"Philosopher\u0027s Stone":34,"Toxic Egg 2":26,"Cracked Core":0,"Pocketwatch":41},{"Lantern":6,"Inserter":9,"NeowsBlessing":0,"CeramicFish":6,"Bottled Tornado":20,"White Beast Statue":13,"Nunchaku":4,"Dream Catcher":21,"MealTicket":5,"Philosopher\u0027s Stone":16,"Toxic Egg 2":14,"Cracked Core":0,"Pocketwatch":19},{"Lantern":18,"Inserter":36,"NeowsBlessing":0,"CeramicFish":18,"Bottled Tornado":103,"White Beast Statue":60,"Nunchaku":11,"Dream Catcher":109,"MealTicket":14,"Philosopher\u0027s Stone":81,"Toxic Egg 2":66,"Cracked Core":0,"Pocketwatch":98}],"Pocketwatch":[27]},"card_choices":[{"not_picked":["Go for the Eyes","Beam Cell"],"picked":"Conserve Battery","floor":1},{"not_picked":["Conserve Battery","White Noise"],"picked":"Ball Lightning","floor":4},{"not_picked":["Barrage","Skim"],"picked":"Doom and Gloom","floor":5},{"not_picked":["Barrage","Fusion"],"picked":"Consume","floor":6},{"not_picked":["Stack","Doom and Gloom"],"picked":"Chill","floor":8},{"not_picked":["Scrape","Stack"],"picked":"Compile Driver","floor":10},{"not_picked":["Consume","Glacier","Turbo"],"picked":"SKIP","floor":13},{"not_picked":["Consume","Reprogram"],"picked":"Echo Form","floor":14},{"not_picked":["Fission","Seek"],"picked":"Biased Cognition","floor":16},{"not_picked":["Conserve Battery","Rebound+1","Ball Lightning"],"picked":"SKIP","floor":18},{"not_picked":["Heatsinks","Hello World"],"picked":"Capacitor","floor":20},{"not_picked":["Ball Lightning","Auto Shields"],"picked":"Coolheaded+1","floor":22},{"not_picked":["Sweeping Beam","Ball Lightning","Leap"],"picked":"SKIP","floor":23},{"not_picked":["Sweeping Beam","Redo","Thunder Strike"],"picked":"SKIP","floor":25},{"not_picked":["Compile Driver","BootSequence+1"],"picked":"Consume+1","floor":30},{"not_picked":["Buffer","Multi-Cast+1"],"picked":"Biased Cognition","floor":33},{"not_picked":["BootSequence+1","Conserve Battery+1"],"picked":"Self Repair+1","floor":35},{"not_picked":["Compile Driver+1","Undo+1","Sweeping Beam"],"picked":"SKIP","floor":37},{"not_picked":["Scrape","Coolheaded+1"],"picked":"Loop+1","floor":41},{"not_picked":["Gash+1","Doom and Gloom+1"],"picked":"Chaos+1","floor":42},{"not_picked":["Coolheaded+1","Stack+1"],"picked":"Electrodynamics","floor":45},{"not_picked":["Conserve Battery+1","Leap+1","Streamline"],"picked":"SKIP","floor":47},{"not_picked":["Heatsinks+1","Leap+1","Gash"],"picked":"SKIP","floor":48}],"player_experience":229980,"relics_obtained":[{"floor":6,"key":"Nunchaku"},{"floor":9,"key":"MealTicket"},{"floor":10,"key":"CeramicFish"},{"floor":23,"key":"White Beast Statue"},{"floor":26,"key":"Toxic Egg 2"},{"floor":41,"key":"Pocketwatch"},{"floor":43,"key":"Bottled Tornado"},{"floor":45,"key":"Dream Catcher"}],"event_choices":[{"cards_removed":["Strike_B"],"damage_healed":0,"gold_gain":0,"player_choice":"Card Removal","damage_taken":0,"max_hp_gain":0,"max_hp_loss":0,"event_name":"The Cleric","floor":2,"gold_loss":50},{"damage_healed":0,"gold_gain":0,"player_choice":"1 cards matched","damage_taken":0,"max_hp_gain":0,"max_hp_loss":0,"event_name":"Match and Keep!","floor":3,"gold_loss":0,"cards_obtained":["Glacier"]},{"damage_healed":0,"gold_gain":0,"player_choice":"1 cards matched","damage_taken":0,"max_hp_gain":0,"max_hp_loss":0,"event_name":"Match and Keep!","floor":19,"gold_loss":0,"cards_obtained":["Darkness"]},{"cards_removed":["Strike_B"],"damage_healed":0,"gold_gain":0,"player_choice":"Upgrade and Remove","damage_taken":0,"max_hp_gain":0,"max_hp_loss":0,"event_name":"Designer","floor":27,"gold_loss":90,"cards_upgraded":["Conserve Battery"]},{"damage_healed":0,"gold_gain":0,"player_choice":"Max HP","damage_taken":0,"max_hp_gain":0,"max_hp_loss":4,"event_name":"Winding Halls","floor":38,"gold_loss":0},{"damage_healed":0,"gold_gain":0,"player_choice":"Fight","damage_taken":0,"max_hp_gain":0,"max_hp_loss":0,"event_name":"Mysterious Sphere","floor":41,"gold_loss":0}],"is_beta":false,"boss_relics":[{"not_picked":["Astrolabe","Busted Crown"],"picked":"Inserter"},{"not_picked":["Pandora\u0027s Box","Black Star"],"picked":"Philosopher\u0027s Stone"}],"items_purged_floors":[21,36],"is_endless":false,"potions_floor_spawned":[4,6,10,13,18,25,30,33,35,37,41,42,45,47,48],"killed_by":"Shield and Spear","ascension_level":1}}