{"host":"nlbr7nnijupf3yfg","time":1613191216,"event":{"mods":["AchievementEnabler","BaseMod","Colored Powertips","Hubris","Minty Spire (QoL Compilation)","Replay The Spire","StSLib","SuperFastMode"],"gold_per_floor":[116,116,116,129,13,46,46,74,74,74,74,74,25,25,25,128,128,39,39,56,56,56,69,69,94,94,111,140,140,140,153,153,255,255,269,269,285,303,323,338,338,304,304,304,322,332,332,346,346,346,346],"floor_reached":50,"language":"ENG","playtime":1188,"items_purged":["Strike_R"],"score":833,"play_id":"48646ff4-ae56-45ae-b908-8ea14518fcc5","local_time":"20210212234016","is_ascension_mode":true,"campfire_choices":[{"data":"Whirlwind","floor":11.0,"key":"SMITH"},{"data":"Flex","floor":15.0,"key":"SMITH"},{"floor":24,"key":"REST"},{"floor":30,"key":"REST"},{"floor":32,"key":"REST"},{"data":"Infernal Blade","floor":44,"key":"SMITH"},{"floor":47,"key":"REST"},{"floor":49,"key":"REST"}],"circlet_count":0,"master_deck":["Strike_R","Strike_R","Strike_R","Strike_R","Defend_R","Defend_R","Defend_R","Bash","Thunderclap","Offering+1","Sword Boomerang+1","Whirlwind+1","Replay:Many Hands","Cleave","Flex+1","Replay:Many Hands","Thunderclap+1","Shrug It Off","Demon Form+1","Feed","Infernal Blade+1","Madness","Madness","Ghostly Armor+1","Sword Boomerang+1","Heavy Blade+1","Rage+1","Regret","Sentinel+1","Rage+1"],"relics":["Burning Blood","NeowsBlessing","Ring of Panic","ReplayTheSpireMod:Ring of Collecting","ReplayTheSpireMod:TigerMarble","King of Hearts","ReplayTheSpireMod:Ring of Addiction","hubris:IronBody","hubris:EmptyBottle","Chameleon Ring","Ancient Tea Set","Replay:Ancient Bell","Bronze Scales","Frozen Egg 2","hubris:FunFungus","hubris:TinFlute","Replay:Baseball","ReplayTheSpireMod:Ring of Challenge","Pet Ghost","Replay:Grab Bag","hubris:VirtuousBlindfold","Painkiller Herb","hubris:ScarierMask","ReplayTheSpireMod:CursedCoin","Replay:Bottled Snecko","Ring of Hypnosis"],"acts_visited":["Exordium","TheCity","TheBeyond"],"potions_floor_usage":[23,27,33,48,48,50,50,50,50,50,50],"damage_taken":[{"damage":0.0,"enemies":"Small Slimes","floor":1.0,"turns":1.0},{"damage":0.0,"enemies":"2 Louse","floor":4.0,"turns":1.0},{"damage":0.0,"enemies":"Gremlin Nob","floor":6.0,"turns":1.0},{"damage":11.0,"enemies":"3 Sentries","floor":8.0,"turns":3.0},{"damage":52.0,"enemies":"Hexaghost","floor":16.0,"turns":7.0},{"damage":29,"enemies":"Shell Parasite","floor":18,"turns":4},{"damage":12,"enemies":"Chosen","floor":20,"turns":3},{"damage":6,"enemies":"Snake Plant","floor":23,"turns":2},{"damage":6,"enemies":"Slavers","floor":25,"turns":3},{"damage":6,"enemies":"Centurion and Healer","floor":27,"turns":2},{"damage":26,"enemies":"Book of Stabbing","floor":28,"turns":2},{"damage":18,"enemies":"Cultist and Chosen","floor":31,"turns":4},{"damage":9,"enemies":"Champ","floor":33,"turns":5},{"damage":0,"enemies":"3 Shapes","floor":35,"turns":3},{"damage":13,"enemies":"3 Darklings","floor":37,"turns":2},{"damage":0,"enemies":"Sphere and 2 Shapes","floor":38,"turns":3},{"damage":7,"enemies":"Spire Growth","floor":39,"turns":3},{"damage":11,"enemies":"Maw","floor":40,"turns":5},{"damage":16,"enemies":"Sphere and 2 Shapes","floor":45,"turns":2},{"damage":31,"enemies":"3 Darklings","floor":46,"turns":6},{"damage":96,"enemies":"4 Shapes","floor":48,"turns":9},{"damage":48,"enemies":"Replay:Hell Engine","floor":50,"turns":7}],"seed_played":"-3973976654127014581","potions_obtained":[{"floor":4.0,"key":"Elixir"},{"floor":9.0,"key":"FearPotion"},{"floor":9.0,"key":"Ancient Potion"},{"floor":28,"key":"SkillPotion"},{"floor":41,"key":"PowerPotion"},{"floor":41,"key":"DuplicationPotion"},{"floor":48,"key":"Death Potion"}],"is_trial":false,"path_per_floor":["M","?","?","M","$","E","$","E","T","?","R","?","$","?","R","B",null,"M","?","M","?","?","M","R","E","T","M","E","$","R","M","R","B",null,"?","?","?","?","?","?","T","T","T","T","?","?","T","?","T","B"],"character_chosen":"IRONCLAD","items_purchased":["Sword Boomerang+1","Whirlwind","Flex","ReplayTheSpireMod:CursedCoin","BloodPotion","Sentinel+1"],"campfire_rested":5,"item_purchase_floors":[5,5,13,42,42,42],"current_hp_per_floor":[78,78,78,80,80,80,80,75,75,75,75,68,68,78,78,30,65,43,43,37,37,37,37,57,60,60,60,40,40,60,50,65,62,64,68,59,58,66,65,59,64,64,62,62,52,39,60,9,33,0,0],"gold":346,"neow_bonus":"THREE_ENEMY_KILL","is_daily":false,"chose_seed":false,"campfire_upgraded":3,"win_rate":0.0,"timestamp":1613191216,"path_taken":["M","?","?","M","$","E","$","E","T","?","R","?","$","?","R","BOSS","M","?","?","?","?","M","R","E","T","M","E","$","R","M","R","BOSS","?","?","?","?","?","?","T","T","T","T","?","?","T","?","T","BOSS"],"items_purchased_type":["Card","Card","Card","Relic","Potion","Card"],"build_version":"2020-12-22","purchased_purges":1,"victory":false,"max_hp_per_floor":[80,80,80,80,80,80,80,80,80,80,80,80,78,78,78,76,76,76,73,71,71,71,69,69,69,69,67,67,67,67,65,65,65,65,68,68,66,66,66,64,64,64,62,62,62,60,60,60,60,60,60],"card_choices":[{"not_picked":["True Grit","hubris:ReadiedAction"],"picked":"Thunderclap","floor":1.0},{"not_picked":["Feel No Pain","Spot Weakness"],"picked":"Thunderclap","floor":4.0},{"not_picked":["Armaments","Disarm"],"picked":"Replay:Many Hands","floor":6.0},{"not_picked":["hubris:SharpeningStone","Headbutt"],"picked":"Cleave","floor":8.0},{"not_picked":["Limit Break","Brutality"],"picked":"Replay:Many Hands","floor":16.0},{"not_picked":["Second Wind+1","Pummel","ReplayTheSpireMod:Strike From Hell+1"],"picked":"SKIP","floor":18},{"not_picked":["Heavy Blade","Armaments","Thunderclap"],"picked":"SKIP","floor":20},{"not_picked":["Burning Pact","Second Wind","Replay:Many Hands"],"picked":"SKIP","floor":23},{"not_picked":["Shrug It Off","Life Link+1"],"picked":"Thunderclap+1","floor":25},{"not_picked":["Entrench","hubris:ReadiedAction"],"picked":"Shrug It Off","floor":27},{"not_picked":["Warcry","Clothesline","Sever Soul"],"picked":"SKIP","floor":28},{"not_picked":["Ghostly Armor+1","hubris:SharpeningStone"],"picked":"Demon Form+1","floor":31},{"not_picked":["hubris:StunningStrike","Demonic Infusion"],"picked":"Feed","floor":33},{"not_picked":["Combust+1","Anger+1"],"picked":"Infernal Blade","floor":35},{"not_picked":["ReplayTheSpireMod:Muscle Training+1","ReplayTheSpireMod:Limb From Limb+1"],"picked":"Ghostly Armor+1","floor":37},{"not_picked":["Power Through+1","hubris:SharpeningStone"],"picked":"Sword Boomerang+1","floor":38},{"not_picked":["Anger","Twin Strike"],"picked":"Heavy Blade+1","floor":39},{"not_picked":["ReplayTheSpireMod:Stacked","Heavy Blade"],"picked":"Rage+1","floor":40},{"not_picked":["Massacre+1","Battle Trance"],"picked":"Rage+1","floor":45},{"not_picked":["Wild Strike+1","ReplayTheSpireMod:Strike From Hell","Headbutt"],"picked":"SKIP","floor":46},{"not_picked":["Abandon","Headbutt+1","Clothesline"],"picked":"SKIP","floor":48}],"player_experience":53700,"relics_obtained":[{"floor":2.0,"key":"Ring of Panic"},{"floor":2.0,"key":"ReplayTheSpireMod:Ring of Collecting"},{"floor":6.0,"key":"ReplayTheSpireMod:TigerMarble"},{"floor":8.0,"key":"King of Hearts"},{"floor":9.0,"key":"ReplayTheSpireMod:Ring of Addiction"},{"floor":9.0,"key":"hubris:IronBody"},{"floor":9.0,"key":"hubris:EmptyBottle"},{"floor":9.0,"key":"Chameleon Ring"},{"floor":25,"key":"Replay:Baseball"},{"floor":26,"key":"ReplayTheSpireMod:Ring of Challenge"},{"floor":28,"key":"Pet Ghost"},{"floor":43,"key":"Replay:Bottled Snecko"},{"floor":43,"key":"Ring of Hypnosis"}],"event_choices":[{"damage_healed":0.0,"max_hp_gain":0.0,"max_hp_loss":0.0,"gold_gain":0.0,"event_name":"Big Fish","player_choice":"Box","floor":10.0,"gold_loss":0.0,"damage_taken":0.0,"relics_obtained":["Ancient Tea Set"],"cards_obtained":["Regret"]},{"cards_removed":["Regret"],"damage_healed":0.0,"max_hp_gain":0.0,"max_hp_loss":0.0,"gold_gain":0.0,"event_name":"Golden Wing","player_choice":"Card Removal","floor":12.0,"gold_loss":0.0,"damage_taken":7.0},{"damage_healed":19.0,"max_hp_gain":0.0,"max_hp_loss":0.0,"gold_gain":0.0,"event_name":"Mushrooms","player_choice":"Healed and dodged fight","floor":14.0,"gold_loss":0.0,"damage_taken":0.0,"cards_obtained":["Parasite"]},{"cards_removed":["Parasite"],"damage_healed":0,"gold_gain":0,"player_choice":"Removed Curses","damage_taken":0,"max_hp_gain":0,"max_hp_loss":0,"event_name":"Fountain of Cleansing","floor":19,"gold_loss":0},{"cards_removed":["Thunderclap"],"damage_healed":0,"gold_gain":0,"player_choice":"Gave Card","damage_taken":0,"relics_obtained":["hubris:TinFlute"],"max_hp_gain":0,"max_hp_loss":0,"event_name":"WeMeetAgain","floor":22,"gold_loss":0},{"damage_healed":0,"gold_gain":0,"player_choice":"Embrace Madness","damage_taken":9,"max_hp_gain":0,"max_hp_loss":0,"event_name":"Winding Halls","floor":36,"gold_loss":0,"cards_obtained":["Madness","Madness"]}],"is_beta":false,"boss_relics":[{"not_picked":["Runic Cube","Runic Dome"],"picked":"Replay:Ancient Bell"},{"not_picked":["MealTicket","Blood Vial"],"picked":"Bronze Scales"},{"not_picked":["Eternal Feather","Sundial"],"picked":"Frozen Egg 2"},{"not_picked":["hubris:GlazedTorus","Prayer Wheel"],"picked":"hubris:FunFungus"},{"not_picked":["SlaversCollar","Replay:Wanted Poster"],"picked":"Replay:Grab Bag"},{"not_picked":["ReplayTheSpireMod:DimensionalGlitch","Sozu"],"picked":"hubris:VirtuousBlindfold"},{"not_picked":["Electric Blood","hubris:TerracottaHorce"],"picked":"Painkiller Herb"},{"not_picked":["Kintsugi","Empty Cage"],"picked":"hubris:ScarierMask"}],"items_purged_floors":[42],"is_endless":false,"potions_floor_spawned":[4,20,23,28,37,38,48],"killed_by":"Replay:Hell Engine","ascension_level":9}}