{"host":"itme","time":1613182234,"event":{"mods":["BaseMod","Minty Spire (QoL Compilation)","StSLib"],"gold_per_floor":[361,372,43,56,73,100,100,135,214,224,224,224,255,273,273,352,352,372,383,397,416,433,461,461,479,479,479,511,54,54,73,73,73,73],"floor_reached":33,"language":"ENG","playtime":3114,"items_purged":["Pain","Strike_P"],"score":772,"play_id":"318f0b47-2b33-4e7d-93ff-5308f3215bb8","local_time":"20210212201034","is_ascension_mode":true,"campfire_choices":[{"data":"Blasphemy","floor":7,"key":"SMITH"},{"floor":11,"key":"REST"},{"data":"TalkToTheHand","floor":15,"key":"SMITH"},{"data":"Vault","floor":24,"key":"SMITH"},{"data":"Protect","floor":32,"key":"SMITH"}],"circlet_count":0,"master_deck":["AscendersBane","Strike_P","Strike_P","Strike_P","Defend_P","Defend_P","Defend_P","Defend_P","Eruption","Vigilance","EmptyFist","Wallop+1","Blasphemy+1","Wireheading","EmptyBody+1","Vengeance","CutThroughFate","MentalFortress","ThirdEye","TalkToTheHand+1","Halt+1","Consecrate","InnerPeace","Vault+1","Protect+1","BowlingBash+1","SashWhip","FlurryOfBlows","BattleHymn+1","Scrawl","Evaluate"],"relics":["HolyWater","Orrery","Art of War","Dead Branch","Question Card","PreservedInsect","Omamori","Gambling Chip","War Paint","Akabeko","Bottled Lightning"],"acts_visited":["Exordium","TheCity"],"potions_floor_usage":[6,16,33],"damage_taken":[{"damage":0,"enemies":"Cultist","floor":1,"turns":2},{"damage":5,"enemies":"Jaw Worm","floor":2,"turns":4},{"damage":0,"enemies":"2 Louse","floor":4,"turns":1},{"damage":14,"enemies":"Blue Slaver","floor":5,"turns":3},{"damage":22,"enemies":"3 Sentries","floor":6,"turns":14},{"damage":0,"enemies":"Gremlin Nob","floor":8,"turns":2},{"damage":0,"enemies":"Looter","floor":10,"turns":3},{"damage":0,"enemies":"3 Sentries","floor":13,"turns":3},{"damage":0,"enemies":"Exordium Wildlife","floor":14,"turns":4},{"damage":12,"enemies":"Hexaghost","floor":16,"turns":8},{"damage":7,"enemies":"Shell Parasite","floor":18,"turns":3},{"damage":0,"enemies":"3 Byrds","floor":19,"turns":6},{"damage":0,"enemies":"Snecko","floor":20,"turns":6},{"damage":0,"enemies":"3 Cultists","floor":21,"turns":6},{"damage":2,"enemies":"Snake Plant","floor":22,"turns":4},{"damage":0,"enemies":"Gremlin Leader","floor":23,"turns":3},{"damage":12,"enemies":"Shelled Parasite and Fungi","floor":25,"turns":2},{"damage":7,"enemies":"Slavers","floor":28,"turns":3},{"damage":0,"enemies":"Centurion and Healer","floor":31,"turns":3},{"damage":30,"enemies":"Automaton","floor":33,"turns":5}],"seed_played":"-1837713895192653546","potions_obtained":[{"floor":1,"key":"LiquidBronze"},{"floor":14,"key":"GamblersBrew"},{"floor":16,"key":"Explosive Potion"},{"floor":20,"key":"DuplicationPotion"}],"is_trial":false,"path_per_floor":["M","M","$","M","M","E","R","E","T","M","R","?","E","M","R","B",null,"M","M","M","M","M","E","R","M","T","?","E","$","?","M","R","B"],"character_chosen":"WATCHER","items_purchased":["Orrery","MentalFortress","Block Potion","Scrawl","Bottled Lightning"],"campfire_rested":1,"item_purchase_floors":[3,3,3,29,29],"current_hp_per_floor":[61,56,56,56,42,20,20,20,20,20,40,40,40,40,40,28,58,51,51,51,51,49,49,49,37,37,37,30,30,30,30,30,0,0],"gold":73,"neow_bonus":"TWO_FIFTY_GOLD","is_daily":false,"chose_seed":false,"campfire_upgraded":4,"win_rate":0.0,"timestamp":1613182234,"path_taken":["M","M","$","M","M","E","R","E","T","?","R","?","E","M","R","BOSS","M","M","M","M","M","E","R","M","T","?","E","$","?","M","R","BOSS"],"items_purchased_type":["Relic","Card","Potion","Card","Relic"],"build_version":"2020-12-18","purchased_purges":2,"victory":false,"max_hp_per_floor":[68,68,68,68,68,68,68,68,68,68,68,68,68,68,68,68,68,68,68,68,68,68,68,68,68,68,68,68,68,68,68,68,68,68],"card_choices":[{"not_picked":["JustLucky","MentalFortress"],"picked":"EmptyFist","floor":1},{"not_picked":["ForeignInfluence","WindmillStrike"],"picked":"Wallop","floor":2},{"not_picked":["ForeignInfluence","SandsOfTime"],"picked":"Blasphemy","floor":3},{"not_picked":["FollowUp","ClearTheMind"],"picked":"Wireheading","floor":3},{"not_picked":["BattleHymn","JustLucky"],"picked":"EmptyBody","floor":3},{"not_picked":["EmptyBody","WreathOfFlame"],"picked":"Vengeance","floor":3},{"not_picked":["WaveOfTheHand","Conclude"],"picked":"CutThroughFate","floor":3},{"not_picked":["FlurryOfBlows","PathToVictory"],"picked":"ThirdEye","floor":4},{"not_picked":["Protect","Halt"],"picked":"TalkToTheHand","floor":5},{"not_picked":["ClearTheMind","Brilliance","Indignation"],"picked":"SKIP","floor":6},{"not_picked":["BowlingBash","EmptyBody"],"picked":"Halt","floor":8},{"not_picked":["EmptyFist","WheelKick","WaveOfTheHand"],"picked":"Consecrate","floor":10},{"not_picked":["WaveOfTheHand","Weave","CutThroughFate"],"picked":"InnerPeace","floor":13},{"not_picked":["Fasting2","WaveOfTheHand","EmptyBody","CrushJoints"],"picked":"SKIP","floor":14},{"not_picked":["MasterReality","Alpha","Ragnarok"],"picked":"Vault","floor":16},{"not_picked":["InnerPeace","Evaluate","Halt"],"picked":"Protect","floor":18},{"not_picked":["FlyingSleeves","Halt","InnerPeace"],"picked":"BowlingBash+1","floor":19},{"not_picked":["EmptyBody","Meditate","FollowUp"],"picked":"SashWhip","floor":20},{"not_picked":["Conclude","LikeWater","Study"],"picked":"FlurryOfBlows","floor":21},{"not_picked":["ReachHeaven","WindmillStrike","Protect+1","Indignation"],"picked":"SKIP","floor":22},{"not_picked":["Omniscience","Consecrate","ThirdEye"],"picked":"BattleHymn+1","floor":23},{"not_picked":["SandsOfTime","PathToVictory","ClearTheMind","CrushJoints"],"picked":"SKIP","floor":25},{"not_picked":["Prostrate","Nirvana","Conclude","Wireheading"],"picked":"SKIP","floor":28},{"not_picked":["SignatureMove","Conclude","EmptyMind"],"picked":"Evaluate","floor":31}],"player_experience":902240,"relics_obtained":[{"floor":6,"key":"Art of War"},{"floor":8,"key":"Dead Branch"},{"floor":9,"key":"Question Card"},{"floor":13,"key":"PreservedInsect"},{"floor":23,"key":"Omamori"},{"floor":26,"key":"Gambling Chip"},{"floor":28,"key":"Akabeko"}],"event_choices":[{"damage_healed":0,"gold_gain":0,"player_choice":"Grow","damage_taken":0,"max_hp_gain":0,"max_hp_loss":0,"event_name":"Living Wall","floor":12,"gold_loss":0,"cards_upgraded":["Wallop"]},{"damage_healed":0,"gold_gain":0,"player_choice":"Opened","damage_taken":0,"relics_obtained":["War Paint"],"max_hp_gain":0,"max_hp_loss":0,"event_name":"The Mausoleum","floor":27,"gold_loss":0,"cards_obtained":["Writhe"]},{"damage_healed":0,"gold_gain":0,"player_choice":"Ignored","damage_taken":0,"max_hp_gain":0,"max_hp_loss":0,"event_name":"Vampires","floor":30,"gold_loss":0}],"is_beta":true,"boss_relics":[{"not_picked":["Cursed Key","Tiny House"],"picked":"HolyWater"}],"items_purged_floors":[3,29],"is_endless":false,"potions_floor_spawned":[1,4,5,14,16,18,20,21,22],"killed_by":"Automaton","ascension_level":20}}