{"host":"5h6e4l6hpn0p5lap","time":1613215848,"event":{"mods":["AchievementEnabler","BaseMod","Better Altar","Better Match","Better Sensory Stone","Better Skull","Better Third Choice","Colored Map","Filter the Spire","Minty Spire (QoL Compilation)","StSLib"],"gold_per_floor":[115,115,115,128,6,39,39,52,52,86,5,17,52,227,227,227,227],"floor_reached":16,"language":"ENG","playtime":567,"items_purged":[],"score":215,"play_id":"9d764293-9226-44af-be87-3056e2693358","local_time":"20210213063048","is_ascension_mode":true,"campfire_choices":[{"data":"Eruption","floor":7,"key":"SMITH"},{"floor":15,"key":"REST"}],"circlet_count":0,"master_deck":["AscendersBane","Strike_P","Strike_P","Strike_P","Strike_P","Defend_P","Defend_P","Defend_P","Defend_P","Eruption+1","Vigilance","Conclude","WheelKick","TalkToTheHand","ThirdEye","EmptyFist","SashWhip","Fasting2","EmptyMind","BowlingBash","Protect"],"relics":["PureWater","NeowsBlessing","InkBottle","Eternal Feather","Omamori","Bottled Lightning"],"acts_visited":["Exordium"],"potions_floor_usage":[10,10,13],"damage_taken":[{"damage":0,"enemies":"Cultist","floor":1,"turns":1},{"damage":0,"enemies":"2 Louse","floor":4,"turns":2},{"damage":0,"enemies":"3 Sentries","floor":6,"turns":1},{"damage":1,"enemies":"Jaw Worm","floor":8,"turns":4},{"damage":38,"enemies":"Gremlin Nob","floor":10,"turns":5},{"damage":2,"enemies":"Red Slaver","floor":12,"turns":4},{"damage":9,"enemies":"3 Sentries","floor":13,"turns":8},{"damage":35,"enemies":"Hexaghost","floor":16,"turns":14}],"seed_played":"1992427978587924278","potions_obtained":[{"floor":1,"key":"PowerPotion"},{"floor":6,"key":"Strength Potion"},{"floor":8,"key":"SteroidPotion"}],"is_trial":false,"path_per_floor":["M","?","?","M","$","E","R","M","T","E","$","M","E","?","R","B"],"character_chosen":"WATCHER","items_purchased":["TalkToTheHand","ThirdEye","EmptyMind"],"campfire_rested":1,"item_purchase_floors":[5,5,11],"current_hp_per_floor":[65,70,70,70,70,70,70,69,69,31,31,29,20,20,55,20,20],"gold":227,"neow_bonus":"THREE_ENEMY_KILL","is_daily":false,"chose_seed":false,"campfire_upgraded":1,"win_rate":0.0,"timestamp":1613215848,"path_taken":["M","?","?","M","$","E","R","M","T","E","?","?","E","?","R","BOSS"],"items_purchased_type":["Card","Card","Card"],"build_version":"2020-12-22","purchased_purges":0,"victory":false,"max_hp_per_floor":[72,77,77,77,77,77,77,77,77,77,77,77,77,77,77,77,77],"card_choices":[{"not_picked":["ClearTheMind","FollowUp"],"picked":"Conclude","floor":1},{"not_picked":["SandsOfTime","CrushJoints"],"picked":"WheelKick","floor":4},{"not_picked":["CarveReality","ForeignInfluence"],"picked":"EmptyFist","floor":6},{"not_picked":["ThirdEye","Worship"],"picked":"SashWhip","floor":8},{"not_picked":["ThirdEye","BattleHymn"],"picked":"Fasting2","floor":10},{"not_picked":["Swivel","Evaluate"],"picked":"BowlingBash","floor":12},{"not_picked":["MentalFortress","ClearTheMind"],"picked":"Protect","floor":13}],"player_experience":1104859,"relics_obtained":[{"floor":6,"key":"InkBottle"},{"floor":9,"key":"Eternal Feather"},{"floor":10,"key":"Omamori"},{"floor":13,"key":"Bottled Lightning"}],"event_choices":[{"damage_healed":0,"gold_gain":0,"player_choice":"Donut","damage_taken":0,"max_hp_gain":5,"max_hp_loss":0,"event_name":"Big Fish","floor":2,"gold_loss":0},{"damage_healed":0,"gold_gain":0,"player_choice":"Leave","damage_taken":0,"max_hp_gain":0,"max_hp_loss":0,"event_name":"The Cleric","floor":3,"gold_loss":0},{"damage_healed":0,"gold_gain":175,"player_choice":"AGREE","damage_taken":52,"max_hp_gain":0,"max_hp_loss":0,"event_name":"betterThird:BetterSerpent","floor":14,"gold_loss":0}],"is_beta":false,"boss_relics":[],"items_purged_floors":[],"is_endless":false,"potions_floor_spawned":[1,6,8],"killed_by":"Hexaghost","ascension_level":10}}