{"host":"640uue19m79c7wbt","time":1613187811,"event":{"mods":["BaseMod","Colored Map","Googly Eyes","Highlight Path","Minty Spire (QoL Compilation)","Quick Restart","StSLib"],"gold_per_floor":[111,36,36,36,52,80,80,111,111,111,134,165,183,214,214,291,291,303,316,328,58,0,0,0,0],"floor_reached":24,"language":"ENG","playtime":1157,"items_purged":["Pain"],"score":494,"play_id":"c0323245-7b1a-451b-88d3-bb7842ed924d","local_time":"20210212224331","is_ascension_mode":true,"campfire_choices":[{"data":"Noxious Fumes","floor":7.0,"key":"SMITH"},{"floor":10.0,"key":"REST"},{"floor":15.0,"key":"REST"},{"floor":23,"key":"REST"}],"circlet_count":0,"master_deck":["AscendersBane","Strike_G","Strike_G","Strike_G","Strike_G","Defend_G","Defend_G","Defend_G","Defend_G","Defend_G","Survivor","Neutralize","Noxious Fumes+1","Cloak And Dagger","PiercingWail","Bouncing Flask","Acrobatics","Eviscerate","Reflex","Crippling Poison","Bullet Time","Underhanded Strike","Predator","Panache"],"relics":["Ring of the Snake","NeowsBlessing","WarpedTongs","Lizard Tail","Tiny Chest","Meat on the Bone","Odd Mushroom","Bag of Preparation","Pen Nib","SlaversCollar"],"acts_visited":["Exordium","TheCity"],"potions_floor_usage":[],"damage_taken":[{"damage":0.0,"enemies":"2 Louse","floor":1.0,"turns":1.0},{"damage":1.0,"enemies":"Jaw Worm","floor":5.0,"turns":1.0},{"damage":1.0,"enemies":"Gremlin Nob","floor":6.0,"turns":1.0},{"damage":31.0,"enemies":"Lagavulin","floor":8.0,"turns":12.0},{"damage":25.0,"enemies":"The Mushroom Lair","floor":11.0,"turns":6.0},{"damage":17.0,"enemies":"3 Sentries","floor":12.0,"turns":9.0},{"damage":3.0,"enemies":"Cultist","floor":13.0,"turns":3.0},{"damage":24.0,"enemies":"Lagavulin","floor":14.0,"turns":4.0},{"damage":25.0,"enemies":"Hexaghost","floor":16.0,"turns":10.0},{"damage":39.0,"enemies":"3 Byrds","floor":18.0,"turns":6.0},{"damage":42.0,"enemies":"Shell Parasite","floor":19.0,"turns":7.0},{"damage":4.0,"enemies":"Snake Plant","floor":20.0,"turns":3.0},{"damage":57,"enemies":"Gremlin Leader","floor":24,"turns":4}],"seed_played":"2915893833439361166","potions_obtained":[{"floor":6.0,"key":"SpeedPotion"},{"floor":8.0,"key":"AttackPotion"},{"floor":11.0,"key":"GamblersBrew"},{"floor":12.0,"key":"DuplicationPotion"},{"floor":14.0,"key":"EssenceOfSteel"},{"floor":19.0,"key":"PowerPotion"}],"is_trial":false,"path_per_floor":["M","?","$","?","M","E","R","E","T","R","?","E","M","E","R","B",null,"M","M","M","$","?","R","E"],"character_chosen":"THE_SILENT","items_purchased":["Panache"],"campfire_rested":3,"item_purchase_floors":[21],"current_hp_per_floor":[59,59,59,59,58,57,57,26,26,45,32,27,36,24,43,30,57,30,41,37,37,37,56,0,0],"gold":0,"neow_bonus":"THREE_ENEMY_KILL","is_daily":false,"chose_seed":false,"campfire_upgraded":1,"win_rate":0.0,"timestamp":1613187811,"path_taken":["M","?","$","?","?","E","R","E","T","R","?","E","M","E","R","BOSS","M","M","M","$","?","R","E"],"items_purchased_type":["Card"],"build_version":"2020-12-22","purchased_purges":1,"victory":false,"max_hp_per_floor":[66,66,66,66,66,66,66,66,66,66,66,66,66,66,66,66,66,66,66,66,66,66,66,66,66],"card_choices":[{"not_picked":["PiercingWail","Caltrops"],"picked":"Noxious Fumes","floor":1.0},{"not_picked":["Slice","Distraction"],"picked":"Cloak And Dagger","floor":5.0},{"not_picked":["Backflip","Dagger Throw"],"picked":"PiercingWail","floor":6.0},{"not_picked":["Finisher","Sucker Punch"],"picked":"Bouncing Flask","floor":8.0},{"not_picked":["Blade Dance","PiercingWail"],"picked":"Acrobatics","floor":11.0},{"not_picked":["Expertise","Footwork"],"picked":"Eviscerate","floor":12.0},{"not_picked":["Cloak And Dagger","Dodge and Roll"],"picked":"Reflex","floor":13.0},{"not_picked":["Dodge and Roll","Malaise"],"picked":"Crippling Poison","floor":14.0},{"not_picked":["Envenom","Die Die Die"],"picked":"Bullet Time","floor":16.0},{"not_picked":["Blade Dance","PiercingWail"],"picked":"Underhanded Strike","floor":18.0},{"not_picked":["Expertise+1","Dagger Throw"],"picked":"Predator","floor":19.0},{"not_picked":["Slice","Heel Hook","Acrobatics"],"picked":"SKIP","floor":20.0}],"player_experience":681272,"relics_obtained":[{"floor":6.0,"key":"Lizard Tail"},{"floor":8.0,"key":"Tiny Chest"},{"floor":9.0,"key":"Meat on the Bone"},{"floor":11.0,"key":"Odd Mushroom"},{"floor":12.0,"key":"Bag of Preparation"},{"floor":14.0,"key":"Pen Nib"}],"event_choices":[{"cards_removed":["Strike_G"],"damage_healed":0.0,"max_hp_gain":0.0,"max_hp_loss":0.0,"gold_gain":0.0,"event_name":"The Cleric","player_choice":"Card Removal","floor":2.0,"gold_loss":75.0,"damage_taken":0.0},{"damage_healed":0.0,"max_hp_gain":0.0,"max_hp_loss":0.0,"gold_gain":0.0,"event_name":"Accursed Blacksmith","player_choice":"Rummage","floor":4.0,"gold_loss":0.0,"damage_taken":0.0,"relics_obtained":["WarpedTongs"],"cards_obtained":["Pain"]},{"damage_healed":0.0,"max_hp_gain":0.0,"max_hp_loss":0.0,"gold_gain":0.0,"event_name":"Mushrooms","player_choice":"Fought Mushrooms","floor":11.0,"gold_loss":0.0,"damage_taken":0.0},{"damage_healed":0,"gold_gain":0,"player_choice":"Paid Fearfully","damage_taken":0,"max_hp_gain":0,"max_hp_loss":0,"event_name":"Masked Bandits","floor":22,"gold_loss":58}],"is_beta":false,"boss_relics":[{"not_picked":["Velvet Choker","Tiny House"],"picked":"SlaversCollar"}],"items_purged_floors":[21],"is_endless":false,"potions_floor_spawned":[6,8,11,12,14,19],"killed_by":"Gremlin Leader","ascension_level":20}}