{"host":"5ezk7t18wcb10u1o","time":1613216798,"event":{"mods":["BaseMod","Bestiary","Colored Powertips","Minty Spire (QoL Compilation)","Relic Sorter"],"gold_per_floor":[114,132,143,153,303,303,338,338,338,338,263,276,288,288,288,288,288],"floor_reached":16,"language":"ENG","playtime":559,"items_purged":["Doubt"],"score":204,"play_id":"10444a01-14f8-4144-99fc-833883e46a85","local_time":"20210213114638","is_ascension_mode":true,"campfire_choices":[{"data":"Steam","floor":6.0,"key":"SMITH"},{"floor":10,"key":"REST"},{"floor":15,"key":"REST"}],"circlet_count":0,"master_deck":["AscendersBane","Strike_B","Strike_B","Strike_B","Defend_B","Defend_B","Defend_B","Defend_B","Zap","Dualcast","Gash","Steam+1","Leap","Gash","Loop","Loop","Sweeping Beam","Leap"],"relics":["Cracked Core","Dream Catcher","Sundial"],"acts_visited":["Exordium"],"potions_floor_usage":[7,13],"damage_taken":[{"damage":1.0,"enemies":"Cultist","floor":1.0,"turns":4.0},{"damage":0.0,"enemies":"Small Slimes","floor":2.0,"turns":2.0},{"damage":3.0,"enemies":"2 Louse","floor":3.0,"turns":3.0},{"damage":0.0,"enemies":"Red Slaver","floor":4.0,"turns":4.0},{"damage":52,"enemies":"Gremlin Nob","floor":7,"turns":6},{"damage":13,"enemies":"Blue Slaver","floor":12,"turns":4},{"damage":15,"enemies":"Large Slime","floor":13,"turns":3},{"damage":25,"enemies":"Slime Boss","floor":16,"turns":3}],"seed_played":"-1562400717151034509","potions_obtained":[{"floor":3.0,"key":"Ancient Potion"},{"floor":12,"key":"BlessingOfTheForge"}],"is_trial":false,"path_per_floor":["M","M","M","M","?","R","E","?","T","R","$","M","M","?","R","B"],"character_chosen":"DEFECT","items_purchased":[],"campfire_rested":2,"item_purchase_floors":[],"current_hp_per_floor":[63,63,60,60,60,60,8,8,8,29,29,16,1,1,22,0,0],"gold":288,"neow_bonus":"RANDOM_COMMON_RELIC","is_daily":false,"chose_seed":false,"campfire_upgraded":1,"win_rate":0.0,"timestamp":1613216798,"path_taken":["M","M","?","M","?","R","E","?","T","R","$","?","M","?","R","BOSS"],"items_purchased_type":[],"build_version":"2020-12-22","purchased_purges":1,"victory":false,"max_hp_per_floor":[71,71,71,71,71,71,71,71,71,71,71,71,71,71,71,71,71],"card_choices":[{"not_picked":["Beam Cell","Chill"],"picked":"Gash","floor":1.0},{"not_picked":["Compile Driver","Redo"],"picked":"Steam","floor":2.0},{"not_picked":["Ball Lightning","Capacitor"],"picked":"Leap","floor":3.0},{"not_picked":["Conserve Battery","Static Discharge"],"picked":"Gash","floor":4.0},{"not_picked":["Recycle","Steam"],"picked":"Loop","floor":7},{"not_picked":["Gash","Machine Learning"],"picked":"Sweeping Beam","floor":10},{"not_picked":["Compile Driver","Ball Lightning","Gash"],"picked":"SKIP","floor":12},{"not_picked":["Aggregate","Compile Driver","Force Field"],"picked":"SKIP","floor":13},{"not_picked":["Redo","Darkness"],"picked":"Leap","floor":15}],"player_experience":1216508,"relics_obtained":[{"floor":7,"key":"Sundial"}],"event_choices":[{"damage_healed":0.0,"max_hp_gain":0.0,"max_hp_loss":0.0,"gold_gain":150.0,"event_name":"Liars Game","player_choice":"AGREE","floor":5.0,"gold_loss":0.0,"damage_taken":0.0,"cards_obtained":["Doubt"]},{"damage_healed":0,"gold_gain":0,"cards_transformed":["Strike_B"],"player_choice":"Transformed","damage_taken":0,"max_hp_gain":0,"max_hp_loss":0,"event_name":"Transmorgrifier","floor":8,"gold_loss":0,"cards_obtained":["Loop"]},{"damage_healed":0,"gold_gain":0,"player_choice":"Ignored","damage_taken":0,"max_hp_gain":0,"max_hp_loss":0,"event_name":"Golden Wing","floor":14,"gold_loss":0}],"is_beta":false,"boss_relics":[],"items_purged_floors":[11],"is_endless":false,"potions_floor_spawned":[3,12],"killed_by":"Slime Boss","ascension_level":20}}