{"host":"j9610sde00vfp93k","time":1613195005,"event":{"mods":["AchievementEnabler","BaseMod","Gold Saver","Minty Spire (QoL Compilation)","Permanent Neow","Rare Cards Sparkle","Spire Arcade","StSLib","SuperFastMode"],"gold_per_floor":[837,853,1028,1028,869,898,898,898,898,960,960,978,978,978],"floor_reached":13,"language":"ENG","playtime":435,"items_purged":["Regret"],"score":81,"play_id":"e3add2e3-2469-4f55-9b77-21047f5a0366","local_time":"20210213134325","is_ascension_mode":false,"campfire_choices":[{"data":"Steam","floor":8,"key":"SMITH"},{"data":"Hello World","floor":11,"key":"SMITH"}],"circlet_count":0,"master_deck":["Strike_B","Strike_B","Strike_B","Strike_B","Defend_B","Defend_B","Defend_B","Defend_B","Zap+1","Dualcast","Go for the Eyes","Hello World+1","Doubt","Defragment","Gash+1","Steam+1","Steam","Go for the Eyes"],"relics":["Cracked Core","WingedGreaves","Bottled Flame","Bottled Lightning","StrikeDummy"],"acts_visited":["Exordium"],"potions_floor_usage":[],"damage_taken":[{"damage":6,"enemies":"2 Louse","floor":1,"turns":2},{"damage":1,"enemies":"Jaw Worm","floor":2,"turns":2},{"damage":32,"enemies":"Gremlin Nob","floor":6,"turns":5},{"damage":14,"enemies":"Gremlin Nob","floor":10,"turns":5},{"damage":8,"enemies":"Small Slimes","floor":12,"turns":3},{"damage":14,"enemies":"3 Sentries","floor":13,"turns":4}],"seed_played":"8673067169067158402","potions_obtained":[{"floor":2,"key":"Regen Potion"},{"floor":6,"key":"LiquidBronze"}],"is_trial":false,"path_per_floor":["M","M","?","?","$","E","?","R","T","?","R","M","E"],"character_chosen":"DEFECT","items_purchased":["Defragment","Gash"],"campfire_rested":0,"item_purchase_floors":[5,5],"current_hp_per_floor":[69,68,68,68,68,36,36,36,36,22,22,14,0,0],"gold":978,"neow_bonus":"UPGRADE_CARD","is_daily":false,"chose_seed":false,"campfire_upgraded":2,"win_rate":0.0,"timestamp":1613195005,"path_taken":["M","M","?","?","$","E","?","R","T","?","R","M","E"],"items_purchased_type":["Card","Card"],"build_version":"2020-12-22","purchased_purges":1,"victory":false,"max_hp_per_floor":[75,75,75,75,75,75,75,75,75,75,75,75,75,75],"card_choices":[{"not_picked":["Barrage","Ball Lightning"],"picked":"Go for the Eyes","floor":1},{"not_picked":["Undo","Compile Driver"],"picked":"Hello World","floor":2},{"not_picked":["Leap","Chaos"],"picked":"Steam","floor":6},{"not_picked":["Barrage","Conserve Battery"],"picked":"Steam","floor":10},{"not_picked":["Undo","Biased Cognition"],"picked":"Go for the Eyes","floor":12}],"player_experience":218716,"relics_obtained":[{"floor":6,"key":"Bottled Flame"},{"floor":9,"key":"Bottled Lightning"},{"floor":10,"key":"StrikeDummy"}],"event_choices":[{"damage_healed":0,"gold_gain":175,"player_choice":"AGREE","damage_taken":0,"max_hp_gain":0,"max_hp_loss":0,"event_name":"Liars Game","floor":3,"gold_loss":0,"cards_obtained":["Doubt"]},{"damage_healed":0,"gold_gain":0,"player_choice":"Box","damage_taken":0,"relics_obtained":["WingedGreaves"],"max_hp_gain":0,"max_hp_loss":0,"event_name":"Big Fish","floor":4,"gold_loss":0,"cards_obtained":["Regret"]},{"damage_healed":0,"gold_gain":0,"player_choice":"Grow","damage_taken":0,"max_hp_gain":0,"max_hp_loss":0,"event_name":"Living Wall","floor":7,"gold_loss":0,"cards_upgraded":["Gash"]},{"damage_healed":0,"gold_gain":0,"player_choice":"Searched \u00271\u0027 times","damage_taken":0,"max_hp_gain":0,"max_hp_loss":0,"event_name":"Dead Adventurer","floor":10,"gold_loss":0}],"is_beta":false,"boss_relics":[],"items_purged_floors":[5],"is_endless":false,"potions_floor_spawned":[2,6],"killed_by":"3 Sentries","ascension_level":0}}