{"host":"vrsxkkch9ccrec7k","time":1613250688,"event":{"mods":["Act Like it!","BaseMod","Bestiary","Better Altar","Better Match","Better Note","Better Sensory Stone","Better Skull","Better Third Choice","Better Vampires","Downfall","Minty Spire (QoL Compilation)","Permanent Neow","Relic Stats","Spicy Shops","StSLib"],"gold_per_floor":[99,111,261,281,356,356,356,391,403,403,435,435,466,466,477,477,477,477],"floor_reached":16,"language":"ENG","playtime":633,"items_purged":[],"score":201,"play_id":"f27ae4de-df6b-4ee9-a4be-294ed1f701be","local_time":"20210213161128","is_ascension_mode":true,"campfire_choices":[{"data":"champ:Execute","floor":1,"key":"SMITH"},{"data":"champ:Duel","floor":6,"key":"SMITH"},{"data":"champ:Taunt","floor":10,"key":"SMITH"},{"data":"champ:Shatter","floor":12,"key":"SMITH"}],"circlet_count":0,"master_deck":["AscendersBane","champ:Strike","champ:Strike","champ:Strike","champ:Strike","champ:Defend","champ:Defend","champ:Defend","champ:Defend","champ:Execute+1","champ:Taunt+1","champ:Duel+1","downfall:Icky","champ:IronFortress","champ:CrookedStrike","champ:BerserkerStyle","champ:Shatter+1","champ:ViciousMockery","champ:BerserkersShout"],"relics":["champ:ChampionCrown","Orichalcum","Matryoshka","Blood Vial","Mercury Hourglass","downfall:BrokenWingStatue"],"acts_visited":["Exordium"],"potions_floor_usage":[11,13],"damage_taken":[{"damage":12,"enemies":"Jaw Worm","floor":2,"turns":5},{"damage":12,"enemies":"2 Louse","floor":4,"turns":3},{"damage":25,"enemies":"Lagavulin","floor":8,"turns":8},{"damage":5,"enemies":"Cultist","floor":9,"turns":4},{"damage":43,"enemies":"3 Sentries","floor":11,"turns":6},{"damage":63,"enemies":"Lagavulin","floor":13,"turns":8},{"damage":1,"enemies":"Blue Slaver","floor":15,"turns":3},{"damage":48,"enemies":"WA_ARCHETYPE_RETAIN","floor":16,"turns":7}],"seed_played":"-2537579960430214704","potions_obtained":[{"floor":2,"key":"AttackPotion"},{"floor":8,"key":"Ancient Potion"},{"floor":11,"key":"LiquidBronze"},{"floor":15,"key":"champ:CounterPotion"}],"is_trial":false,"path_per_floor":["R","M","?","M","?","R","T","E","M","R","E","R","E","?","M","B"],"character_chosen":"THE_CHAMP","items_purchased":[],"campfire_rested":0,"item_purchase_floors":[],"current_hp_per_floor":[81,79,79,77,77,77,77,72,67,67,59,59,22,22,23,0,0,0],"gold":477,"neow_bonus":"TEN_PERCENT_HP_BONUS","is_daily":false,"chose_seed":false,"campfire_upgraded":4,"win_rate":0.0,"timestamp":1613250688,"path_taken":["R","M","?","M","?","R","T","E","?","R","E","R","E","?","M","BOSS"],"items_purchased_type":[],"build_version":"2020-12-22","purchased_purges":0,"victory":false,"max_hp_per_floor":[89,89,89,89,89,89,89,89,89,89,89,89,89,89,89,89,89,89],"relic_stats":{"Blood Vial":6,"counters":[8,44],"Orichalcum":[54],"obtain_stats":[{"Blood Vial":11,"Matryoshka":8,"downfall:BrokenWingStatue":14,"champ:ChampionCrown":0,"Orichalcum":7,"Mercury Hourglass":13},{"Blood Vial":5,"Matryoshka":3,"downfall:BrokenWingStatue":6,"champ:ChampionCrown":0,"Orichalcum":2,"Mercury Hourglass":6},{"Blood Vial":26,"Matryoshka":16,"downfall:BrokenWingStatue":34,"champ:ChampionCrown":0,"Orichalcum":8,"Mercury Hourglass":34}],"Mercury Hourglass":[13]},"card_choices":[{"not_picked":["champ:SkillfulDodge","champ:AdrenalArmor"],"picked":"champ:Duel","floor":2},{"not_picked":["champ:AdrenalArmor","champ:DefensiveShout"],"picked":"champ:IronFortress","floor":4},{"not_picked":["champ:Parry","champ:ShieldSigil"],"picked":"champ:CrookedStrike","floor":8},{"not_picked":["champ:EnragedBash","champ:BerserkersShout"],"picked":"champ:BerserkerStyle","floor":9},{"not_picked":["champ:Parry","champ:RisingSlash"],"picked":"champ:Shatter","floor":11},{"not_picked":["champ:BringItOn","champ:DefensiveStyle"],"picked":"champ:ViciousMockery","floor":13},{"not_picked":["champ:RisingSlash","champ:PerfectedStrike"],"picked":"champ:BerserkersShout","floor":15}],"player_experience":1905034,"relics_obtained":[{"floor":7,"key":"Orichalcum"},{"floor":8,"key":"Matryoshka"},{"floor":11,"key":"Blood Vial"},{"floor":13,"key":"Mercury Hourglass"}],"event_choices":[],"is_beta":false,"boss_relics":[],"items_purged_floors":[],"is_endless":false,"potions_floor_spawned":[2,8,11,15],"killed_by":"WA_ARCHETYPE_RETAIN","ascension_level":14}}