{"host":"37ccm3d17clopct7","time":1613198620,"event":{"mods":["BaseMod","GungeonMod","Hermit","Lobotomy","Minty Spire (QoL Compilation)","StSLib","The Bug Knight","The Cursed","The Hierophant","The Jungle","The Runesmith"],"gold_per_floor":[109,124,124,124,199,199,10,28,28,28,42,42,57,87,87,182,182,201,214,114,234,83,83,112,112,112,112,128,143,169,181,181,277,277,297,313,12,30,42,71,49,49,49],"floor_reached":42,"language":"KOR","playtime":2371,"items_purged":["Runesmith:Strike_RS","Runesmith:Defend_RS"],"score":543,"play_id":"e5fc3647-5e79-40e1-b284-493d03029018","local_time":"20210213154340","is_ascension_mode":false,"campfire_choices":[{"floor":6,"key":"RECALL"},{"floor":12,"key":"REST"},{"data":"Runesmith:UnlimitedPower","floor":15,"key":"SMITH"},{"floor":23,"key":"REST"},{"data":"Runesmith:Permafrost","floor":27,"key":"SMITH"},{"data":"Runesmith:MetallurgicalResearch","floor":32,"key":"SMITH"}],"circlet_count":0,"master_deck":["Runesmith:Strike_RS","Runesmith:Strike_RS","Runesmith:Defend_RS","Runesmith:Defend_RS","Runesmith:Defend_RS","Runesmith:Fortify","Runesmith:CraftMagma","Runesmith:Refine","Runesmith:PerfectChisel","Runesmith:Permafrost+1","Runesmith:CraftProtectio","Runesmith:UnlimitedPower+1","Runesmith:EarthShield","Runesmith:MetallurgicalResearch+1","Runesmith:Terraform+1","Runesmith:OneForEveryone","Runesmith:ChiselStab+1","Runesmith:ChiselStab","Runesmith:CraftSpiculum","Runesmith:Refine","Runesmith:HeatedChisel","Runesmith:EnergizedChisel+1","Parasite","Runesmith:Grindstone"],"relics":["Runesmith:BrokenRuby","Pantograph","Toy Ornithopter","Runesmith:UraniumAnvil","Oddly Smooth Stone","Ginger","DemoMod:OrangeGuonStone","DemoMod:PinkGuonStone","SlaversCollar","DemoMod:GundromedaStrain","DemoMod:PartiallyEatenCheese"],"acts_visited":["Exordium","theJungle:Jungle","TheBeyond"],"potions_floor_usage":[2,14,33],"damage_taken":[{"damage":0,"enemies":"Jaw Worm","floor":1,"turns":4},{"damage":1,"enemies":"2 Louse","floor":2,"turns":3},{"damage":0,"enemies":"Cultist","floor":8,"turns":4},{"damage":12,"enemies":"Exordium Thugs","floor":11,"turns":7},{"damage":3,"enemies":"2 Fungi Beasts","floor":13,"turns":5},{"damage":9,"enemies":"3 Sentries","floor":14,"turns":8},{"damage":23,"enemies":"The Guardian","floor":16,"turns":12},{"damage":16,"enemies":"theJungle:Flameango_and_Byrd","floor":18,"turns":8},{"damage":2,"enemies":"theJungle:GiantWrat","floor":19,"turns":7},{"damage":10,"enemies":"theJungle:Cassacara","floor":24,"turns":14},{"damage":4,"enemies":"theJungle:2_Flameangoes","floor":28,"turns":8},{"damage":20,"enemies":"theJungle:2_Snecko_Cultists","floor":29,"turns":6},{"damage":0,"enemies":"theJungle:2_Phrogs","floor":30,"turns":9},{"damage":18,"enemies":"theJungle:Snecko_Cultist_And_Trap","floor":31,"turns":6},{"damage":0,"enemies":"theJungle:QueenSpyder","floor":33,"turns":11},{"damage":24,"enemies":"Orb Walker","floor":35,"turns":6},{"damage":0,"enemies":"3 Shapes","floor":36,"turns":4},{"damage":0,"enemies":"Writhing Mass","floor":38,"turns":6},{"damage":18,"enemies":"Transient","floor":39,"turns":5},{"damage":29,"enemies":"Nemesis","floor":40,"turns":7},{"damage":13,"enemies":"3 Darklings","floor":42,"turns":2}],"seed_played":"-8384214460469163495","potions_obtained":[{"floor":2,"key":"EntropicBrew"},{"floor":24,"key":"DuplicationPotion"},{"floor":39,"key":"AttackPotion"}],"is_trial":false,"path_per_floor":["M","M","?","?","?","R","$","M","T","$","M","R","M","E","R","B",null,"M","M","$","?","$","R","E","?","T","R","M","M","E","M","R","B",null,"M","M","$","M","M","E","$","M"],"character_chosen":"RUNESMITH_CLASS","items_purchased":["Runesmith:PerfectChisel","Runesmith:Permafrost","Oddly Smooth Stone","DemoMod:GundromedaStrain","Runesmith:Grindstone"],"campfire_rested":2,"item_purchase_floors":[7,7,22,37,41],"current_hp_per_floor":[77,76,69,69,58,58,58,58,58,58,46,69,66,57,57,54,77,61,59,59,48,48,71,61,61,61,61,57,37,44,26,26,56,84,60,60,60,60,42,13,13,0,0],"gold":49,"neow_bonus":"TEN_PERCENT_HP_BONUS","is_daily":false,"chose_seed":false,"campfire_upgraded":3,"win_rate":0.0,"timestamp":1613198620,"path_taken":["M","M","?","?","?","R","$","M","T","?","M","R","M","E","R","BOSS","M","M","$","?","$","R","E","?","T","R","?","M","E","M","R","BOSS","M","M","$","M","M","E","$","M"],"items_purchased_type":["Card","Card","Relic","Relic","Card"],"build_version":"2020-12-22","purchased_purges":2,"victory":false,"max_hp_per_floor":[77,77,77,77,77,77,77,77,77,77,77,77,77,77,77,77,77,77,77,77,77,77,77,77,77,77,77,77,77,84,84,84,84,84,84,84,84,84,84,84,84,84,84],"card_choices":[{"not_picked":["Runesmith:RuneHurl","Runesmith:CraftReservo"],"picked":"Runesmith:CraftMagma","floor":1},{"not_picked":["Runesmith:NegativeSpace","Runesmith:Grindstone"],"picked":"Runesmith:Refine","floor":2},{"not_picked":["Runesmith:MakeshiftArmor","Runesmith:Grindstone"],"picked":"Runesmith:CraftProtectio","floor":8},{"not_picked":["Runesmith:MakeshiftArmor","Runesmith:Overpower"],"picked":"Runesmith:UnlimitedPower","floor":11},{"not_picked":["Runesmith:HammerThrow","Runesmith:StaticCage"],"picked":"Runesmith:EarthShield","floor":13},{"not_picked":["Runesmith:Repurpose","Runesmith:Permafrost","Runesmith:HammerThrow"],"picked":"SKIP","floor":14},{"not_picked":["Runesmith:DuctTape","Runesmith:ArcReactor"],"picked":"Runesmith:MetallurgicalResearch","floor":16},{"not_picked":["Runesmith:BackupBattery","Runesmith:CraftSpiculum"],"picked":"Runesmith:Terraform+1","floor":18},{"not_picked":["Runesmith:MakeshiftArmor+1","Runesmith:Overpower"],"picked":"Runesmith:OneForEveryone","floor":19},{"not_picked":["Runesmith:Overpower","Runesmith:Malloc+1"],"picked":"Runesmith:ChiselStab+1","floor":24},{"not_picked":["Runesmith:Repurpose+1","Runesmith:Permafrost+1"],"picked":"Runesmith:ChiselStab","floor":28},{"not_picked":["Runesmith:MakeshiftArmor+1","Runesmith:LightningRod","Runesmith:HammerTime"],"picked":"SKIP","floor":29},{"not_picked":["Runesmith:DuctTape","Runesmith:HeatedChisel"],"picked":"Runesmith:CraftSpiculum","floor":30},{"not_picked":["Runesmith:HammerThrow","Runesmith:Overpower"],"picked":"Runesmith:Refine","floor":31},{"not_picked":["Runesmith:Overpower+1","Runesmith:UnstableHammer"],"picked":"Runesmith:HeatedChisel","floor":35},{"not_picked":["Runesmith:LastStand","Runesmith:Grindstone"],"picked":"Runesmith:EnergizedChisel+1","floor":36},{"not_picked":["Runesmith:HeatedChisel+1","Runesmith:GenerateForcefield","Runesmith:StaticCage+1"],"picked":"SKIP","floor":38},{"not_picked":["Runesmith:UnstableHammer+1","Runesmith:NanitesCloud","Runesmith:Electrocute+1"],"picked":"SKIP","floor":39},{"not_picked":["Runesmith:ChiselStab","Runesmith:ChaoticBlast+1","Runesmith:OneForEveryone+1"],"picked":"SKIP","floor":40}],"player_experience":190241,"relics_obtained":[{"floor":9,"key":"Pantograph"},{"floor":14,"key":"Toy Ornithopter"},{"floor":24,"key":"Ginger"},{"floor":26,"key":"DemoMod:OrangeGuonStone"},{"floor":30,"key":"DemoMod:PinkGuonStone"},{"floor":40,"key":"DemoMod:PartiallyEatenCheese"}],"event_choices":[{"cards_removed":["Runesmith:CraftFirestone"],"damage_healed":0,"gold_gain":0,"player_choice":"Card Removal","damage_taken":7,"max_hp_gain":0,"max_hp_loss":0,"event_name":"Golden Wing","floor":3,"gold_loss":0},{"damage_healed":0,"gold_gain":0,"player_choice":"Ignored","damage_taken":0,"max_hp_gain":0,"max_hp_loss":0,"event_name":"Liars Game","floor":4,"gold_loss":0},{"damage_healed":0,"gold_gain":75,"player_choice":"Gather Gold","damage_taken":11,"max_hp_gain":0,"max_hp_loss":0,"event_name":"World of Goop","floor":5,"gold_loss":0},{"cards_removed":["Runesmith:Strike_RS"],"damage_healed":0,"gold_gain":0,"player_choice":"Offered Basic","damage_taken":0,"max_hp_gain":0,"max_hp_loss":0,"event_name":"Bonfire Elementals","floor":25,"gold_loss":0}],"is_beta":false,"boss_relics":[{"not_picked":["Ectoplasm","Tiny House"],"picked":"Runesmith:UraniumAnvil"},{"not_picked":["Black Star","Velvet Choker"],"picked":"SlaversCollar"}],"items_purged_floors":[7,20],"is_endless":false,"potions_floor_spawned":[2,8,13,24,29,30,39],"killed_by":"3 Darklings","ascension_level":0}}