{"host":"z8galgznf6llawpn","time":1613244276,"event":{"mods":["AchievementEnabler","Act Like it!","BaseMod","Colored Map","Downfall","Friendly Minions","Minty Spire (QoL Compilation)","Permanent Neow","StSLib","Unceasing Turn Reminder"],"gold_per_floor":[99,110,130,40,53,53,53,86,102,118,148,148,165,192,210,312,312,212,228,244,244,86,96,96,119,119,156,170,170,200,200,219,314,314,214,230,285,209,223,223,223,223,233,283,62,76,86,136,146,146],"floor_reached":51,"language":"ENG","playtime":2993,"items_purged":["bronze:Strike"],"score":916,"play_id":"8c03aa53-97e0-4388-b712-10c7eca7456a","local_time":"20210213142436","is_ascension_mode":false,"campfire_choices":[{"data":"bronze:Goto","floor":1.0,"key":"SMITH"},{"data":"bronze:FineTuning","floor":6.0,"key":"SMITH"},{"floor":18.0,"key":"RECALL"},{"data":"bronze:Mutator","floor":35.0,"key":"SMITH"}],"circlet_count":0,"master_deck":["bronze:Replicate+1","bronze:Goto+1","bronze:OilSpill+1","bronze:WildBeam","bronze:CleanCode","bronze:FineTuning+1","bronze:NullPointer+1","bronze:ChosenStrike","bronze:BronzeArmor","bronze:FineTuning","bronze:Flail","bronze:DelayedSlice","bronze:DelayedGuard","bronze:Format","bronze:Repulsor+1","bronze:Mutator+1","bronze:Deprecate+1","bronze:Philosophize","bronze:MaxOutput","bronze:AlphaBuild+1","bronze:BronzeOrb+1","bronze:CleanCode","bronze:CleanCode","bronze:FineTuning+1","bronze:HardenedForm","bronze:ChildClass+1","bronze:FineTuning+1","bronze:ClassDefault+1"],"relics":["bronze:BronzeCore","Shuriken","Eternal Feather","Pantograph","HornCleat","Pandora\u0027s Box","downfall:HeartBlessingGreen","Bag of Preparation","Molten Egg 2","Strawberry","MutagenicStrength","Membership Card","Toxic Egg 2","Runic Dome","downfall:HeartBlessingRed","Shovel","Art of War","Dead Branch","Kunai","Prayer Wheel","Bronze Scales","Anchor","HandDrill","Potion Belt"],"acts_visited":["Exordium","TheCity","TheBeyond"],"potions_floor_usage":[],"damage_taken":[{"damage":0.0,"enemies":"Cultist","floor":2.0,"turns":4.0},{"damage":1.0,"enemies":"2 Louse","floor":3.0,"turns":2.0},{"damage":0.0,"enemies":"downfall:FleeingMerchant","floor":4.0,"turns":4.0},{"damage":1.0,"enemies":"Jaw Worm","floor":5.0,"turns":2.0},{"damage":19.0,"enemies":"Gremlin Nob","floor":8.0,"turns":4.0},{"damage":0.0,"enemies":"2 Fungi Beasts","floor":9.0,"turns":2.0},{"damage":18.0,"enemies":"Exordium Thugs","floor":10.0,"turns":4.0},{"damage":0.0,"enemies":"Lagavulin","floor":11.0,"turns":3.0},{"damage":7.0,"enemies":"Blue Slaver","floor":13.0,"turns":3.0},{"damage":0.0,"enemies":"3 Sentries","floor":14.0,"turns":3.0},{"damage":0.0,"enemies":"2 Fungi Beasts","floor":15.0,"turns":1.0},{"damage":0.0,"enemies":"SI_SHIV_ARCHETYPE","floor":16.0,"turns":3.0},{"damage":0.0,"enemies":"3 Byrds","floor":19.0,"turns":3.0},{"damage":0.0,"enemies":"Spheric Guardian","floor":20.0,"turns":3.0},{"damage":0.0,"enemies":"downfall:FleeingMerchant","floor":22.0,"turns":4.0},{"damage":36.0,"enemies":"Shelled Parasite and Fungi","floor":23.0,"turns":6.0},{"damage":1.0,"enemies":"downfall:FleeingMerchant","floor":27.0,"turns":4.0},{"damage":18.0,"enemies":"Cultist and Chosen","floor":28.0,"turns":6.0},{"damage":29.0,"enemies":"Book of Stabbing","floor":30.0,"turns":5.0},{"damage":0.0,"enemies":"Snecko","floor":32.0,"turns":3.0},{"damage":0.0,"enemies":"WA_ARCHETYPE_CALM","floor":33.0,"turns":5.0},{"damage":0.0,"enemies":"3 Shapes","floor":36.0,"turns":2.0},{"damage":5.0,"enemies":"2 Orb Walkers","floor":37.0,"turns":2.0},{"damage":0.0,"enemies":"Orb Walker","floor":39.0,"turns":1.0},{"damage":0.0,"enemies":"Sphere and 2 Shapes","floor":43.0,"turns":3.0},{"damage":0.0,"enemies":"Sphere and 2 Shapes","floor":44.0,"turns":2.0},{"damage":6.0,"enemies":"4 Shapes","floor":46.0,"turns":3.0},{"damage":9.0,"enemies":"Transient","floor":47.0,"turns":5.0},{"damage":0.0,"enemies":"Sphere and 2 Shapes","floor":49.0,"turns":1.0},{"damage":41,"enemies":"DF_ARCHETYPE_ORBS","floor":50,"turns":5}],"seed_played":"-2752357205548037328","potions_obtained":[{"floor":2.0,"key":"Energy Potion"},{"floor":5.0,"key":"hexamod:SoulburnPotion"},{"floor":10.0,"key":"PowerPotion"},{"floor":13.0,"key":"SkillPotion"},{"floor":23.0,"key":"FairyPotion"},{"floor":28.0,"key":"Energy Potion"},{"floor":32.0,"key":"bronze:FreeFunctionsPotion"},{"floor":49.0,"key":"SkillPotion"}],"is_trial":false,"path_per_floor":["R","M","M","$","M","R","T","E","M","M","E","?","M","E","M","B",null,"R","M","M","?","$","M","T","T","?","$","M","?","E","?","M","B",null,"R","M","?","$","M","?","T","T","M","?","$","M","M","?","M","B",null],"character_chosen":"THE_AUTOMATON","items_purchased":["Bag of Preparation","Membership Card","bronze:MaxOutput","bronze:AlphaBuild+1","bronze:BronzeOrb+1","Art of War","Bronze Scales","Anchor","HandDrill"],"campfire_rested":0,"item_purchase_floors":[22,27,27,27,27,38,45,45,45],"current_hp_per_floor":[63,63,62,62,61,61,61,42,42,79,79,79,72,72,72,84,84,84,84,84,84,84,48,48,55,55,54,36,36,7,27,91,91,91,91,91,86,86,86,86,86,86,86,91,91,85,76,76,76,50],"gold":146,"neow_bonus":"TWENTY_PERCENT_HP_BONUS","is_daily":false,"chose_seed":false,"campfire_upgraded":3,"win_rate":0.0,"timestamp":1613244276,"path_taken":["R","M","?","$","M","R","T","E","M","M","E","?","?","E","M","BOSS","R","M","M","?","$","M","T","?","?","$","M","?","E","?","M","BOSS","R","M","?","$","M","?","T","?","M","?","?","?","M","?","M","BOSS"],"items_purchased_type":["Relic","Relic","Card","Card","Card","Relic","Relic","Relic","Relic"],"build_version":"2020-12-22","purchased_purges":1,"victory":true,"max_hp_per_floor":[84,84,84,84,84,84,84,84,84,84,84,84,84,84,84,84,84,84,84,84,84,84,84,84,91,91,91,91,91,91,91,91,91,91,91,91,91,91,91,91,91,91,91,91,91,91,91,91,91,91],"card_choices":[{"not_picked":["bronze:Shield","bronze:Turbo"],"picked":"bronze:OilSpill","floor":2.0},{"not_picked":["bronze:Optimize","bronze:Invalidate"],"picked":"bronze:WildBeam","floor":3.0},{"not_picked":["bronze:FineTuning","bronze:Shield"],"picked":"bronze:CleanCode","floor":4.0},{"not_picked":["bronze:BuggyMess","bronze:ForceShield"],"picked":"bronze:FineTuning","floor":5.0},{"not_picked":["bronze:FollowUp","bronze:ThunderWave"],"picked":"bronze:CloningBeam","floor":8.0},{"not_picked":["bronze:BuggyMess","bronze:CutThrough"],"picked":"bronze:NullPointer","floor":9.0},{"not_picked":["bronze:CutThrough","bronze:WhirlingStrike"],"picked":"bronze:ChosenStrike","floor":10.0},{"not_picked":["bronze:Invalidate","bronze:OilSpill"],"picked":"bronze:BronzeArmor","floor":11.0},{"not_picked":["bronze:DelayedGuard","bronze:ItsAFeature","bronze:BitShift"],"picked":"SKIP","floor":13.0},{"not_picked":["bronze:BugBarrage","bronze:BitShift","bronze:Repair"],"picked":"SKIP","floor":14.0},{"not_picked":["bronze:DelayedGuard","bronze:Turbo"],"picked":"bronze:FineTuning","floor":15.0},{"not_picked":["bronze:ItsAFeature","bronze:Allocate","bronze:Invalidate+1"],"picked":"SKIP","floor":19.0},{"not_picked":["bronze:OilSpill","bronze:DelayedGuard"],"picked":"bronze:Deprecate","floor":20.0},{"not_picked":["bronze:Safeguard","bronze:ChildClass","bronze:Branch+1"],"picked":"SKIP","floor":22.0},{"not_picked":["bronze:Shield","bronze:ForLoop","bronze:OilSpill"],"picked":"SKIP","floor":23.0},{"not_picked":["bronze:DarkDash+1","bronze:NullPointer+1"],"picked":"bronze:Philosophize","floor":27.0},{"not_picked":["bronze:RecursiveStrike+1","bronze:Deprecate","bronze:MaxOutput"],"picked":"SKIP","floor":28.0},{"not_picked":["bronze:Repair+1","bronze:WildBeam+1","bronze:DelayedSlice+1"],"picked":"SKIP","floor":30.0},{"not_picked":["bronze:OilSpill+1","bronze:Overload+1"],"picked":"bronze:CleanCode","floor":32.0},{"not_picked":["bronze:Mutator","bronze:RecursiveStrike+1"],"picked":"bronze:CleanCode","floor":33.0},{"not_picked":["bronze:Deprecate+1","bronze:DelayedSlice+1"],"picked":"bronze:FineTuning+1","floor":36.0},{"not_picked":["bronze:HardenedForm","bronze:BitShift+1","bronze:DelayedGuard+1"],"picked":"SKIP","floor":39.0},{"not_picked":["bronze:BitShift+1","bronze:DelayedGuard+1"],"picked":"bronze:HardenedForm","floor":39.0},{"not_picked":["bronze:OilSpill+1","bronze:Branch+1"],"picked":"bronze:FineTuning+1","floor":43.0},{"not_picked":["bronze:Invalidate+1","bronze:DelayedSlice+1","bronze:Branch+1"],"picked":"SKIP","floor":46.0},{"not_picked":["bronze:BugBarrage+1","bronze:FollowUp+1","bronze:Branch+1"],"picked":"SKIP","floor":46.0},{"not_picked":["bronze:Flail+1","bronze:ChosenStrike+1","bronze:Assembly+1"],"picked":"SKIP","floor":47.0},{"not_picked":["bronze:Philosophize+1","bronze:Allocate+1","bronze:Overload+1"],"picked":"SKIP","floor":47.0},{"not_picked":["bronze:Repair+1","bronze:Return+1"],"picked":"bronze:ClassDefault+1","floor":49.0},{"not_picked":["bronze:OilSpill+1","bronze:DarkDash+1","bronze:Frontload+1"],"picked":"SKIP","floor":49.0}],"player_experience":433622,"relics_obtained":[{"floor":7.0,"key":"Shuriken"},{"floor":8.0,"key":"Eternal Feather"},{"floor":11.0,"key":"Pantograph"},{"floor":14.0,"key":"HornCleat"},{"floor":24.0,"key":"Molten Egg 2"},{"floor":25.0,"key":"Strawberry"},{"floor":30.0,"key":"Toxic Egg 2"},{"floor":37.0,"key":"Shovel"},{"floor":41.0,"key":"Dead Branch"},{"floor":42.0,"key":"Kunai"},{"floor":44.0,"key":"Prayer Wheel"},{"floor":48.0,"key":"Potion Belt"}],"event_choices":[{"damage_healed":0.0,"max_hp_gain":0.0,"max_hp_loss":0.0,"gold_gain":0.0,"event_name":"Drug Dealer","player_choice":"Inject Mutagens","floor":26.0,"gold_loss":0.0,"damage_taken":0.0,"relics_obtained":["MutagenicStrength"]},{"damage_healed":0.0,"max_hp_gain":0.0,"max_hp_loss":0.0,"gold_gain":0.0,"event_name":"Vampires","player_choice":"Ignored","floor":29.0,"gold_loss":0.0,"damage_taken":0.0},{"damage_healed":0.0,"max_hp_gain":0.0,"max_hp_loss":0.0,"gold_gain":0.0,"event_name":"Mysterious Sphere","player_choice":"Fight","floor":37.0,"gold_loss":0.0,"damage_taken":0.0}],"is_beta":false,"boss_relics":[{"not_picked":["Velvet Choker","SlaversCollar"],"picked":"Pandora\u0027s Box"},{"not_picked":["Calling Bell","SacredBark"],"picked":"Runic Dome"}],"items_purged_floors":[4],"is_endless":false,"potions_floor_spawned":[2,5,10,13,15,19,23,28,30,32,37,44,46,49],"ascension_level":0}}