{"host":"pqs17sqrgflf4eqa","time":1613188570,"event":{"mods":["AchievementEnabler","BaseMod","Bestiary","Better Altar","Better Match","Better Skull","Block Reminder","Bossed Relics","Colored Map","Colored Powertips","Curses Come First","Dark Map","DeckTracker","Defective Defect","Displayed Cursed Tome","Emptier Cage","Googly Eyes","Highlight Path","Minty Spire (QoL Compilation)","Quick Restart","Slay-I","StSLib","SuperFastMode","Synergy Search","Thieving Mod","Transform Curses","everything is the same but u backflip on backflip","slay the spire mod where everything is the same but ironclad has a cowboy hat"],"gold_per_floor":[112,13,24,37,112,112,36,36,36,54,54,81,81,100,100,100,100],"floor_reached":16,"language":"ENG","playtime":330,"items_purged":["Normality"],"score":130,"play_id":"8c4aea85-00a8-4079-9276-2d9b6d9b0c01","local_time":"20210212225610","is_ascension_mode":true,"campfire_choices":[{"data":"Armaments","floor":6,"key":"SMITH"},{"data":"Limit Break","floor":8,"key":"SMITH"},{"data":"1","floor":15,"key":"LIFT"}],"circlet_count":0,"master_deck":["Strike_R","Strike_R","Strike_R","Strike_R","Strike_R","Defend_R","Defend_R","Defend_R","Defend_R","Bash","Limit Break+1","Armaments+1","Thunderclap","Whirlwind+1","Cleave","Pummel","Flame Barrier","Shockwave"],"relics":["Burning Blood","Torii","Girya"],"acts_visited":["Exordium"],"potions_floor_usage":[12,14,14,16],"damage_taken":[{"damage":3,"enemies":"2 Louse","floor":1,"turns":3},{"damage":18,"enemies":"Jaw Worm","floor":3,"turns":4},{"damage":0,"enemies":"Small Slimes","floor":4,"turns":2},{"damage":13,"enemies":"Blue Slaver","floor":10,"turns":2},{"damage":40,"enemies":"Lagavulin","floor":12,"turns":7},{"damage":7,"enemies":"Lots of Slimes","floor":14,"turns":2},{"damage":18,"enemies":"Hexaghost","floor":16,"turns":11}],"seed_played":"-615242238345133563","potions_obtained":[{"floor":3,"key":"Dexterity Potion"},{"floor":4,"key":"LiquidMemories"},{"floor":12,"key":"Fire Potion"},{"floor":14,"key":"Weak Potion"}],"is_trial":false,"path_per_floor":["M","$","M","M","?","R","$","R","T","M","?","E","?","M","R","B"],"character_chosen":"IRONCLAD","items_purchased":["Thunderclap","Pummel"],"campfire_rested":0,"item_purchase_floors":[2,7],"current_hp_per_floor":[75,75,63,69,58,58,58,58,58,51,51,17,17,16,16,0,0],"gold":100,"neow_bonus":"THREE_RARE_CARDS","is_daily":false,"chose_seed":false,"campfire_upgraded":2,"win_rate":0.0,"timestamp":1613188570,"path_taken":["M","$","M","M","?","R","$","R","T","M","?","E","?","M","R","BOSS"],"items_purchased_type":["Card","Card"],"build_version":"2020-12-22","purchased_purges":1,"victory":false,"max_hp_per_floor":[80,80,80,80,80,80,80,80,80,80,80,80,80,80,80,80,80],"card_choices":[{"not_picked":["Brutality","Berserk"],"picked":"Limit Break","floor":0},{"not_picked":["Rage","Clash"],"picked":"Armaments","floor":1},{"not_picked":["Disarm","Clash"],"picked":"Whirlwind","floor":3},{"not_picked":["Ghostly Armor","Havoc"],"picked":"Cleave","floor":4},{"not_picked":["Havoc","Seeing Red"],"picked":"Flame Barrier","floor":10},{"not_picked":["Double Tap","Seeing Red"],"picked":"Shockwave","floor":12},{"not_picked":["Pommel Strike","Burning Pact","Hemokinesis"],"picked":"SKIP","floor":14}],"player_experience":183284,"relics_obtained":[{"floor":9,"key":"Torii"},{"floor":12,"key":"Girya"}],"event_choices":[{"damage_healed":0,"gold_gain":75,"player_choice":"Gather Gold","damage_taken":11,"max_hp_gain":0,"max_hp_loss":0,"event_name":"World of Goop","floor":5,"gold_loss":0},{"damage_healed":0,"gold_gain":0,"player_choice":"Grow","damage_taken":0,"max_hp_gain":0,"max_hp_loss":0,"event_name":"Living Wall","floor":11,"gold_loss":0,"cards_upgraded":["Whirlwind"]},{"damage_healed":0,"gold_gain":0,"player_choice":"Ignored","damage_taken":0,"max_hp_gain":0,"max_hp_loss":0,"event_name":"Liars Game","floor":13,"gold_loss":0}],"is_beta":false,"boss_relics":[],"items_purged_floors":[2],"is_endless":false,"potions_floor_spawned":[3,4,12,14],"killed_by":"Hexaghost","ascension_level":6}}