{"host":"0flpm62pz1oti8w0","time":1613214780,"event":{"mods":["ATMod(ªü½@Mod)","AchievementEnabler","Act Like it!","Arknights","BaseMod","Conspire","Downfall","Hermit","Minty Spire (QoL Compilation)","Reimu¡]³Õ???¡^","Remilia¡]Á¢¦Ì²ú?¡^","Spicy Shops","StSLib","The Animator","Waifu the Spire","Youmu¡]»î¾z§¯?¡^","êº¤õ«ü«n"],"gold_per_floor":[112,129,145,99999037,99999037,99997961,99996941,99995923,99995923,99995937,99994865,99994865,99993999,99994078,99992974,99993106,99993118,99993173,99993173],"floor_reached":18,"language":"ZHS","playtime":475,"items_purged":["DevaForm","champ:GladiatorForm","Wraith Form v2","bronze:Verify","hexamod:HexaLevel","BatForm","Feel No Pain","Shrug It Off"],"score":452,"play_id":"ad70715b-cba2-4af4-ba9d-3e1531b0ff60","local_time":"20210213191300","daily_mods":["SealedDeck","Vintage","Red Cards","Heirloom","Time Dilation","Flight"],"is_ascension_mode":false,"campfire_choices":[],"circlet_count":0,"master_deck":["Demon Form","Echo Form","sneckomod:SerpentMind+1","Guardian:ConstructionForm","Slimebound:DuplicatedForm","AT_FamilyPortrait+1","AT_FamilyPortrait+1","Inflame","Inflame","AT_CelerityRune","Flex+1","Shrug It Off","Exhume"],"relics":["Unceasing Top","AT_ATBox","AT_GoldPhoenixTree","AT_SpeedBoots","Bird Faced Urn","AT_RedTearstoneRing","Red Skull","AT_TimeSand","Strange Spoon","OrangePellets","Potion Belt","Kunai","TheAbacus","conspire:DeflatedDodgeball","War Paint","ClockworkSouvenir","conspire:TreasureMap","Tiny Chest","conspire:Dentures","Oddly Smooth Stone","Guardian:PocketSentry","champ:Barbells","Nunchaku","Lantern","Blood Vial","Orichalcum","Medical Kit","Darkstone Periapt","Question Card","Eternal Feather","Omamori","AT_MibuBalloonWealth","MawBank","Slimebound:StickyStick","hexamod:BolsterEngine","Toolbox","Thread and Needle","Lee\u0027s Waffle","AT_BellowingDragoncrestRing","Strawberry","bronze:DonusWashers","PreservedInsect","Black Star","AT_SunfireAegis"],"acts_visited":["Exordium","TheCity"],"potions_floor_usage":[],"damage_taken":[{"damage":0,"enemies":"Cultist","floor":1,"turns":1},{"damage":0,"enemies":"Jaw Worm","floor":2,"turns":1},{"damage":0,"enemies":"Small Slimes","floor":3,"turns":1},{"damage":0,"enemies":"Looter","floor":10,"turns":1},{"damage":0,"enemies":"Exordium Thugs","floor":14,"turns":1},{"damage":0,"enemies":"Slime Boss","floor":16,"turns":1},{"damage":0,"enemies":"Spheric Guardian","floor":18,"turns":1}],"seed_played":"-5384860196477018229","potions_obtained":[{"floor":2,"key":"Strength Potion"},{"floor":10,"key":"BlessingOfTheForge"},{"floor":16,"key":"Explosive Potion"}],"is_trial":true,"path_per_floor":["M","M","M","$","?","R","R","R","T","M","$","T","R","M","R","B",null,"M"],"character_chosen":"IRONCLAD","items_purchased":["Red Skull","AT_TimeSand","Strange Spoon","OrangePellets","Potion Belt","Feel No Pain","AT_FamilyPortrait","Kunai","TheAbacus","conspire:DeflatedDodgeball","War Paint","ClockworkSouvenir","Inflame","Shrug It Off","conspire:TreasureMap","Tiny Chest","conspire:Dentures","Oddly Smooth Stone","Inflame","Guardian:PocketSentry","champ:Barbells","Nunchaku","Lantern","Blood Vial","Orichalcum","Medical Kit","Eternal Feather","Omamori","AT_MibuBalloonWealth","AT_CelerityRune","Flex","Shrug It Off","Slimebound:StickyStick","hexamod:BolsterEngine","Toolbox","Lee\u0027s Waffle","AT_BellowingDragoncrestRing","Strawberry","bronze:DonusWashers","PreservedInsect"],"campfire_rested":0,"item_purchase_floors":[4,4,4,4,4,4,4,6,6,6,6,6,6,6,7,7,7,7,7,7,8,8,8,8,8,8,11,11,11,11,11,11,13,13,13,15,15,15,15,15],"current_hp_per_floor":[80,80,80,80,80,80,80,80,80,80,80,80,80,80,94,94,94,94,94],"gold":99993173,"neow_bonus":"","is_daily":false,"chose_seed":false,"campfire_upgraded":0,"win_rate":0.0,"timestamp":1613214780,"path_taken":["M","?","M","$","?","R","R","R","T","?","$","?","R","M","R","BOSS","M"],"items_purchased_type":["Relic","Relic","Relic","Relic","Relic","Card","Card","Relic","Relic","Relic","Relic","Relic","Card","Card","Relic","Relic","Relic","Relic","Card","Relic","Relic","Relic","Relic","Relic","Relic","Relic","Relic","Relic","Relic","Card","Card","Card","Relic","Relic","Relic","Relic","Relic","Relic","Relic","Relic"],"build_version":"2020-12-22","purchased_purges":8,"victory":false,"max_hp_per_floor":[80,80,80,80,80,80,80,80,80,80,80,80,80,80,94,94,94,94,94],"card_choices":[{"not_picked":["Juggernaut","Berserk","Bludgeon"],"picked":"Exhume","floor":16}],"player_experience":143787,"relics_obtained":[{"floor":1,"key":"AT_SpeedBoots"},{"floor":2,"key":"Bird Faced Urn"},{"floor":3,"key":"AT_RedTearstoneRing"},{"floor":9,"key":"Darkstone Periapt"},{"floor":10,"key":"Question Card"},{"floor":12,"key":"MawBank"},{"floor":14,"key":"Thread and Needle"},{"floor":18,"key":"AT_SunfireAegis"}],"event_choices":[{"damage_healed":0,"gold_gain":0,"player_choice":"Bought 0 Potions","damage_taken":0,"max_hp_gain":0,"max_hp_loss":0,"event_name":"The Woman in Blue","floor":5,"gold_loss":0}],"is_beta":false,"boss_relics":[{"not_picked":["RedLine:ReiMu","Sozu"],"picked":"Black Star"}],"items_purged_floors":[4,7,8,11,11,13,13,15],"is_endless":true,"potions_floor_spawned":[2,10,16],"killed_by":"Spheric Guardian","ascension_level":0}}