{"host":"qj2ynjh122p6ybyd","time":1613227120,"event":{"mods":["AchievementEnabler","Aspiration","BaseMod","Better Match","Better Note","Highlight Path","Infinite Spire","Minty Spire (QoL Compilation)","Quick Restart","Relic Stats","Reliquary","Replay The Spire","StSLib","SuperFastMode","The Blackbeard","The Gatherer"],"gold_per_floor":[109,160,122,192,208,208,223,223,223,236,266,286,286,286,286,363,363,174,0,0,0,0,0,0],"floor_reached":23,"language":"RUS","playtime":675,"items_purged":[],"score":327,"play_id":"7121c46d-6c3a-4a8f-8ceb-417514fba659","local_time":"20210213163840","is_ascension_mode":true,"campfire_choices":[{"floor":6,"key":"REST"},{"data":"Noxious Fumes","floor":8,"key":"SMITH"},{"floor":13,"key":"REST"},{"data":"Mind Blast","floor":15,"key":"SMITH"}],"circlet_count":0,"master_deck":["AscendersBane","Strike_G","Strike_G","Strike_G","Strike_G","Defend_G","Defend_G","Defend_G","Defend_G","Defend_G","Survivor","Mind Blast+1","Flying Knee","Poisoned Stab","Dash","Noxious Fumes+1","Replay:Poison Smokescreen","Dagger Spray","Infinite Blades","Well Laid Plans","Deadly Poison","Phantasmal Killer+1","Reflex","Adrenaline","Injury","Concentrate"],"relics":["Ring of the Snake","Ancient Tea Set","Replay:Bottled Flurry","Blue Candle","Replay:PocketPolymizer","Replay:Ancient Bell","Snake Skull","Mirror","StoneCalendar","MutagenicStrength"],"acts_visited":["Exordium","TheCity"],"potions_floor_usage":[11,16],"damage_taken":[{"damage":0,"enemies":"Small Slimes","floor":1,"turns":6},{"damage":5,"enemies":"Jaw Worm","floor":5,"turns":4},{"damage":0,"enemies":"Cultist","floor":7,"turns":3},{"damage":0,"enemies":"Red Slaver","floor":10,"turns":3},{"damage":19,"enemies":"Lagavulin","floor":11,"turns":5},{"damage":5,"enemies":"2 Fungi Beasts","floor":12,"turns":3},{"damage":28,"enemies":"Hexaghost","floor":16,"turns":8},{"damage":51,"enemies":"Shell Parasite","floor":18,"turns":6},{"damage":22,"enemies":"Nightmare","floor":23,"turns":5}],"seed_played":"-7653003952365805229","potions_obtained":[{"floor":2,"key":"GamblersBrew"},{"floor":5,"key":"Adrenaline Potion"},{"floor":11,"key":"Dexterity Potion"}],"is_trial":false,"path_per_floor":["M","?","$","T","M","R","M","R","T","M","E","M","R","?","R","B",null,"M","?","?","?","$","NM"],"character_chosen":"THE_SILENT","items_purchased":["Noxious Fumes"],"campfire_rested":2,"item_purchase_floors":[3],"current_hp_per_floor":[59,38,38,38,33,52,52,52,52,52,33,28,47,47,47,19,54,3,3,3,16,16,0,0],"gold":0,"neow_bonus":"RANDOM_COLORLESS","is_daily":false,"chose_seed":false,"campfire_upgraded":2,"win_rate":0.0,"timestamp":1613227120,"path_taken":["M","?","$","?","M","R","M","R","T","M","E","?","R","?","R","BOSS","M","?","?","?","$","NM"],"items_purchased_type":["Card"],"build_version":"2020-12-22","purchased_purges":0,"victory":false,"max_hp_per_floor":[66,66,66,66,66,66,66,66,66,66,66,66,66,66,66,66,66,66,66,66,66,66,66,66],"relic_stats":{"counters":[9,43],"Blue Candle":[2],"StoneCalendar":[0],"Snake Skull":[11],"obtain_stats":[{"Replay:PocketPolymizer":11,"Blue Candle":9,"MutagenicStrength":20,"StoneCalendar":17,"Snake Skull":17,"Replay:Bottled Flurry":4,"Replay:Ancient Bell":17,"Ancient Tea Set":2,"Mirror":17,"Ring of the Snake":0},{"Replay:PocketPolymizer":5,"Blue Candle":3,"MutagenicStrength":8,"StoneCalendar":7,"Snake Skull":7,"Replay:Bottled Flurry":1,"Replay:Ancient Bell":7,"Ancient Tea Set":1,"Mirror":7,"Ring of the Snake":0},{"Replay:PocketPolymizer":21,"Blue Candle":13,"MutagenicStrength":38,"StoneCalendar":32,"Snake Skull":32,"Replay:Bottled Flurry":6,"Replay:Ancient Bell":32,"Ancient Tea Set":6,"Mirror":32,"Ring of the Snake":0}],"Ring of the Snake":[18]},"card_choices":[{"not_picked":["Deep Breath","Trip"],"picked":"Mind Blast","floor":0},{"not_picked":["Backstab","Deflect"],"picked":"Flying Knee","floor":1},{"not_picked":["Predator","Hidden Blade"],"picked":"Poisoned Stab","floor":2},{"not_picked":["ReplayTheSpireMod:The Works","Blade Dance"],"picked":"Dash","floor":2},{"not_picked":["Dagger Throw","ReplayTheSpireMod:The Works"],"picked":"Replay:Poison Smokescreen","floor":5},{"not_picked":["Predator","Quick Slash"],"picked":"Dagger Spray","floor":7},{"not_picked":["Masterful Stab","Flying Knee"],"picked":"Infinite Blades","floor":10},{"not_picked":["Sucker Punch","Slice"],"picked":"Well Laid Plans","floor":11},{"not_picked":["Blade Dance","Backflip"],"picked":"Deadly Poison","floor":12},{"not_picked":["Tools of the Trade","Phantasmal Killer"],"picked":"Adrenaline","floor":16},{"not_picked":["betterMatch:CurseCard","Shame"],"picked":"ReplayTheSpireMod:IOU","floor":17},{"not_picked":["CurseOfTheBell","betterMatch:CurseCard"],"picked":"ReplayTheSpireMod:IOU","floor":17},{"not_picked":["Delirium","CurseOfTheBell"],"picked":"Injury","floor":17},{"not_picked":["Dagger Throw","Cloak And Dagger+1"],"picked":"Concentrate","floor":18}],"player_experience":384686,"relics_obtained":[{"floor":2,"key":"Ancient Tea Set"},{"floor":4,"key":"Replay:Bottled Flurry"},{"floor":9,"key":"Blue Candle"},{"floor":11,"key":"Replay:PocketPolymizer"}],"event_choices":[{"damage_healed":0,"gold_gain":0,"player_choice":"Paid Fearfully","damage_taken":0,"max_hp_gain":0,"max_hp_loss":0,"event_name":"Masked Bandits","floor":19,"gold_loss":174},{"damage_healed":0,"gold_gain":0,"player_choice":"Inject Mutagens","damage_taken":0,"relics_obtained":["MutagenicStrength"],"max_hp_gain":0,"max_hp_loss":0,"event_name":"Drug Dealer","floor":20,"gold_loss":0},{"damage_healed":13,"gold_gain":0,"player_choice":"Heal","damage_taken":0,"max_hp_gain":0,"max_hp_loss":0,"event_name":"The Library","floor":21,"gold_loss":0}],"is_beta":false,"boss_relics":[{"not_picked":["Replay:Drink Me","Runic Pyramid"],"picked":"Replay:Ancient Bell"},{"not_picked":["reliquary:Buckler","reliquary:PartyBalloon"],"picked":"Snake Skull"},{"not_picked":["ReplayTheSpireMod:Shallot","Sundial"],"picked":"Mirror"},{"not_picked":["Peace Pipe","Replay:Towering Pillar of Hats"],"picked":"StoneCalendar"}],"items_purged_floors":[],"is_endless":false,"potions_floor_spawned":[5,10,11],"killed_by":"Nightmare","ascension_level":15}}