{"host":"tia00321x3ndnwo4","time":1613194718,"event":{"mods":["2.2 Compatiblity","BaseMod","Bestiary","Colored Map","Colored Powertips","Curses Come First","Downfall","Highlight Path","Minty Spire (QoL Compilation)","Relic Stats","Slay the Relics Exporter","StSLib","SuperFastMode"],"gold_per_floor":[99,117,128,138,313,343,343,373,373,473,473,473,473,506,518,623,623,623,633,633,652,663,689,689,701,701,718,718,272,272,272,295,410,422,434,460,486,498,510,251,278,290,340,365,380,395,395,410,420,420],"floor_reached":51,"language":"ENG","playtime":3162,"items_purged":["Doubt","Pride","champ:Strike"],"score":732,"play_id":"0d12579c-737d-4c65-b2ff-ca9473c551f4","local_time":"20210212213838","is_ascension_mode":false,"campfire_choices":[{"data":"champ:Taunt","floor":1,"key":"SMITH"},{"data":"champ:FaceSlap","floor":11,"key":"SMITH"},{"data":"champ:PreciseThrust","floor":13,"key":"SMITH"},{"data":"champ:HoldFirm","floor":18,"key":"SMITH"},{"data":"champ:Haymaker","floor":26,"key":"SMITH"},{"data":"champ:TornadoPunch","floor":28,"key":"SMITH"},{"data":"champ:FaceSlap","floor":30,"key":"SMITH"},{"data":"champ:GladiatorStyle","floor":35,"key":"SMITH"},{"data":"expansioncontent:Chronoboost","floor":47,"key":"SMITH"}],"circlet_count":0,"master_deck":["champ:Strike","champ:Strike","champ:Strike","champ:Defend","champ:Defend","champ:Defend","champ:Defend","champ:Execute","champ:Taunt+1","champ:PreciseThrust+1","champ:Backstep","champ:GladiatorStyle+1","champ:FaceSlap+1","champ:FlashCut","champ:FocusedDefense","champ:Haymaker+1","champ:HoldFirm+1","champ:GutPunch","champ:PreciseThrust+1","champ:TornadoPunch+1","champ:DeathBlow+1","champ:AdrenalArmor","champ:EnragedBash","champ:GladiatorStyle+1","champ:FaceSlap+1","champ:BerserkersShout","champ:SwordThrow","champ:Shatter+1","champ:DefensiveShout+1","expansioncontent:GuardianWhirl","expansioncontent:Chronoboost+1","champ:MurderStrike","champ:GladiatorStyle+1","champ:DeathBlow+1","champ:ShieldWall","champ:Improvising","champ:BringItOn+1","champ:TornadoPunch+1"],"relics":["champ:ChampionCrown","Toy Ornithopter","StrikeDummy","Odd Mushroom","CaptainsWheel","bronze:MakeshiftBattery","Pen Nib","White Beast Statue","Mercury Hourglass","MawBank","Snecko Eye","Bag of Marbles","champ:GladiatorsBookOfMartialProwess","Ancient Tea Set","Sling"],"acts_visited":["Exordium","TheCity","TheBeyond"],"potions_floor_usage":[14,16,16,16,16,21,27,33,33,36,43,44,46,48,49,50,50],"damage_taken":[{"damage":30,"enemies":"Jaw Worm","floor":2,"turns":4},{"damage":15,"enemies":"2 Louse","floor":3,"turns":2},{"damage":10,"enemies":"Small Slimes","floor":4,"turns":2},{"damage":76,"enemies":"Lagavulin","floor":6,"turns":14},{"damage":23,"enemies":"The Mushroom Lair","floor":8,"turns":6},{"damage":23,"enemies":"3 Sentries","floor":14,"turns":8},{"damage":12,"enemies":"2 Fungi Beasts","floor":15,"turns":3},{"damage":16,"enemies":"SI_SHIV_ARCHETYPE","floor":16,"turns":8},{"damage":15,"enemies":"3 Byrds","floor":19,"turns":7},{"damage":35,"enemies":"Centurion and Healer","floor":21,"turns":7},{"damage":20,"enemies":"Cultist and Chosen","floor":22,"turns":4},{"damage":34,"enemies":"Gremlin Leader","floor":23,"turns":10},{"damage":31,"enemies":"Snecko","floor":25,"turns":4},{"damage":5,"enemies":"Sentry and Sphere","floor":27,"turns":5},{"damage":15,"enemies":"downfall:FleeingMerchant","floor":29,"turns":4},{"damage":47,"enemies":"Chosen and Byrds","floor":32,"turns":5},{"damage":85,"enemies":"DF_ARCHETYPE_CLAW","floor":33,"turns":8},{"damage":15,"enemies":"3 Darklings","floor":36,"turns":3},{"damage":23,"enemies":"3 Shapes","floor":37,"turns":2},{"damage":35,"enemies":"downfall:FleeingMerchant","floor":40,"turns":4},{"damage":24,"enemies":"Maw","floor":42,"turns":5},{"damage":35,"enemies":"Maw","floor":43,"turns":6},{"damage":59,"enemies":"Reptomancer","floor":44,"turns":5},{"damage":25,"enemies":"downfall:FleeingMerchant","floor":45,"turns":4},{"damage":32,"enemies":"Spire Growth","floor":46,"turns":3},{"damage":50,"enemies":"Transient","floor":48,"turns":5},{"damage":0,"enemies":"4 Shapes","floor":49,"turns":4},{"damage":167,"enemies":"IC_BLOCK_ARCHETYPE","floor":50,"turns":10}],"seed_played":"-8469345038645574269","potions_obtained":[{"floor":2,"key":"Swift Potion"},{"floor":6,"key":"EntropicBrew"},{"floor":8,"key":"AttackPotion"},{"floor":19,"key":"SkillPotion"},{"floor":25,"key":"SteroidPotion"},{"floor":27,"key":"Swift Potion"},{"floor":29,"key":"Weak Potion"},{"floor":32,"key":"Strength Potion"},{"floor":33,"key":"AttackPotion"},{"floor":36,"key":"SpeedPotion"},{"floor":37,"key":"Swift Potion"},{"floor":40,"key":"bronze:BurnAndBuffPotion"},{"floor":42,"key":"BlessingOfTheForge"},{"floor":43,"key":"Dexterity Potion"},{"floor":44,"key":"AttackPotion"},{"floor":46,"key":"FairyPotion"},{"floor":48,"key":"Regen Potion"},{"floor":49,"key":"PowerPotion"}],"is_trial":false,"path_per_floor":["R","M","M","M","?","E","T","?","?","?","R","?","R","E","M","B",null,"R","M","?","M","M","E","T","M","R","M","R","$","R","?","M","B",null,"R","M","M","?","?","$","T","M","?","E","$","M","R","M","M","B",null],"character_chosen":"THE_CHAMP","items_purchased":["Mercury Hourglass","champ:GladiatorStyle","champ:FaceSlap","champ:MurderStrike","Sling","champ:ShieldWall"],"campfire_rested":0,"item_purchase_floors":[29,29,29,40,45,45],"current_hp_per_floor":[99,89,84,84,84,38,38,25,25,25,25,58,58,55,53,67,99,99,94,94,94,84,65,65,59,59,64,64,64,64,64,52,11,99,99,99,96,96,91,81,81,72,72,48,48,41,41,46,63,41],"gold":420,"neow_bonus":"TEN_PERCENT_HP_BONUS","is_daily":false,"chose_seed":false,"campfire_upgraded":9,"win_rate":0.0,"timestamp":1613194718,"path_taken":["R","M","M","M","?","E","T","?","?","?","R","?","R","E","M","BOSS","R","M","?","?","M","E","T","?","R","M","R","$","R","?","M","BOSS","R","M","M","?","?","$","T","M","?","E","$","M","R","M","M","BOSS"],"items_purchased_type":["Relic","Card","Card","Card","Relic","Card"],"build_version":"2020-12-22","purchased_purges":3,"victory":true,"max_hp_per_floor":[99,99,99,99,99,99,99,99,99,99,99,99,99,99,99,99,99,99,99,99,99,99,99,99,99,99,99,99,99,99,99,99,99,99,99,99,99,99,99,99,99,99,99,99,99,99,99,99,99,99],"relic_stats":{"counters":[28,152],"Snecko Eye":[88,90,99,78],"Pen Nib":[19],"MawBank":108,"obtain_stats":[{"champ:ChampionCrown":0,"Pen Nib":23,"Odd Mushroom":8,"MawBank":31,"Ancient Tea Set":44,"Sling":45,"White Beast Statue":24,"Mercury Hourglass":29,"champ:GladiatorsBookOfMartialProwess":43,"CaptainsWheel":14,"downfall:BrokenWingStatue":9,"Snecko Eye":34,"Bag of Marbles":41,"StrikeDummy":7,"Toy Ornithopter":6,"bronze:MakeshiftBattery":17},{"champ:ChampionCrown":0,"Pen Nib":12,"Odd Mushroom":5,"MawBank":15,"Ancient Tea Set":23,"Sling":24,"White Beast Statue":12,"Mercury Hourglass":15,"champ:GladiatorsBookOfMartialProwess":22,"CaptainsWheel":6,"downfall:BrokenWingStatue":5,"Snecko Eye":17,"Bag of Marbles":20,"StrikeDummy":4,"Toy Ornithopter":4,"bronze:MakeshiftBattery":8},{"champ:ChampionCrown":0,"Pen Nib":75,"Odd Mushroom":28,"MawBank":88,"Ancient Tea Set":126,"Sling":130,"White Beast Statue":75,"Mercury Hourglass":88,"champ:GladiatorsBookOfMartialProwess":121,"CaptainsWheel":36,"downfall:BrokenWingStatue":28,"Snecko Eye":101,"Bag of Marbles":110,"StrikeDummy":22,"Toy Ornithopter":22,"bronze:MakeshiftBattery":47}],"Toy Ornithopter":85,"Mercury Hourglass":[221]},"card_choices":[{"not_picked":["champ:PreemptiveStrike","champ:FanOfKnives"],"picked":"champ:PreciseThrust","floor":2},{"not_picked":["champ:BerserkersShout","champ:EnGarde"],"picked":"champ:Backstep","floor":3},{"not_picked":["champ:AdrenalArmor","champ:ShieldWall"],"picked":"champ:GladiatorStyle","floor":4},{"not_picked":["champ:BringItOn","champ:DefensiveShout"],"picked":"champ:FaceSlap","floor":6},{"not_picked":["champ:DefensiveShout","champ:PerfectedStrike"],"picked":"champ:FlashCut","floor":8},{"not_picked":["champ:CheapShot","champ:FancyFootwork"],"picked":"champ:FocusedDefense","floor":14},{"not_picked":["champ:PreemptiveStrike","champ:CrookedStrike"],"picked":"champ:Haymaker","floor":15},{"not_picked":["champ:VampiricStrike","champ:UltimateStance"],"picked":"champ:HoldFirm","floor":16},{"not_picked":["champ:Shatter","champ:Encircle"],"picked":"champ:GutPunch","floor":19},{"not_picked":["champ:Lariat","champ:GutPunch"],"picked":"champ:PreciseThrust+1","floor":21},{"not_picked":["champ:FanOfKnives","champ:EnGarde+1"],"picked":"champ:TornadoPunch","floor":22},{"not_picked":["champ:Endure+1","champ:GutPunch"],"picked":"champ:DeathBlow+1","floor":23},{"not_picked":["champ:Circumvent","champ:DeathBlow","champ:BringItOn"],"picked":"SKIP","floor":25},{"not_picked":["champ:ShieldWall","champ:SetATrap"],"picked":"champ:AdrenalArmor","floor":27},{"not_picked":["champ:ShieldThrow","champ:TornadoPunch"],"picked":"champ:EnragedBash","floor":29},{"not_picked":["champ:BringItOn","champ:Parry"],"picked":"champ:BerserkersShout","floor":32},{"not_picked":["champ:Devastate","champ:VampiricStrike"],"picked":"champ:SwordThrow","floor":33},{"not_picked":["champ:FanOfKnives","champ:BringItOn"],"picked":"champ:Shatter+1","floor":36},{"not_picked":["champ:GutPunch","champ:RisingSlash"],"picked":"champ:DefensiveShout+1","floor":37},{"not_picked":["expansioncontent:PrepareCrush","expansioncontent:HyperBeam"],"picked":"expansioncontent:GuardianWhirl","floor":39},{"not_picked":["expansioncontent:GuardianWhirl","expansioncontent:InvincibleStrength"],"picked":"expansioncontent:Chronoboost","floor":39},{"not_picked":["champ:PreciseThrust","champ:ShieldWall+1","champ:RecklessLeap+1"],"picked":"SKIP","floor":40},{"not_picked":["champ:SetATrap+1","champ:EndlessRage+1"],"picked":"champ:GladiatorStyle+1","floor":42},{"not_picked":["champ:BladeFlurry","champ:CrownThrow","champ:Haymaker"],"picked":"SKIP","floor":44},{"not_picked":["champ:SkillfulDodge+1","champ:GutPunch"],"picked":"champ:DeathBlow+1","floor":45},{"not_picked":["champ:HeartStrike","champ:Endure"],"picked":"champ:Improvising","floor":46},{"not_picked":["champ:BladeFlurry","champ:Shatter"],"picked":"champ:BringItOn+1","floor":48},{"not_picked":["champ:RisingSlash","champ:RapidStrikes"],"picked":"champ:TornadoPunch+1","floor":49}],"player_experience":189227,"relics_obtained":[{"floor":6,"key":"Toy Ornithopter"},{"floor":7,"key":"StrikeDummy"},{"floor":8,"key":"Odd Mushroom"},{"floor":14,"key":"CaptainsWheel"},{"floor":23,"key":"Pen Nib"},{"floor":24,"key":"White Beast Statue"},{"floor":41,"key":"Bag of Marbles"},{"floor":43,"key":"champ:GladiatorsBookOfMartialProwess"},{"floor":44,"key":"Ancient Tea Set"}],"event_choices":[{"damage_healed":0,"gold_gain":0,"player_choice":"Fought Mushrooms","damage_taken":0,"max_hp_gain":0,"max_hp_loss":0,"event_name":"Mushrooms","floor":8,"gold_loss":0},{"damage_healed":33,"gold_gain":0,"player_choice":"Banana","damage_taken":0,"max_hp_gain":0,"max_hp_loss":0,"event_name":"Big Fish","floor":12,"gold_loss":0},{"damage_healed":0,"gold_gain":0,"player_choice":"Stole Relic","damage_taken":0,"relics_obtained":["MawBank"],"max_hp_gain":0,"max_hp_loss":0,"event_name":"Addict","floor":31,"gold_loss":0,"cards_obtained":["Pride"]}],"is_beta":false,"boss_relics":[{"not_picked":["Calling Bell","Empty Cage"],"picked":"bronze:MakeshiftBattery"},{"not_picked":["Runic Dome","Runic Pyramid"],"picked":"Snecko Eye"}],"items_purged_floors":[29,40,45],"is_endless":false,"potions_floor_spawned":[2,6,8,19,25,27,29,32,33,36,37,40,42,43,44,45,46,48,49],"ascension_level":0}}