{"host":"mbyuz4ygcmwzkeot","time":1613245708,"event":{"mods":["Bartender","BaseMod","Bestiary","Card Forge","Colored Map","Highlight Path","Minty Spire (QoL Compilation)","StSLib","The Marked"],"gold_per_floor":[117,137,137,153,153,188,188],"floor_reached":6,"language":"ENG","playtime":1282,"items_purged":[],"score":46,"play_id":"b36b97d0-2f01-47bc-bd55-9f3e072d04bb","local_time":"20210213194828","is_ascension_mode":false,"campfire_choices":[],"circlet_count":0,"master_deck":["theMarked:BindingBlade+1","theMarked:ChannelForce+1","theMarked:EmpowerWeapon+1","theMarked:EternalStudent+1","theMarked:OneWithTheBlade+1","theMarked:Parry+1","theMarked:ParalyzingBlade+1","theMarked:SoldierOfQuellstein+1","theMarked:SwordAndMagic+1","theMarked:Electrify+1","theMarked:Improvise+1","theMarked:GodGivenPower+1","theMarked:MuscleMemory+1","theMarked:Reabsorb+1","theMarked:PowerFlow+1","theMarked:Static+1","theMarked:TakeOffHeels+1"],"relics":["theMarked:ArtifactOfAir","Hammer of Thor","Seething Fire","Anvil of the Gods","Potion Belt"],"acts_visited":["Exordium"],"potions_floor_usage":[],"damage_taken":[{"damage":0,"enemies":"2 Louse","floor":1,"turns":3},{"damage":0,"enemies":"Jaw Worm","floor":2,"turns":5},{"damage":0,"enemies":"Small Slimes","floor":4,"turns":3},{"damage":29,"enemies":"Gremlin Nob","floor":6,"turns":5}],"seed_played":"-2944890890384888374","potions_obtained":[{"floor":2,"key":"SkillPotion"},{"floor":6,"key":"BlessingOfTheForge"}],"is_trial":false,"path_per_floor":["M","M","?","M","?","E"],"character_chosen":"THE_DEFAULT","items_purchased":[],"campfire_rested":0,"item_purchase_floors":[],"current_hp_per_floor":[70,70,70,70,75,46,46],"gold":188,"neow_bonus":"","is_daily":false,"chose_seed":false,"campfire_upgraded":0,"win_rate":0.0,"timestamp":1613245708,"path_taken":["M","M","?","M","?","E"],"items_purchased_type":[],"build_version":"2020-12-22","purchased_purges":0,"victory":false,"max_hp_per_floor":[70,70,70,70,75,75,75],"card_choices":[{"not_picked":["theMarked:RepellingDischarge","theMarked:SwordAndMagic","theMarked:WastefulAttack"],"picked":"SKIP","floor":1},{"not_picked":["theMarked:SwordAndMagic","theMarked:Parkour","theMarked:WardOff"],"picked":"SKIP","floor":2},{"not_picked":["theMarked:UnarmedFury","theMarked:Overcharge","theMarked:RogueSparks"],"picked":"SKIP","floor":4}],"player_experience":30879,"relics_obtained":[{"floor":6,"key":"Potion Belt"}],"event_choices":[{"damage_healed":0,"gold_gain":0,"player_choice":"Ignored","damage_taken":0,"max_hp_gain":0,"max_hp_loss":0,"event_name":"Shining Light","floor":3,"gold_loss":0},{"damage_healed":0,"gold_gain":0,"player_choice":"Donut","damage_taken":0,"max_hp_gain":5,"max_hp_loss":0,"event_name":"Big Fish","floor":5,"gold_loss":0}],"is_beta":false,"boss_relics":[],"items_purged_floors":[],"is_endless":false,"potions_floor_spawned":[2,6],"killed_by":"Gremlin Nob","ascension_level":0}}