{"host":"8a3jzv7qxg3y7b6t","time":1613207493,"event":{"mods":["BaseMod","Better Third Choice","Downfall","Hermit","Minty Spire (QoL Compilation)","Relic Stats","StSLib","The Bug Knight","The Cursed"],"gold_per_floor":[109,61,61,61,61,87,87,115,115,115,75,3,61,89,89,89,89],"floor_reached":16,"language":"ENG","playtime":471,"items_purged":[],"score":158,"play_id":"7b79363e-9579-4b45-ab6a-27d71960f074","local_time":"20210213011133","is_ascension_mode":true,"campfire_choices":[{"floor":7,"key":"RECALL"},{"data":"Iron Wave","floor":15,"key":"SMITH"}],"circlet_count":0,"master_deck":["Strike_R","Strike_R","Strike_R","Strike_R","Strike_R","Defend_R","Defend_R","Defend_R","Defend_R","Bash","Iron Wave+1","Anger","Regret","Bash","Demon Form","Heavy Blade","Thunderclap","Entrench","Anger+1","Iron Wave+1","Thunderclap+1","Clash+1"],"relics":["Burning Blood","StrikeDummy","Juzu Bracelet","Lantern","Calipers","Molten Egg 2","Du-Vu Doll","Anchor"],"acts_visited":["Exordium"],"potions_floor_usage":[6,8,14,14,16],"damage_taken":[{"damage":14.0,"enemies":"Jaw Worm","floor":1.0,"turns":5.0},{"damage":18,"enemies":"Gremlin Nob","floor":6,"turns":3},{"damage":24,"enemies":"3 Sentries","floor":8,"turns":5},{"damage":31,"enemies":"Lagavulin Event","floor":13,"turns":5},{"damage":0,"enemies":"Gremlin Nob","floor":14,"turns":2},{"damage":25,"enemies":"The Guardian","floor":16,"turns":3}],"seed_played":"-5417160094613476330","potions_obtained":[{"floor":1.0,"key":"FearPotion"},{"floor":6,"key":"DistilledChaos"},{"floor":11,"key":"GamblersBrew"},{"floor":11,"key":"CultistPotion"},{"floor":11,"key":"Explosive Potion"},{"floor":13,"key":"DistilledChaos"}],"is_trial":false,"path_per_floor":["M","$","?","?","?","E","R","E","T","$","?","$","?","E","R","B"],"character_chosen":"IRONCLAD","items_purchased":["Anger","Anger+1","Iron Wave+1"],"campfire_rested":0,"item_purchase_floors":[2,12,12],"current_hp_per_floor":[80,80,80,73,73,61,61,43,43,43,43,43,18,24,24,0,0],"gold":89,"neow_bonus":"TEN_PERCENT_HP_BONUS","is_daily":false,"chose_seed":false,"campfire_upgraded":1,"win_rate":0.0,"timestamp":1613207493,"path_taken":["M","$","?","?","?","E","R","E","T","$","?","?","?","E","R","BOSS"],"items_purchased_type":["Card","Card","Card"],"build_version":"2020-12-22","purchased_purges":0,"victory":false,"max_hp_per_floor":[88,88,88,88,88,88,88,88,88,88,88,88,88,88,88,88,88],"relic_stats":{"counters":[6,23],"Juzu Bracelet":1,"obtain_stats":[{"Du-Vu Doll":13,"Lantern":6,"Anchor":14,"Calipers":8,"Molten Egg 2":9,"Juzu Bracelet":4,"StrikeDummy":3,"Burning Blood":0},{"Du-Vu Doll":3,"Lantern":2,"Anchor":5,"Calipers":3,"Molten Egg 2":3,"Juzu Bracelet":1,"StrikeDummy":1,"Burning Blood":0},{"Du-Vu Doll":13,"Lantern":8,"Anchor":20,"Calipers":13,"Molten Egg 2":13,"Juzu Bracelet":5,"StrikeDummy":5,"Burning Blood":0}],"Burning Blood":30},"card_choices":[{"not_picked":["Rupture","Clothesline"],"picked":"Iron Wave","floor":1.0},{"not_picked":["Whirlwind","Immolate"],"picked":"Thunderclap","floor":6},{"not_picked":["Havoc","Burning Pact"],"picked":"Entrench","floor":8},{"not_picked":["Havoc","Combust"],"picked":"Thunderclap+1","floor":13},{"not_picked":["Thunderclap+1","Armaments"],"picked":"Clash+1","floor":14}],"player_experience":683599,"relics_obtained":[{"floor":6,"key":"Lantern"},{"floor":8,"key":"Calipers"},{"floor":9,"key":"Molten Egg 2"},{"floor":14,"key":"Anchor"}],"event_choices":[{"damage_healed":0.0,"max_hp_gain":0.0,"max_hp_loss":0.0,"gold_gain":0.0,"event_name":"Big Fish","player_choice":"Box","floor":3.0,"gold_loss":0.0,"damage_taken":0.0,"relics_obtained":["StrikeDummy"],"cards_obtained":["Regret"]},{"damage_healed":0.0,"max_hp_gain":0.0,"max_hp_loss":0.0,"gold_gain":0.0,"event_name":"betterThird:BetterScrap","player_choice":"Relic ","floor":4.0,"gold_loss":0.0,"damage_taken":7.0,"cards_obtained":["Well Laid Plans"]},{"damage_healed":0,"gold_gain":0,"player_choice":"3 cards matched","damage_taken":0,"max_hp_gain":0,"max_hp_loss":0,"event_name":"Match and Keep!","floor":5,"gold_loss":0,"cards_obtained":["Bash","Demon Form","Heavy Blade"]},{"damage_healed":0,"gold_gain":0,"player_choice":"Bought 3 Potions","damage_taken":0,"max_hp_gain":0,"max_hp_loss":0,"event_name":"The Woman in Blue","floor":11,"gold_loss":0},{"damage_healed":0,"gold_gain":0,"player_choice":"Searched \u00272\u0027 times","damage_taken":0,"relics_obtained":["Du-Vu Doll"],"max_hp_gain":0,"max_hp_loss":0,"event_name":"Dead Adventurer","floor":13,"gold_loss":0}],"is_beta":false,"boss_relics":[],"items_purged_floors":[],"is_endless":false,"potions_floor_spawned":[1,6,13],"killed_by":"The Guardian","ascension_level":3}}