{"host":"zksvs3x2ysy9npnz","time":1613176833,"event":{"mods":["Aspiration","BaseMod","Beaked The Cultist","BetterRewards","Clockwork Mod","Colored Map","Conspire","Downfall","Halation","Highlight Path","Hubris","Infinite Spire","Jedi Mod","Magitek Elite","Minty Spire (QoL Compilation)","Permanent Neow","Quick Restart","Relic Stats","Shop Mod","StSLib","The Runesmith","The Witch"],"gold_per_floor":[113,11,28,47,47,47,65,65,88,88,123,185,197,26,26,97,97,109,184,169,189,189,189,199,213,213,213,213,213,213],"floor_reached":29,"language":"FRA","playtime":1292,"items_purged":["Strike_L"],"score":408,"play_id":"29341b01-71f2-4d12-9a25-09ca4df3a4fd","local_time":"20210213014033","is_ascension_mode":true,"campfire_choices":[{"data":"Bravery","floor":6,"key":"SMITH"},{"data":"Fire2","floor":8,"key":"SMITH"},{"data":"Cure","floor":10,"key":"SMITH"},{"data":"Minerva_Bustier","floor":15,"key":"SMITH"},{"floor":23,"key":"REST"},{"floor":27,"key":"REST"}],"circlet_count":0,"master_deck":["AscendersBane","Strike_L","Strike_L","Strike_L","Defend_L","Defend_L","Defend_L","Defend_L","Defend_L","Fire2+2","Cure","Mirage_Vest","Bravery+1","Shell","Minerva_Bustier+1","Icebrand","Gladius","Trip","Might","Float2_Spell","Gaia_Gear","Protect_M","Fake_Moustache","AscendersBane","Strike_L","Strike_L","Strike_L","Defend_L","Defend_L","Defend_L","Defend_L","Defend_L","Fire2+2","Cure","Mirage_Vest","Bravery+1","Shell","Minerva_Bustier+1","Icebrand","Gladius","Trip","Might","Float2_Spell","Gaia_Gear","Protect_M","Fake_Moustache"],"relics":["Pendant","Eternal Feather","Oddly Smooth Stone","halation:WeightlessCrab","infinitespire:EmpoweringShard","conspire:RoyalGoblet","halation:EternalFortune","halation:BottledLove"],"acts_visited":["Exordium","TheCity"],"potions_floor_usage":[11,12,20,20],"damage_taken":[{"damage":15,"enemies":"Small Slimes","floor":1,"turns":8},{"damage":6,"enemies":"Cultist","floor":3,"turns":3},{"damage":7,"enemies":"Jaw Worm","floor":4,"turns":7},{"damage":10,"enemies":"Looter","floor":7,"turns":5},{"damage":15,"enemies":"3 Sentries","floor":11,"turns":9},{"damage":0,"enemies":"Gremlin Nob","floor":12,"turns":3},{"damage":3,"enemies":"2 Fungi Beasts","floor":13,"turns":7},{"damage":13,"enemies":"Hexaghost","floor":16,"turns":9},{"damage":19,"enemies":"Shell Parasite","floor":18,"turns":5},{"damage":2,"enemies":"2 Thieves","floor":20,"turns":4},{"damage":54,"enemies":"3 Cultists","floor":21,"turns":8},{"damage":23,"enemies":"Snake Plant","floor":24,"turns":5},{"damage":30,"enemies":"Sentry and Sphere","floor":25,"turns":10},{"damage":37,"enemies":"Gremlin Leader","floor":29,"turns":2}],"seed_played":"9043216205426876750","potions_obtained":[{"floor":3,"key":"jedi:StrikingPotion"},{"floor":4,"key":"Energy Potion"},{"floor":12,"key":"Regen Potion"},{"floor":16,"key":"DistilledChaos"},{"floor":24,"key":"BlessingOfTheForge"}],"is_trial":false,"path_per_floor":["M","?","M","M","$","R","M","R","T","R","E","?","M","$","R","B",null,"M","?","M","M","?","R","M","M","T","R","?","E"],"character_chosen":"MAGITEKELITE","items_purchased":["Trip"],"campfire_rested":2,"item_purchase_floors":[14],"current_hp_per_floor":[44,44,44,43,43,49,45,54,54,59,53,53,59,59,59,46,56,46,41,53,8,11,41,27,6,6,36,36,0,0],"gold":213,"neow_bonus":"UPGRADE_CARD","is_daily":false,"chose_seed":false,"campfire_upgraded":4,"win_rate":0.0,"timestamp":1613176833,"path_taken":["M","?","M","?","?","R","M","R","T","R","E","?","M","$","R","BOSS","M","?","?","?","?","R","M","M","T","R","?","E"],"items_purchased_type":["Card"],"build_version":"2020-12-22","purchased_purges":1,"victory":false,"max_hp_per_floor":[59,59,59,59,59,59,59,59,59,59,59,59,59,59,59,59,59,59,59,59,59,62,62,62,62,62,62,62,62,62],"relic_stats":{"counters":[14,84],"Eternal Feather":44,"obtain_stats":[{"conspire:RoyalGoblet":17,"Pendant":0,"halation:BottledLove":26,"Oddly Smooth Stone":9,"halation:EternalFortune":22,"Eternal Feather":2,"halation:WeightlessCrab":11,"infinitespire:EmpoweringShard":12},{"conspire:RoyalGoblet":8,"Pendant":0,"halation:BottledLove":13,"Oddly Smooth Stone":4,"halation:EternalFortune":11,"Eternal Feather":1,"halation:WeightlessCrab":5,"infinitespire:EmpoweringShard":6},{"conspire:RoyalGoblet":51,"Pendant":0,"halation:BottledLove":82,"Oddly Smooth Stone":23,"halation:EternalFortune":67,"Eternal Feather":8,"halation:WeightlessCrab":32,"infinitespire:EmpoweringShard":35}]},"card_choices":[{"not_picked":["Tornado","Haste","Poisona"],"picked":"SKIP","floor":1},{"not_picked":["Falchion","Aero"],"picked":"Mirage_Vest","floor":3},{"not_picked":["Flametongue","Crystal_Sword"],"picked":"Bravery","floor":4},{"not_picked":["Flare","Throw"],"picked":"Shell","floor":7},{"not_picked":["Transpose_P","Transpose2"],"picked":"Minerva_Bustier","floor":11},{"not_picked":["Slow","Wall"],"picked":"Icebrand","floor":12},{"not_picked":["Flare","Transpose2"],"picked":"Gladius","floor":13},{"not_picked":["Ultima","Trance"],"picked":"Might","floor":16},{"not_picked":["Circlet","Thunder_P"],"picked":"Float2_Spell","floor":18},{"not_picked":["Mirage_Vest","Falchion+1"],"picked":"Gaia_Gear","floor":20},{"not_picked":["Gaia_Gear","Circlet"],"picked":"Protect_M","floor":21},{"not_picked":["Flare+1","Vox"],"picked":"Fake_Moustache","floor":24},{"not_picked":["Man_Eater","Flametongue","Slow"],"picked":"SKIP","floor":25}],"player_experience":1896402,"relics_obtained":[{"floor":9,"key":"Oddly Smooth Stone"},{"floor":11,"key":"halation:WeightlessCrab"},{"floor":12,"key":"infinitespire:EmpoweringShard"},{"floor":26,"key":"halation:BottledLove"}],"event_choices":[{"damage_healed":0,"gold_gain":0,"player_choice":"Paid Gold","damage_taken":0,"relics_obtained":["Eternal Feather"],"max_hp_gain":0,"max_hp_loss":0,"event_name":"WeMeetAgain","floor":2,"gold_loss":102},{"damage_healed":0,"gold_gain":0,"player_choice":"Searched \u00271\u0027 times","damage_taken":0,"max_hp_gain":0,"max_hp_loss":0,"event_name":"Dead Adventurer","floor":12,"gold_loss":0},{"damage_healed":0,"gold_gain":75,"player_choice":"Touch","damage_taken":5,"max_hp_gain":0,"max_hp_loss":0,"event_name":"FaceTrader","floor":19,"gold_loss":0}],"is_beta":false,"boss_relics":[{"not_picked":["conspire:RunicOctahedron","hubris:Stopwatch"],"picked":"conspire:RoyalGoblet"}],"items_purged_floors":[14],"is_endless":false,"potions_floor_spawned":[3,4,12,16,24],"killed_by":"Gremlin Leader","ascension_level":14}}