{"host":"i09pxcjttd31eh4q","time":1613198942,"event":{"mods":["AchievementEnabler","BaseMod","Colored Map","Keyboard Shortcuts","Minty Spire (QoL Compilation)","StSLib","SuperFastMode"],"gold_per_floor":[119,119,40,54,54,83,153,153,153,153,78,90,106,156,156,233,233,191,211,261,102,0,0,0,50,122,122,87,103,103,122,122,196,196,208,25,75,143,161,161,161],"floor_reached":40,"language":"KOR","playtime":1485,"items_purged":["Strike_G","Strike_G","Defend_G"],"score":818,"play_id":"6dc8565d-988f-4331-b6e0-ce11c4fb22e7","local_time":"20210213154902","is_ascension_mode":true,"campfire_choices":[{"data":"Noxious Fumes","floor":8.0,"key":"SMITH"},{"data":"Blade Dance","floor":10.0,"key":"SMITH"},{"data":"Cloak And Dagger","floor":15.0,"key":"SMITH"},{"data":"Leg Sweep","floor":23.0,"key":"SMITH"},{"data":"Well Laid Plans","floor":27.0,"key":"SMITH"},{"data":"Backflip","floor":30.0,"key":"SMITH"},{"floor":32.0,"key":"REST"}],"circlet_count":0,"master_deck":["AscendersBane","Defend_G","Defend_G","Survivor","Neutralize","Well Laid Plans+1","Noxious Fumes+1","Backflip+1","Blade Dance+1","Leg Sweep+1","Cloak And Dagger+1","Malaise+1","Cloak And Dagger+1","Calculated Gamble+1","Acrobatics+1","Acrobatics+1","Burst+1","Predator+1","All Out Attack+1","Dagger Throw+1","Outmaneuver+1","Underhanded Strike","Noxious Fumes+1","Backflip+1"],"relics":["Ring of the Snake","NeowsBlessing","SsserpentHead","Pantograph","Boot","Toxic Egg 2","Snecko Eye","Bottled Tornado","Tiny Chest","Astrolabe"],"acts_visited":["Exordium","TheCity","TheBeyond"],"potions_floor_usage":[33,40,40],"damage_taken":[{"damage":0.0,"enemies":"Jaw Worm","floor":1.0,"turns":1.0},{"damage":0.0,"enemies":"2 Louse","floor":4.0,"turns":1.0},{"damage":0.0,"enemies":"Gremlin Nob","floor":6.0,"turns":1.0},{"damage":6.0,"enemies":"Cultist","floor":7.0,"turns":5.0},{"damage":9.0,"enemies":"Exordium Wildlife","floor":12.0,"turns":4.0},{"damage":4.0,"enemies":"2 Fungi Beasts","floor":13.0,"turns":3.0},{"damage":26.0,"enemies":"Slime Boss","floor":16.0,"turns":9.0},{"damage":21.0,"enemies":"2 Thieves","floor":18.0,"turns":5.0},{"damage":0.0,"enemies":"Shell Parasite","floor":19.0,"turns":6.0},{"damage":7.0,"enemies":"Shelled Parasite and Fungi","floor":29.0,"turns":10.0},{"damage":1.0,"enemies":"Centurion and Healer","floor":31.0,"turns":7.0},{"damage":33,"enemies":"Collector","floor":33,"turns":12},{"damage":0,"enemies":"3 Shapes","floor":35,"turns":4},{"damage":23,"enemies":"3 Darklings","floor":38,"turns":4},{"damage":0,"enemies":"Writhing Mass","floor":39,"turns":10},{"damage":38,"enemies":"Reptomancer","floor":40,"turns":2}],"seed_played":"721831202926837723","potions_obtained":[{"floor":1.0,"key":"ColorlessPotion"},{"floor":6.0,"key":"SmokeBomb"},{"floor":13.0,"key":"Poison Potion"},{"floor":16.0,"key":"LiquidBronze"},{"floor":18.0,"key":"Weak Potion"},{"floor":19.0,"key":"Poison Potion"},{"floor":39,"key":"Energy Potion"}],"is_trial":false,"path_per_floor":["M","?","$","M","?","E","M","R","T","R","$","M","M","T","R","B",null,"M","M","?","$","?","R","$","?","T","R","?","M","R","M","R","B",null,"M","$","?","M","M","E"],"character_chosen":"THE_SILENT","items_purchased":["Noxious Fumes","Acrobatics+1","Underhanded Strike"],"campfire_rested":1,"item_purchase_floors":[3,21,36],"current_hp_per_floor":[59,59,59,59,59,59,53,53,53,53,53,44,40,40,40,39,59,38,38,20,20,20,20,20,20,20,20,20,13,13,12,33,25,60,60,60,60,37,37,0,0],"gold":161,"neow_bonus":"THREE_ENEMY_KILL","is_daily":false,"chose_seed":false,"campfire_upgraded":6,"win_rate":0.0,"timestamp":1613198942,"path_taken":["M","?","$","M","?","E","?","R","T","R","$","M","M","?","R","BOSS","M","M","?","$","?","R","$","?","T","R","?","M","R","M","R","BOSS","M","$","?","?","M","E"],"items_purchased_type":["Card","Card","Card"],"build_version":"2020-12-22","purchased_purges":3,"victory":false,"max_hp_per_floor":[66,66,66,66,66,66,66,66,66,66,66,66,66,66,66,66,66,66,66,71,71,71,71,71,71,71,71,71,71,71,71,71,71,71,71,71,71,71,71,71,71],"card_choices":[{"not_picked":["Predator","Crippling Poison"],"picked":"Well Laid Plans","floor":1.0},{"not_picked":["Poisoned Stab","Distraction"],"picked":"Backflip","floor":4.0},{"not_picked":["Wraith Form v2","Dagger Spray"],"picked":"Blade Dance","floor":6.0},{"not_picked":["Expertise","Riddle With Holes"],"picked":"Leg Sweep","floor":7.0},{"not_picked":["Deflect","Blade Dance"],"picked":"Cloak And Dagger","floor":12.0},{"not_picked":["Glass Knife","Underhanded Strike","Slice"],"picked":"SKIP","floor":13.0},{"not_picked":["Unload","Venomology+1"],"picked":"Malaise+1","floor":16.0},{"not_picked":["Quick Slash","Caltrops"],"picked":"Cloak And Dagger+1","floor":18.0},{"not_picked":["Noxious Fumes","Deflect+1"],"picked":"Calculated Gamble+1","floor":19.0},{"not_picked":["Deflect+1","Poisoned Stab"],"picked":"Acrobatics+1","floor":29.0},{"not_picked":["Glass Knife","All Out Attack","Blade Dance+1"],"picked":"SKIP","floor":31.0},{"not_picked":["Tools of the Trade","Phantasmal Killer+1"],"picked":"Burst+1","floor":33},{"not_picked":["Flechettes","Dagger Throw"],"picked":"Outmaneuver+1","floor":35},{"not_picked":["Skewer","Heel Hook+1","PiercingWail+1"],"picked":"SKIP","floor":38},{"not_picked":["Prepared+1","Well Laid Plans"],"picked":"Backflip+1","floor":39}],"player_experience":907917,"relics_obtained":[{"floor":6.0,"key":"Pantograph"},{"floor":9.0,"key":"Boot"},{"floor":14.0,"key":"Toxic Egg 2"},{"floor":26.0,"key":"Bottled Tornado"}],"event_choices":[{"cards_removed":["Strike_G"],"damage_healed":0.0,"max_hp_gain":0.0,"max_hp_loss":0.0,"gold_gain":0.0,"event_name":"Living Wall","player_choice":"Forget","floor":2.0,"gold_loss":0.0,"damage_taken":0.0},{"damage_healed":0.0,"max_hp_gain":0.0,"max_hp_loss":0.0,"gold_gain":0.0,"event_name":"FaceTrader","player_choice":"Trade","floor":5.0,"gold_loss":0.0,"damage_taken":0.0,"relics_obtained":["SsserpentHead"]},{"damage_healed":0.0,"max_hp_gain":5.0,"max_hp_loss":0.0,"gold_gain":0.0,"event_name":"Forgotten Altar","player_choice":"Shed Blood","floor":20.0,"gold_loss":0.0,"damage_taken":23.0},{"damage_healed":0.0,"max_hp_gain":0.0,"max_hp_loss":0.0,"gold_gain":0.0,"event_name":"Masked Bandits","player_choice":"Paid Fearfully","floor":22.0,"gold_loss":152.0,"damage_taken":0.0},{"cards_removed":["Strike_G"],"damage_healed":0.0,"max_hp_gain":0.0,"max_hp_loss":0.0,"gold_gain":0.0,"event_name":"Back to Basics","player_choice":"Elegance","floor":25.0,"gold_loss":0.0,"damage_taken":0.0},{"damage_healed":0.0,"max_hp_gain":0.0,"max_hp_loss":0.0,"gold_gain":0.0,"event_name":"Addict","player_choice":"Obtained Relic","floor":28.0,"gold_loss":85.0,"damage_taken":0.0,"relics_obtained":["Tiny Chest"]},{"damage_healed":0,"gold_gain":0,"player_choice":"Copied","damage_taken":0,"max_hp_gain":0,"max_hp_loss":0,"event_name":"Duplicator","floor":37,"gold_loss":0,"cards_obtained":["Noxious Fumes"]}],"is_beta":false,"boss_relics":[{"not_picked":["Fusion Hammer","Black Star"],"picked":"Snecko Eye"},{"not_picked":["Coffee Dripper","Velvet Choker"],"picked":"Astrolabe"}],"items_purged_floors":[11,21,36],"is_endless":false,"potions_floor_spawned":[1,6,13,16,18,19,39],"killed_by":"Reptomancer","ascension_level":20}}