{"host":"7gd7wzntdunlhduv","time":1613178347,"event":{"mods":["Aspiration","BaseMod","BetterRewards","Colored Powertips","Conspire","DeckTracker","Halation","Hubris","Minty Spire (QoL Compilation)","Quick Restart","StSLib","SuperFastMode","Trackpad"],"gold_per_floor":[116,116,15,29,29,61,61,91,118,118,128,153,228,248,248,346,346,360,135,135,145,162,195,212,245,326,352,369,369,694,706,706,806,806,821,821,871,890,890,890],"floor_reached":40,"language":"ENG","playtime":10630,"items_purged":[],"score":610,"play_id":"030fbfd4-a74f-4ae8-b376-bd4bacc4fa9a","local_time":"20210213010547","is_ascension_mode":true,"campfire_choices":[{"data":"Hello World","floor":10,"key":"SMITH"},{"floor":15,"key":"REST"},{"floor":29,"key":"REST"},{"floor":32,"key":"REST"}],"circlet_count":0,"master_deck":["Strike_B","Strike_B","Strike_B","Strike_B","Defend_B","Defend_B","Defend_B","Defend_B","Zap+1","Dualcast","Redo","Capacitor","Glacier","Cold Snap","Leap","Loop","Hello World+1","Chill","Doom and Gloom","Consume","Electrodynamics","hubris:PowerSurge","Decay","Ball Lightning","Streamline+1","Chill","Glacier+1","Ball Lightning+1","Dagger Throw","Genetic Algorithm","Static Discharge","BootSequence","Adrenaline","Doom and Gloom+1","Steam"],"relics":["Cracked Core","halation:LostSnail","Sundial","Matryoshka","halation:Pancakes","trackpad:PetRock","hubris:Teleporter","hubris:ScarierMask","trackpad:AdjectivePendant","Pear","Regal Pillow","Blood Vial","hubris:DisguiseKit","Centennial Puzzle","Old Coin","halation:SmartPhone","hubris:Towel","halation:BlackBeret"],"acts_visited":["Exordium","TheCity","TheBeyond"],"potions_floor_usage":[8,12,23,33,33,40,40],"damage_taken":[{"damage":1,"enemies":"2 Louse","floor":1,"turns":2},{"damage":12,"enemies":"Jaw Worm","floor":4,"turns":3},{"damage":31,"enemies":"Gremlin Nob","floor":6,"turns":8},{"damage":13,"enemies":"Lagavulin","floor":8,"turns":8},{"damage":10,"enemies":"Small Slimes","floor":11,"turns":2},{"damage":30,"enemies":"Gremlin Nob","floor":12,"turns":4},{"damage":6,"enemies":"Red Slaver","floor":14,"turns":3},{"damage":14,"enemies":"Hexaghost","floor":16,"turns":8},{"damage":20,"enemies":"Spheric Guardian","floor":18,"turns":5},{"damage":31,"enemies":"Shell Parasite","floor":21,"turns":6},{"damage":12,"enemies":"Chosen and Byrds","floor":22,"turns":3},{"damage":32,"enemies":"Gremlin Leader","floor":23,"turns":7},{"damage":0,"enemies":"3 Cultists","floor":24,"turns":4},{"damage":16,"enemies":"Book of Stabbing","floor":25,"turns":6},{"damage":0,"enemies":"Gremlin Leader","floor":27,"turns":8},{"damage":13,"enemies":"Snecko","floor":28,"turns":3},{"damage":15,"enemies":"Slavers","floor":30,"turns":2},{"damage":5,"enemies":"Centurion and Healer","floor":31,"turns":3},{"damage":57,"enemies":"hubris:MusketHawk","floor":33,"turns":9},{"damage":16,"enemies":"3 Shapes","floor":35,"turns":4},{"damage":16,"enemies":"2 Orb Walkers","floor":38,"turns":3},{"damage":4,"enemies":"3 Darklings","floor":39,"turns":4},{"damage":68,"enemies":"Giant Head","floor":40,"turns":8}],"seed_played":"157800203092490224","potions_obtained":[{"floor":6,"key":"FearPotion"},{"floor":11,"key":"FocusPotion"},{"floor":16,"key":"FairyPotion"},{"floor":21,"key":"Fire Potion"},{"floor":27,"key":"FearPotion"},{"floor":28,"key":"BlessingOfTheForge"},{"floor":30,"key":"BlessingOfTheForge"},{"floor":33,"key":"Swift Potion"},{"floor":35,"key":"LiquidBronze"}],"is_trial":false,"path_per_floor":["M","?","$","M","?","E","$","E","T","R","M","E","?","M","R","B",null,"M","$","?","M","M","E","M","E","T","E","M","R","E","M","R","B",null,"M","?","?","M","E"],"character_chosen":"DEFECT","items_purchased":["Cold Snap","halation:LostSnail","hubris:PowerSurge","trackpad:AdjectivePendant"],"campfire_rested":3,"item_purchase_floors":[3,3,19,19],"current_hp_per_floor":[74,74,74,62,62,31,31,18,60,60,50,20,9,3,25,11,75,55,55,55,27,18,23,26,13,13,18,10,50,40,40,80,28,85,61,61,50,51,0,0],"gold":890,"neow_bonus":"","is_daily":false,"chose_seed":false,"campfire_upgraded":1,"win_rate":0.0,"timestamp":1613178347,"path_taken":["M","?","$","M","?","E","?","E","T","R","M","E","?","?","R","BOSS","M","$","?","M","M","E","M","E","T","E","?","R","E","M","R","BOSS","M","?","?","M","E"],"items_purchased_type":["Card","Relic","Card","Relic"],"build_version":"2020-12-22","purchased_purges":0,"victory":false,"max_hp_per_floor":[75,75,75,75,75,75,75,75,75,75,75,75,75,75,75,75,75,75,75,75,75,75,85,85,85,85,85,85,85,85,85,85,85,85,85,85,85,85,85,85],"card_choices":[{"not_picked":["Beam Cell","Barrage"],"picked":"Capacitor","floor":1},{"not_picked":["Streamline","Rebound"],"picked":"Leap","floor":4},{"not_picked":["Turbo","Ball Lightning"],"picked":"Loop","floor":6},{"not_picked":["All For One","Steam Power"],"picked":"Hello World","floor":8},{"not_picked":["Heatsinks","Barrage"],"picked":"Chill","floor":11},{"not_picked":["Turbo","Melter"],"picked":"Doom and Gloom","floor":12},{"not_picked":["Auto Shields","Compile Driver"],"picked":"Consume","floor":14},{"not_picked":["hubris:SpecializedCircuitry","Seek"],"picked":"Electrodynamics","floor":16},{"not_picked":["Tempest","Double Energy","FTL"],"picked":"SKIP","floor":18},{"not_picked":["Turbo","hubris:Ukulele"],"picked":"Ball Lightning","floor":21},{"not_picked":["Beam Cell","Compile Driver+1"],"picked":"Streamline+1","floor":22},{"not_picked":["Melter","Streamline"],"picked":"Chill","floor":23},{"not_picked":["Loop","Turbo"],"picked":"Glacier+1","floor":24},{"not_picked":["Gash","Hyperbeam"],"picked":"Ball Lightning+1","floor":25},{"not_picked":["Sweeping Beam","Hello World+1","conspire:Rain+1"],"picked":"Dagger Throw","floor":27},{"not_picked":["Rebound","conspire:SharedLibrary","Infinite Blades"],"picked":"Genetic Algorithm","floor":28},{"not_picked":["Cold Snap","Doom and Gloom","PiercingWail"],"picked":"Static Discharge","floor":30},{"not_picked":["Auto Shields+1","Hologram","Infinite Blades"],"picked":"BootSequence","floor":31},{"not_picked":["Biased Cognition","Thunder Strike","Amplify"],"picked":"Adrenaline","floor":33},{"not_picked":["Conserve Battery","Tempest","Blade Dance"],"picked":"Doom and Gloom+1","floor":35},{"not_picked":["Conserve Battery+1","Hologram+1","Prepared"],"picked":"Steam","floor":39}],"player_experience":353621,"relics_obtained":[{"floor":6,"key":"Sundial"},{"floor":8,"key":"Matryoshka"},{"floor":9,"key":"halation:Pancakes"},{"floor":9,"key":"trackpad:PetRock"},{"floor":12,"key":"hubris:Teleporter"},{"floor":23,"key":"Pear"},{"floor":25,"key":"Regal Pillow"},{"floor":26,"key":"Blood Vial"},{"floor":26,"key":"hubris:DisguiseKit"},{"floor":27,"key":"Centennial Puzzle"},{"floor":30,"key":"Old Coin"},{"floor":38,"key":"halation:BlackBeret"}],"event_choices":[{"damage_healed":0,"gold_gain":0,"player_choice":"Grow","damage_taken":0,"max_hp_gain":0,"max_hp_loss":0,"event_name":"Living Wall","floor":5,"gold_loss":0,"cards_upgraded":["Zap"]},{"damage_healed":0,"gold_gain":75,"player_choice":"Gather Gold","damage_taken":11,"max_hp_gain":0,"max_hp_loss":0,"event_name":"World of Goop","floor":13,"gold_loss":0},{"damage_healed":0,"gold_gain":0,"player_choice":"Cursed","damage_taken":0,"max_hp_gain":0,"max_hp_loss":0,"event_name":"Wheel of Change","floor":20,"gold_loss":0,"cards_obtained":["Decay"]},{"damage_healed":0,"gold_gain":0,"player_choice":"Fight","damage_taken":0,"max_hp_gain":0,"max_hp_loss":0,"event_name":"Mysterious Sphere","floor":38,"gold_loss":0}],"is_beta":false,"boss_relics":[{"not_picked":["Busted Crown","halation:Yufonium"],"picked":"hubris:ScarierMask"},{"not_picked":["aspiration:WatcherSkillbook","trackpad:Coffee"],"picked":"halation:SmartPhone"}],"items_purged_floors":[],"is_endless":false,"potions_floor_spawned":[6,11,16,21,27,28,30,31,33,35,38],"killed_by":"Giant Head","ascension_level":2}}