{"host":"gj67si5k8996twoo","time":1613232166,"event":{"mods":["100% Spire Juice","Abigail Mod","Act Like it!","Bartender","BaseMod","Chen","Colored Map","Downfall","Friendly Minions","Gensokyo","GifTheSpireLib","Hermit","Jorbs\u0027s Wanderer Trilogy","KinomotoSakuraMod(????)","Kiyohime????","Koishi","LagranYue(???·?)","Luminous","Marisa????????","Minty Spire (QoL Compilation)","Onozuka Komachi Mod","Railgun Mod","Reimu??????","Remilia??????","Remove Card Discount Mod","Shop Mod","StSLib","The Administrix","The Animator","The Servant 0.9.4","TheSwordswoman","WarShipGirlsR/????R mod","Yakumo Yukari mod","Yohane!","Yuri Mod","Yuyuko"],"gold_per_floor":[99,99,99,119,138,52,101,101,101,111,130,142,155,174,185,185,185,185],"floor_reached":16,"language":"ENG","playtime":924,"items_purged":[],"score":96,"play_id":"9ee215f6-8c84-4e51-a856-2a99b396b42e","local_time":"20210213170246","is_ascension_mode":false,"campfire_choices":[{"data":"Guardian:TwinSlam","floor":1,"key":"SMITH"},{"data":"Guardian:CurlUp","floor":9,"key":"SMITH"}],"circlet_count":0,"master_deck":["Guardian:Strike_Guardian","Guardian:Strike_Guardian","Guardian:Strike_Guardian","Guardian:Defend_Guardian","Guardian:Defend_Guardian","Guardian:Defend_Guardian","Guardian:Defend_Guardian","Guardian:CurlUp+1","Guardian:TwinSlam+1","Guardian:CrystalBeam","Guardian:Clone","Guardian:ShieldCharger","Guardian:RollAttack","Guardian:MultiBeam","Guardian:PrimingBeam","Guardian:GuardianWhirl","Guardian:Gem_Fragmented","Guardian:Gem_Cyan","Guardian:ChargeCore","Guardian:TemporalStrike","Guardian:Gem_Fragmented"],"relics":["Guardian:ModeShifter","LagranYue:RandomDrawCardRelic","Tiny Chest"],"acts_visited":["Exordium"],"potions_floor_usage":[16,16],"damage_taken":[{"damage":10,"enemies":"Small Slimes","floor":4,"turns":3},{"damage":6,"enemies":"Jaw Worm","floor":5,"turns":4},{"damage":0,"enemies":"downfall:FleeingMerchant","floor":6,"turns":4},{"damage":0,"enemies":"Cultist","floor":8,"turns":1},{"damage":15,"enemies":"downfall:LooterAlt","floor":10,"turns":4},{"damage":11,"enemies":"Exordium Wildlife","floor":11,"turns":3},{"damage":14,"enemies":"Blue Slaver","floor":12,"turns":4},{"damage":6,"enemies":"3 Louse","floor":13,"turns":3},{"damage":11,"enemies":"Exordium Wildlife","floor":14,"turns":3},{"damage":10,"enemies":"Large Slime","floor":15,"turns":5},{"damage":22,"enemies":"DF_ARCHETYPE_STREAMLINE","floor":16,"turns":7}],"seed_played":"-4159785505149517755","potions_obtained":[{"floor":10,"key":"Explosive Potion"},{"floor":11,"key":"GamblersBrew"},{"floor":12,"key":"Energy Potion"},{"floor":15,"key":"Regen Potion"}],"is_trial":false,"path_per_floor":["R","?","?","M","M","$","T","M","R","M","M","M","M","M","M","B"],"character_chosen":"GUARDIAN","items_purchased":["Guardian:MultiBeam"],"campfire_rested":0,"item_purchase_floors":[6],"current_hp_per_floor":[88,88,88,78,72,72,72,72,72,57,46,32,26,15,5,0,0,0],"gold":185,"neow_bonus":"TEN_PERCENT_HP_BONUS","is_daily":false,"chose_seed":false,"campfire_upgraded":2,"win_rate":0.0,"timestamp":1613232166,"path_taken":["R","?","?","M","M","$","T","M","R","M","M","M","M","M","M","BOSS"],"items_purchased_type":["Card"],"build_version":"2020-12-22","purchased_purges":0,"victory":false,"max_hp_per_floor":[88,88,88,88,88,88,88,88,88,88,88,88,88,88,88,88,88,88],"card_choices":[{"not_picked":["Guardian:Reroute","Guardian:Recover"],"picked":"Guardian:Clone","floor":4},{"not_picked":["Guardian:PiercingHide","Guardian:Suspension"],"picked":"Guardian:ShieldCharger","floor":5},{"not_picked":["Guardian:Gem_Green","Guardian:Gem_Red"],"picked":"Guardian:RollAttack","floor":6},{"not_picked":["Guardian:Gem_Blue","Guardian:PiercingHide"],"picked":"Guardian:PrimingBeam","floor":8},{"not_picked":["Guardian:Gem_Fragmented","Guardian:Gem_Lightblue"],"picked":"Guardian:GuardianWhirl","floor":10},{"not_picked":["Guardian:GemFinder","Guardian:Gem_Green"],"picked":"Guardian:Gem_Fragmented","floor":11},{"not_picked":["Guardian:TemporalShield","Guardian:VentSteam"],"picked":"Guardian:Gem_Cyan","floor":12},{"not_picked":["Guardian:RollAttack","Guardian:PiercingHide"],"picked":"Guardian:ChargeCore","floor":13},{"not_picked":["Guardian:TemporalShield","Guardian:Suspension"],"picked":"Guardian:TemporalStrike","floor":14},{"not_picked":["Guardian:BodySlam","Guardian:Gem_Blue"],"picked":"Guardian:Gem_Fragmented","floor":15}],"player_experience":243924,"relics_obtained":[{"floor":7,"key":"Tiny Chest"}],"event_choices":[],"is_beta":false,"boss_relics":[],"items_purged_floors":[],"is_endless":false,"potions_floor_spawned":[10,11,12,13,15],"killed_by":"DF_ARCHETYPE_STREAMLINE","ascension_level":0}}