{"host":"y0i0tbisecj7yjyn","time":1613189518,"event":{"mods":["AchievementEnabler","AlwaysNeverKeys","BaseMod","BetterRewards","Colored Map","Colored Powertips","Curses Come First","Disable Question Mark Monsters","Displayed Cursed Tome","Highlight Path","Keyboard Shortcuts","Minty Spire (QoL Compilation)","Quick Restart","Random Character Button","Rare Cards Sparkle","StSLib","SuperFastMode","Transform Curses","Weighted Paths"],"gold_per_floor":[116,116,116,134,150,189,220,257,294,191,191,191,191,226,226,345,345,360,375,400,414,435,473,572,612,612,612,612],"floor_reached":27,"language":"ENG","playtime":1645,"items_purged":["Regret"],"score":325,"play_id":"175fb722-7cbf-48a0-af03-3ccbf198121d","local_time":"20210212221158","is_ascension_mode":true,"campfire_choices":[{"floor":11,"key":"REST"},{"floor":15,"key":"REST"}],"circlet_count":0,"master_deck":["Strike_G+1","Strike_G","Strike_G","Strike_G","Defend_G","Defend_G","Defend_G","Defend_G","Defend_G","Survivor","Neutralize+1","Dagger Spray","Bouncing Flask","Backstab","Deflect","Deadly Poison","Catalyst","Burst","Slice","Bullet Time","Blur","Bouncing Flask+1","Slice","Noxious Fumes"],"relics":["Ring of the Snake","Whetstone","Golden Idol","Strawberry","MawBank","Vajra","Snake Skull","Snecko Eye","Mercury Hourglass","Red Mask","Bottled Flame"],"acts_visited":["Exordium","TheCity"],"potions_floor_usage":[6,8,14,14,14,19,20,25],"damage_taken":[{"damage":0,"enemies":"2 Louse","floor":1,"turns":3},{"damage":1,"enemies":"Small Slimes","floor":4,"turns":3},{"damage":0,"enemies":"Cultist","floor":5,"turns":4},{"damage":19,"enemies":"Lagavulin","floor":6,"turns":6},{"damage":2,"enemies":"3 Louse","floor":7,"turns":3},{"damage":20,"enemies":"Large Slime","floor":8,"turns":4},{"damage":0,"enemies":"Gremlin Nob","floor":14,"turns":2},{"damage":23,"enemies":"The Guardian","floor":16,"turns":7},{"damage":14,"enemies":"Shell Parasite","floor":18,"turns":3},{"damage":15,"enemies":"Spheric Guardian","floor":19,"turns":5},{"damage":13,"enemies":"3 Cultists","floor":20,"turns":4},{"damage":11,"enemies":"Centurion and Healer","floor":21,"turns":5},{"damage":0,"enemies":"Snecko","floor":22,"turns":3},{"damage":28,"enemies":"Book of Stabbing","floor":23,"turns":4},{"damage":0,"enemies":"Masked Bandits","floor":25,"turns":1},{"damage":1,"enemies":"Colosseum Slavers","floor":27,"turns":1}],"seed_played":"6169174377903870825","potions_obtained":[{"floor":1,"key":"PowerPotion"},{"floor":6,"key":"Fire Potion"},{"floor":7,"key":"DuplicationPotion"},{"floor":8,"key":"SteroidPotion"},{"floor":13,"key":"FearPotion"},{"floor":16,"key":"SkillPotion"},{"floor":18,"key":"Fire Potion"},{"floor":19,"key":"Fruit Juice"},{"floor":20,"key":"GhostInAJar"}],"is_trial":false,"path_per_floor":["M","?","?","M","M","E","M","M","T","$","R","?","?","E","R","B",null,"M","M","M","M","M","E","?","?","T","?"],"character_chosen":"THE_SILENT","items_purchased":["Catalyst"],"campfire_rested":2,"item_purchase_floors":[10],"current_hp_per_floor":[70,53,60,59,59,40,38,18,18,18,41,41,41,41,64,41,77,63,53,40,29,29,1,1,1,1,0,0],"gold":612,"neow_bonus":"RANDOM_COMMON_RELIC","is_daily":false,"chose_seed":false,"campfire_upgraded":0,"win_rate":0.0,"timestamp":1613189518,"path_taken":["M","?","?","M","M","E","M","M","T","$","R","?","?","E","R","BOSS","M","M","?","M","M","E","?","?","T","?"],"items_purchased_type":["Card"],"build_version":"2020-12-22","purchased_purges":1,"victory":false,"max_hp_per_floor":[70,70,77,77,77,77,77,77,77,77,77,77,77,77,77,77,77,77,82,82,82,82,82,82,82,82,82,82],"card_choices":[{"not_picked":["Backflip","Heel Hook"],"picked":"Dagger Spray","floor":1},{"not_picked":["Sucker Punch","Footwork"],"picked":"Bouncing Flask","floor":4},{"not_picked":["Underhanded Strike","Cloak And Dagger"],"picked":"Backstab","floor":5},{"not_picked":["Well Laid Plans","Skewer","Accuracy"],"picked":"SKIP","floor":6},{"not_picked":["Terror","Slice"],"picked":"Deflect","floor":7},{"not_picked":["Reflex","Blade Dance"],"picked":"Deadly Poison","floor":8},{"not_picked":["All Out Attack","Masterful Stab"],"picked":"Slice","floor":14},{"not_picked":["Glass Knife","Grand Finale"],"picked":"Bullet Time","floor":16},{"not_picked":["Heel Hook+1","Acrobatics"],"picked":"Blur","floor":18},{"not_picked":["Prepared","Riddle With Holes"],"picked":"Bouncing Flask+1","floor":19},{"not_picked":["Dagger Throw+1","Riddle With Holes"],"picked":"Slice","floor":20},{"not_picked":["Underhanded Strike+1","PiercingWail","Cloak And Dagger+1"],"picked":"SKIP","floor":21},{"not_picked":["Caltrops","Blur+1","Outmaneuver"],"picked":"SKIP","floor":22},{"not_picked":["Underhanded Strike","Expertise"],"picked":"Noxious Fumes","floor":23}],"player_experience":439787,"relics_obtained":[{"floor":6,"key":"MawBank"},{"floor":9,"key":"Vajra"},{"floor":14,"key":"Snake Skull"},{"floor":23,"key":"Mercury Hourglass"},{"floor":25,"key":"Red Mask"},{"floor":26,"key":"Bottled Flame"}],"event_choices":[{"damage_healed":0,"gold_gain":0,"player_choice":"Take Damage","damage_taken":17,"relics_obtained":["Golden Idol"],"max_hp_gain":0,"max_hp_loss":0,"event_name":"Golden Idol","floor":2,"gold_loss":0},{"damage_healed":0,"gold_gain":0,"player_choice":"Box","damage_taken":0,"relics_obtained":["Strawberry"],"max_hp_gain":0,"max_hp_loss":0,"event_name":"Big Fish","floor":3,"gold_loss":0,"cards_obtained":["Regret"]},{"damage_healed":0,"gold_gain":0,"cards_transformed":["Strike_G"],"player_choice":"Change","damage_taken":0,"max_hp_gain":0,"max_hp_loss":0,"event_name":"Living Wall","floor":12,"gold_loss":0,"cards_obtained":["Burst"]},{"damage_healed":0,"gold_gain":0,"player_choice":"Got Potions","damage_taken":0,"max_hp_gain":0,"max_hp_loss":0,"event_name":"Lab","floor":13,"gold_loss":0},{"damage_healed":0,"gold_gain":99,"player_choice":"Stole From Cult","damage_taken":0,"max_hp_gain":0,"max_hp_loss":0,"event_name":"Nest","floor":24,"gold_loss":0},{"damage_healed":0,"gold_gain":0,"player_choice":"Fought Bandits","damage_taken":0,"max_hp_gain":0,"max_hp_loss":0,"event_name":"Masked Bandits","floor":25,"gold_loss":0},{"damage_healed":0,"gold_gain":0,"player_choice":"Fight","damage_taken":0,"max_hp_gain":0,"max_hp_loss":0,"event_name":"Colosseum","floor":27,"gold_loss":0}],"is_beta":false,"boss_relics":[{"not_picked":["Philosopher\u0027s Stone","Astrolabe"],"picked":"Snecko Eye"}],"items_purged_floors":[10],"is_endless":false,"potions_floor_spawned":[1,6,7,8,16,18,19,20],"killed_by":"Colosseum Slavers","ascension_level":2}}