{"host":"ssp7h7dr5kg5qkdm","time":1613183333,"event":{"mods":["AchievementEnabler","BaseMod","DeckTracker","Keyboard Shortcuts","Koishi","Minty Spire (QoL Compilation)","Permanent Neow","Relic Stats","Spicy Shops","StSLib","SuperFastMode"],"gold_per_floor":[111,111,111,36,50,50,50,76,131,56,83,99,99,109,109,183,183,196,111,130,130,130,130,141,174,197,224,224,224,67,80,80,80,80],"floor_reached":33,"language":"KOR","playtime":1351,"items_purged":["Koishi:BasicStrike"],"score":524,"play_id":"6360168b-f88b-4ee7-a9eb-bcf440096996","local_time":"20210213112853","is_ascension_mode":true,"campfire_choices":[{"data":"Koishi:StingingMind","floor":7.0,"key":"SMITH"},{"data":"Koishi:Catatonia","floor":15.0,"key":"SMITH"},{"data":"Koishi:ParalyzingFear","floor":23.0,"key":"SMITH"},{"data":"Koishi:HeartStoppingHorror","floor":29.0,"key":"SMITH"},{"data":"Koishi:HauntingSlash","floor":32.0,"key":"SMITH"}],"circlet_count":0,"master_deck":["AscendersBane","Koishi:BasicStrike+1","Koishi:BasicStrike","Koishi:BasicDefend","Koishi:BasicDefend","Koishi:BasicDefend+1","Koishi:Provoke","Koishi:HauntingSlash+1","Koishi:Catatonia+1","Koishi:StingingMind+1","Koishi:DanmakuParanoia","Koishi:ParalyzingFear+1","Koishi:GrowingPain","Koishi:PhantomBarrier","Koishi:YoukaiPolygraph+1","Koishi:HeartStoppingHorror+1"],"relics":["Koishi:ImaginaryFriend","Art of War","Matryoshka","Kunai","Anchor","Omamori","Black Star","Dream Catcher","MutagenicStrength","Eternal Feather","MealTicket","PreservedInsect","Shuriken","Boot","TheAbacus"],"acts_visited":["Exordium","TheCity"],"potions_floor_usage":[33],"damage_taken":[{"damage":3.0,"enemies":"2 Louse","floor":1.0,"turns":4.0},{"damage":3.0,"enemies":"Jaw Worm","floor":5.0,"turns":7.0},{"damage":35.0,"enemies":"Lagavulin","floor":8.0,"turns":4.0},{"damage":8.0,"enemies":"Gremlin Nob","floor":11.0,"turns":7.0},{"damage":0.0,"enemies":"Small Slimes","floor":12.0,"turns":3.0},{"damage":0.0,"enemies":"2 Fungi Beasts","floor":14.0,"turns":3.0},{"damage":7.0,"enemies":"The Guardian","floor":16.0,"turns":14.0},{"damage":18.0,"enemies":"Spheric Guardian","floor":18.0,"turns":5.0},{"damage":26.0,"enemies":"Shell Parasite","floor":20.0,"turns":12.0},{"damage":8.0,"enemies":"Snake Plant","floor":24.0,"turns":5.0},{"damage":16.0,"enemies":"Slavers","floor":25.0,"turns":8.0},{"damage":8.0,"enemies":"Book of Stabbing","floor":27.0,"turns":6.0},{"damage":14.0,"enemies":"Centurion and Healer","floor":31.0,"turns":6.0},{"damage":63,"enemies":"Collector","floor":33,"turns":5}],"seed_played":"4725573262016895663","potions_obtained":[{"floor":8.0,"key":"Dexterity Potion"},{"floor":11.0,"key":"Dexterity Potion"},{"floor":12.0,"key":"Fire Potion"},{"floor":16.0,"key":"GamblersBrew"},{"floor":18.0,"key":"SpeedPotion"},{"floor":24.0,"key":"Energy Potion"},{"floor":25.0,"key":"AttackPotion"}],"is_trial":false,"path_per_floor":["M","?","?","?","M","?","R","E","T","$","E","M","?","M","R","B",null,"M","?","M","?","?","R","M","E","T","E","?","R","$","M","R","B"],"character_chosen":"KOISHI","items_purchased":["TheAbacus"],"campfire_rested":0,"item_purchase_floors":[30],"current_hp_per_floor":[49,54,35,35,36,36,36,11,11,11,9,14,7,12,12,22,52,39,39,26,26,22,22,23,17,17,15,27,36,51,47,56,0,0],"gold":80,"neow_bonus":"RANDOM_COMMON_RELIC","is_daily":false,"chose_seed":false,"campfire_upgraded":5,"win_rate":0.0,"timestamp":1613183333,"path_taken":["M","?","?","?","?","?","R","E","T","$","E","M","?","M","R","BOSS","M","?","M","?","?","R","?","E","T","E","?","R","?","M","R","BOSS"],"items_purchased_type":["Relic"],"build_version":"2020-12-22","purchased_purges":1,"victory":false,"max_hp_per_floor":[57,62,62,62,62,62,62,62,62,62,62,62,62,62,62,62,62,62,62,62,62,62,62,62,62,62,62,62,62,62,62,62,62,62],"relic_stats":{"Dream Catcher":0,"TheAbacus":[12],"counters":[14,89],"Shuriken":[3],"Eternal Feather":18,"MealTicket":15,"PreservedInsect":42,"Art of War":[6],"Black Star":2,"Kunai":[13],"Boot":[0],"obtain_stats":[{"Eternal Feather":25,"PreservedInsect":26,"Omamori":11,"Boot":27,"Anchor":9,"Dream Catcher":19,"Matryoshka":8,"TheAbacus":30,"Shuriken":27,"MutagenicStrength":21,"MealTicket":26,"Art of War":0,"Black Star":17,"Kunai":9,"Koishi:ImaginaryFriend":0},{"Eternal Feather":11,"PreservedInsect":11,"Omamori":4,"Boot":12,"Anchor":3,"Dream Catcher":8,"Matryoshka":3,"TheAbacus":12,"Shuriken":12,"MutagenicStrength":9,"MealTicket":11,"Art of War":0,"Black Star":7,"Kunai":3,"Koishi:ImaginaryFriend":0},{"Eternal Feather":72,"PreservedInsect":72,"Omamori":22,"Boot":78,"Anchor":15,"Dream Catcher":47,"Matryoshka":15,"TheAbacus":78,"Shuriken":78,"MutagenicStrength":59,"MealTicket":72,"Art of War":0,"Black Star":42,"Kunai":15,"Koishi:ImaginaryFriend":0}]},"card_choices":[{"not_picked":["Koishi:Jaunt","Koishi:JumpScare"],"picked":"Koishi:Catatonia","floor":1.0},{"not_picked":["Koishi:ReflexRadar","Koishi:UnansweredLove"],"picked":"Koishi:StingingMind","floor":5.0},{"not_picked":["Koishi:BloodcurdlingScream","Koishi:ReflexRadar"],"picked":"Koishi:DanmakuParanoia","floor":8.0},{"not_picked":["Koishi:IdleWhim","Koishi:ConditionedTeleport","Koishi:ApparitionsStalkTheNight"],"picked":"SKIP","floor":11.0},{"not_picked":["Koishi:SpiritedAway","Koishi:Whimsy","Koishi:SubconsciousSweep"],"picked":"SKIP","floor":12.0},{"not_picked":["Koishi:SubterraneanRose","Koishi:VengefulSpirit"],"picked":"Koishi:ParalyzingFear","floor":14.0},{"not_picked":["Koishi:ImGoingToCallYouNow","Koishi:Heartbroken"],"picked":"Koishi:GrowingPain","floor":16.0},{"not_picked":["Koishi:RacingHeart","Koishi:Bloodlust"],"picked":"Koishi:PhantomBarrier","floor":18.0},{"not_picked":["Koishi:Prune","Koishi:CatchAndRose","Koishi:ParalyzingFear"],"picked":"SKIP","floor":20.0},{"not_picked":["Koishi:LastRemote","Koishi:SubconsciousSweep"],"picked":"Koishi:YoukaiPolygraph+1","floor":24.0},{"not_picked":["Koishi:MassHysteria","Koishi:EmbryosDream","Koishi:ReflexRadar"],"picked":"SKIP","floor":25.0},{"not_picked":["Koishi:MassHysteria","Koishi:EmbryosDream","Koishi:ReflexRadar"],"picked":"SKIP","floor":25.0},{"not_picked":["Koishi:LastRemote","Koishi:JumpScare"],"picked":"Koishi:HeartStoppingHorror","floor":27.0},{"not_picked":["Koishi:Catatonia","Koishi:DreadfulBlow","Koishi:SubterraneanRose"],"picked":"SKIP","floor":31.0}],"player_experience":1112118,"relics_obtained":[{"floor":8.0,"key":"Matryoshka"},{"floor":9.0,"key":"Kunai"},{"floor":9.0,"key":"Anchor"},{"floor":11.0,"key":"Omamori"},{"floor":25.0,"key":"Eternal Feather"},{"floor":26.0,"key":"MealTicket"},{"floor":26.0,"key":"PreservedInsect"},{"floor":27.0,"key":"Shuriken"},{"floor":27.0,"key":"Boot"}],"event_choices":[{"damage_healed":0.0,"max_hp_gain":5.0,"max_hp_loss":0.0,"gold_gain":0.0,"event_name":"Big Fish","player_choice":"Donut","floor":2.0,"gold_loss":0.0,"damage_taken":0.0},{"damage_healed":0.0,"max_hp_gain":0.0,"max_hp_loss":0.0,"gold_gain":0.0,"event_name":"Shining Light","player_choice":"Entered Light","floor":3.0,"gold_loss":0.0,"damage_taken":19.0,"cards_upgraded":["Koishi:BasicStrike","Koishi:BasicDefend"]},{"cards_removed":["Koishi:BasicStrike"],"damage_healed":0.0,"max_hp_gain":0.0,"max_hp_loss":0.0,"gold_gain":0.0,"event_name":"The Cleric","player_choice":"Card Removal","floor":4.0,"gold_loss":75.0,"damage_taken":0.0},{"damage_healed":0.0,"max_hp_gain":0.0,"max_hp_loss":0.0,"gold_gain":0.0,"event_name":"Liars Game","player_choice":"Ignored","floor":6.0,"gold_loss":0.0,"damage_taken":0.0},{"cards_removed":["Koishi:BasicDefend"],"damage_healed":0.0,"max_hp_gain":0.0,"max_hp_loss":0.0,"gold_gain":0.0,"event_name":"Golden Wing","player_choice":"Card Removal","floor":13.0,"gold_loss":0.0,"damage_taken":7.0},{"damage_healed":0.0,"max_hp_gain":0.0,"max_hp_loss":0.0,"gold_gain":0.0,"event_name":"Addict","player_choice":"Obtained Relic","floor":19.0,"gold_loss":85.0,"damage_taken":0.0,"relics_obtained":["Dream Catcher"]},{"damage_healed":0.0,"max_hp_gain":0.0,"max_hp_loss":0.0,"gold_gain":0.0,"event_name":"Drug Dealer","player_choice":"Inject Mutagens","floor":21.0,"gold_loss":0.0,"damage_taken":0.0,"relics_obtained":["MutagenicStrength"]},{"damage_healed":0.0,"max_hp_gain":0.0,"max_hp_loss":0.0,"gold_gain":0.0,"event_name":"The Woman in Blue","player_choice":"Bought 0 Potions","floor":22.0,"gold_loss":0.0,"damage_taken":0.0},{"damage_healed":12.0,"max_hp_gain":0.0,"max_hp_loss":0.0,"gold_gain":0.0,"event_name":"The Library","player_choice":"Heal","floor":28.0,"gold_loss":0.0,"damage_taken":0.0}],"is_beta":false,"boss_relics":[{"not_picked":["Runic Dome","Koishi:ColorfulDays"],"picked":"Black Star"}],"items_purged_floors":[10],"is_endless":false,"potions_floor_spawned":[8,11,12,16,18,24,25],"killed_by":"Collector","ascension_level":16}}