{"host":"hpn0uxah5qjr7pa6","time":1613205654,"event":{"mods":["2.2 Compatiblity","Act Like it!","Aspiration","BaseMod","Better Third Choice","BetterRewards","Challenge The Spire","Colored Powertips","Conspire","DeckTracker","Downfall","Energized Spire","Hallownest","Hermit","Highlight Path","Hubris","Infinite Spire","Minty Spire (QoL Compilation)","Permanent Neow","Quick Restart","Rare Cards Sparkle","Replay The Spire","Spicy Shops","StSLib","The Bug Knight","The Jungle"],"gold_per_floor":[116,134,148,164,180,180,180,180,180,192,21,21,56,56,56,153,153,171,183,199,219,161,161,188,188,220,235,249,249,249,249,249,346,346,363,378,378,507,507,522,599,617,633,653,235,235,249,265,265,265,265,265],"floor_reached":50,"language":"ENG","playtime":1650,"items_purged":["bronze:CutThrough"],"score":732,"play_id":"80125847-dc8e-4a7e-af71-0623ebcb3a01","local_time":"20210213004054","is_ascension_mode":true,"campfire_choices":[{"floor":6,"key":"REST"},{"floor":9,"key":"REST"},{"floor":15,"key":"REST"},{"floor":23,"key":"REST"},{"floor":25,"key":"REST"},{"floor":29,"key":"REST"},{"floor":32,"key":"REST"},{"floor":46,"key":"REST"},{"floor":49,"key":"REST"}],"circlet_count":0,"master_deck":["bronze:Strike","bronze:Strike","bronze:Strike","bronze:Strike","bronze:Defend","bronze:Defend","bronze:Defend","bronze:Defend","bronze:Replicate","bronze:ChosenStrike","bronze:ChosenStrike","bronze:BronzeOrb","bronze:ChosenStrike","bronze:OilSpill","bronze:ChosenStrike","bronze:Branch","bronze:DelayedSlice+1","bronze:DigitalCarnage","bronze:InfiniteLoop","bronze:Branch","bronze:Overheat","bronze:WhirlingStrike+1"],"relics":["bronze:PlatinumCore","Blue Doll","infinitespire:Bottled Soul","Replay:Mystery Machine","energizedSpire:DeadBattery","Happy Flower","HollowMod:LifeEnderRelic","Chemical X","Strawberry","hubris:MobiusCoin","aspiration:VileToxins","Ornamental Fan"],"acts_visited":["Exordium","TheCity","TheBeyond"],"potions_floor_usage":[4,10,13,26,33,38,42,47],"damage_taken":[{"damage":7,"enemies":"conspire:RoseBush","floor":1,"turns":4},{"damage":4,"enemies":"2 Louse","floor":2,"turns":3},{"damage":0,"enemies":"Small Slimes","floor":3,"turns":4},{"damage":17,"enemies":"Exordium Thugs","floor":4,"turns":6},{"damage":24,"enemies":"conspire:2 RoseBushes","floor":5,"turns":7},{"damage":1,"enemies":"3 Louse","floor":10,"turns":2},{"damage":5,"enemies":"downfall:FleeingMerchant","floor":11,"turns":4},{"damage":26,"enemies":"Lagavulin","floor":13,"turns":6},{"damage":41,"enemies":"IC_STATUS_ARCHETYPE","floor":16,"turns":8},{"damage":0,"enemies":"3 Byrds","floor":18,"turns":4},{"damage":13,"enemies":"Snecko","floor":19,"turns":3},{"damage":23,"enemies":"conspire:HollyBat","floor":20,"turns":5},{"damage":15,"enemies":"Snake Plant","floor":21,"turns":3},{"damage":0,"enemies":"downfall:FleeingMerchant","floor":22,"turns":4},{"damage":8,"enemies":"conspire:Head Lice","floor":26,"turns":2},{"damage":1,"enemies":"Chosen and Byrds","floor":27,"turns":2},{"damage":0,"enemies":"3 Cultists","floor":28,"turns":2},{"damage":29,"enemies":"WA_ARCHETYPE_CALM","floor":33,"turns":7},{"damage":0,"enemies":"Orb Walker","floor":35,"turns":1},{"damage":0,"enemies":"3 Shapes","floor":36,"turns":2},{"damage":0,"enemies":"downfall:FleeingMerchant","floor":38,"turns":2},{"damage":14,"enemies":"Spire Growth","floor":40,"turns":3},{"damage":28,"enemies":"Maw","floor":42,"turns":5},{"damage":11,"enemies":"Sphere and 2 Shapes","floor":43,"turns":2},{"damage":0,"enemies":"Transient","floor":44,"turns":5},{"damage":14,"enemies":"Writhing Mass","floor":47,"turns":3},{"damage":0,"enemies":"Spire Growth","floor":48,"turns":2},{"damage":54,"enemies":"DF_ARCHETYPE_ORBS","floor":50,"turns":4}],"seed_played":"22051392828231632","potions_obtained":[{"floor":2,"key":"EssenceOfSteel"},{"floor":4,"key":"SteroidPotion"},{"floor":5,"key":"AttackPotion"},{"floor":18,"key":"FearPotion"},{"floor":27,"key":"BlessingOfTheForge"},{"floor":36,"key":"Explosive Potion"},{"floor":40,"key":"sneckomod:MuddlingPotion"},{"floor":43,"key":"Elixir"},{"floor":44,"key":"sneckomod:MuddlingPotion"},{"floor":47,"key":"Strength Potion"}],"is_trial":false,"path_per_floor":["M","M","M","M","M","R","T","?","R","M","$","?","E","?","R","B",null,"M","M","M","M","$","R","T","R","E","M","M","R","?","AVR","R","B",null,"M","M","?","$","?","M","T","M","M","M","$","R","M","M","R","B"],"character_chosen":"THE_AUTOMATON","items_purchased":["bronze:ChosenStrike","bronze:DigitalCarnage","Strawberry","bronze:Overheat","bronze:WhirlingStrike+1","aspiration:VileToxins","Ornamental Fan"],"campfire_rested":9,"item_purchase_floors":[11,22,38,38,45,45,45],"current_hp_per_floor":[56,52,52,35,11,32,32,32,53,52,47,47,21,21,42,1,53,53,40,17,2,2,23,23,44,36,35,35,56,56,56,70,41,63,63,63,63,70,73,59,59,31,20,20,20,44,30,30,54,0,0,0],"gold":265,"neow_bonus":"RANDOM_COMMON_RELIC","is_daily":false,"chose_seed":false,"campfire_upgraded":0,"win_rate":0.0,"timestamp":1613205654,"path_taken":["M","M","M","M","M","R","T","?","R","M","$","?","E","?","R","BOSS","M","M","M","M","$","R","T","R","E","M","M","R","?","AVR","R","BOSS","M","M","?","$","?","M","T","M","M","M","?","R","M","M","R","BOSS"],"items_purchased_type":["Card","Card","Relic","Card","Card","Relic","Relic"],"build_version":"2020-12-22","purchased_purges":1,"victory":false,"max_hp_per_floor":[70,70,70,70,70,70,70,70,70,70,70,70,70,70,70,70,70,70,70,70,70,70,70,70,70,70,70,70,70,70,70,70,70,70,70,70,70,77,80,80,80,80,80,80,80,80,80,80,80,80,80,80],"card_choices":[{"not_picked":["bronze:CutThrough","bronze:FineTuning"],"picked":"bronze:ChosenStrike","floor":1},{"not_picked":["bronze:Iterate","bronze:Overheat","bronze:FineTuning"],"picked":"SKIP","floor":2},{"not_picked":["bronze:Invalidate","bronze:Deprecate"],"picked":"bronze:ChosenStrike","floor":3},{"not_picked":["bronze:Separator","bronze:BugBarrage","bronze:BitShift"],"picked":"SKIP","floor":4},{"not_picked":["bronze:Overload","bronze:Frontload","bronze:Assembly"],"picked":"SKIP","floor":5},{"not_picked":["bronze:Refactor","bronze:ItsAFeature","bronze:ForceShield"],"picked":"SKIP","floor":10},{"not_picked":["bronze:Turbo","bronze:Backtrace"],"picked":"bronze:BronzeOrb","floor":11},{"not_picked":["bronze:Overheat","bronze:Backtrace"],"picked":"bronze:OilSpill","floor":13},{"not_picked":["bronze:Invalidate+1","bronze:Shield","bronze:Separator"],"picked":"SKIP","floor":18},{"not_picked":["bronze:Overheat+1","bronze:CutThrough","bronze:CloningBeam"],"picked":"SKIP","floor":19},{"not_picked":["bronze:Backtrace+1","bronze:BitShift"],"picked":"bronze:Branch","floor":20},{"not_picked":["bronze:WhirlingStrike","bronze:BronzeArmor"],"picked":"bronze:DelayedSlice+1","floor":21},{"not_picked":["bronze:Frontload","bronze:WildBeam","bronze:Optimize+1"],"picked":"SKIP","floor":22},{"not_picked":["bronze:ChildClass","bronze:Shell+1","bronze:Deprecate"],"picked":"SKIP","floor":26},{"not_picked":["bronze:BitShift","bronze:BugBarrage","bronze:Hardcode"],"picked":"SKIP","floor":27},{"not_picked":["bronze:Turbo","bronze:ChildClass+1","bronze:BugBarrage"],"picked":"SKIP","floor":28},{"not_picked":["bronze:FindAndReplace","bronze:CleanCode"],"picked":"bronze:InfiniteLoop","floor":33},{"not_picked":["bronze:WildBeam","bronze:FollowUp"],"picked":"bronze:Branch","floor":35},{"not_picked":["bronze:Deprecate+1","bronze:Shield+1","bronze:FineTuning"],"picked":"SKIP","floor":36},{"not_picked":["bronze:Overload+1","bronze:DarkDash+1","bronze:BugBarrage"],"picked":"SKIP","floor":38},{"not_picked":["bronze:WildBeam","bronze:Overheat","bronze:Invalidate+1"],"picked":"SKIP","floor":40},{"not_picked":["bronze:WildBeam+1","bronze:Backtrace","bronze:FollowUp+1"],"picked":"SKIP","floor":42},{"not_picked":["bronze:NullPointer+1","bronze:FollowUp+1","bronze:Safeguard"],"picked":"SKIP","floor":43},{"not_picked":["bronze:WhirlingStrike+1","bronze:ForLoop+1","bronze:ItsAFeature"],"picked":"SKIP","floor":44},{"not_picked":["bronze:BuggyMess","bronze:Terminator","bronze:CutThrough+1"],"picked":"SKIP","floor":47},{"not_picked":["bronze:DelayedGuard","bronze:Allocate","bronze:CutThrough"],"picked":"SKIP","floor":48}],"player_experience":233583,"relics_obtained":[{"floor":7,"key":"infinitespire:Bottled Soul"},{"floor":13,"key":"Replay:Mystery Machine"},{"floor":24,"key":"Happy Flower"},{"floor":26,"key":"HollowMod:LifeEnderRelic"},{"floor":41,"key":"hubris:MobiusCoin"}],"event_choices":[],"is_beta":false,"boss_relics":[{"not_picked":["aspiration:RunicSpoon","Replay:Fungal Core"],"picked":"energizedSpire:DeadBattery"},{"not_picked":["Philosopher\u0027s Stone","Replay:Wanted Poster"],"picked":"bronze:PlatinumCore"}],"items_purged_floors":[11],"is_endless":false,"potions_floor_spawned":[2,4,5,18,27,36,40,43,44,47],"killed_by":"DF_ARCHETYPE_ORBS","ascension_level":9}}