{"host":"mo4d2vii2wc3uyp7","time":1613231412,"event":{"mods":["AchievementEnabler","BaseMod","Colored Map","Highlight Path","Keyboard Shortcuts","Minty Spire (QoL Compilation)","Permanent Neow","Quick Restart","Shop Mod","StSLib","SuperFastMode","everything is the same but u backflip on backflip"],"gold_per_floor":[115,115,125,153,178,178,222,244,268,268,294,294,294,294,294,432,432,447,26,48,66,66,109,109,141,141,141,141,164,206,6,6,143,143,168,192,201,201,216,216,241,277,277,58,58,105,105,139,139,139,139],"floor_reached":50,"language":"KOR","playtime":1940,"items_purged":["Strike_G","Defend_G","Strike_G"],"score":624,"play_id":"a217ac2e-6fa6-4899-b2f4-300b8d99e135","local_time":"20210214005011","is_ascension_mode":true,"campfire_choices":[{"data":"Neutralize","floor":6.0,"key":"SMITH"},{"data":"Noxious Fumes","floor":10.0,"key":"SMITH"},{"floor":12.0,"key":"REST"},{"floor":15.0,"key":"REST"},{"data":"Adrenaline","floor":27.0,"key":"SMITH"},{"data":"Footwork","floor":32.0,"key":"SMITH"},{"data":"Escape Plan","floor":40,"key":"SMITH"},{"data":"Backflip","floor":45,"key":"SMITH"},{"floor":47,"key":"REST"},{"floor":49,"key":"REST"}],"circlet_count":0,"master_deck":["Strike_G","Strike_G","Strike_G","Defend_G","Defend_G","Defend_G","Defend_G","Survivor","Neutralize+1","Dagger Spray","Escape Plan+1","Quick Slash","Noxious Fumes+1","Backstab","Dagger Throw","Adrenaline+1","Prepared","Bane","Tactician+1","Footwork+1","Backflip+1","All Out Attack+1","Adrenaline+1","Dramatic Entrance","Bullet Time+1","Endless Agony"],"relics":["Ring of the Snake","Potion Belt","CeramicFish","Omamori","Nunchaku","Golden Idol","Calling Bell","Akabeko","Letter Opener","Torii","Thread and Needle","Meat on the Bone","Happy Flower","StrikeDummy","StoneCalendar","SacredBark","Bronze Scales","Toxic Egg 2","Membership Card","Lizard Tail"],"acts_visited":["Exordium","TheCity","TheBeyond"],"potions_floor_usage":[41,41,42,42],"damage_taken":[{"damage":0.0,"enemies":"2 Louse","floor":1.0,"turns":3.0},{"damage":4.0,"enemies":"Jaw Worm","floor":3.0,"turns":6.0},{"damage":0.0,"enemies":"Cultist","floor":4.0,"turns":3.0},{"damage":1.0,"enemies":"Looter","floor":5.0,"turns":4.0},{"damage":19.0,"enemies":"Gremlin Nob","floor":7.0,"turns":5.0},{"damage":2.0,"enemies":"2 Fungi Beasts","floor":8.0,"turns":4.0},{"damage":1.0,"enemies":"Blue Slaver","floor":11.0,"turns":4.0},{"damage":31.0,"enemies":"Hexaghost","floor":16.0,"turns":11.0},{"damage":0.0,"enemies":"Spheric Guardian","floor":18.0,"turns":3.0},{"damage":0.0,"enemies":"3 Byrds","floor":20.0,"turns":3.0},{"damage":2.0,"enemies":"Shelled Parasite and Fungi","floor":21.0,"turns":6.0},{"damage":2.0,"enemies":"Slavers","floor":23.0,"turns":5.0},{"damage":1.0,"enemies":"Chosen and Byrds","floor":25.0,"turns":5.0},{"damage":4.0,"enemies":"Centurion and Healer","floor":29.0,"turns":5.0},{"damage":0.0,"enemies":"Gremlin Leader","floor":30.0,"turns":5.0},{"damage":10.0,"enemies":"Champ","floor":33.0,"turns":12.0},{"damage":0.0,"enemies":"3 Darklings","floor":35.0,"turns":3.0},{"damage":1.0,"enemies":"Orb Walker","floor":36.0,"turns":3.0},{"damage":0,"enemies":"Sphere and 2 Shapes","floor":39,"turns":4},{"damage":2,"enemies":"Writhing Mass","floor":41,"turns":6},{"damage":11,"enemies":"Reptomancer","floor":42,"turns":6},{"damage":77,"enemies":"Giant Head","floor":46,"turns":11},{"damage":41,"enemies":"Transient","floor":48,"turns":5},{"damage":143,"enemies":"Time Eater","floor":50,"turns":12}],"seed_played":"-2716211570480713456","potions_obtained":[{"floor":5.0,"key":"Block Potion"},{"floor":7.0,"key":"FairyPotion"},{"floor":11.0,"key":"Weak Potion"},{"floor":14.0,"key":"Swift Potion"},{"floor":14.0,"key":"SkillPotion"},{"floor":14.0,"key":"EntropicBrew"},{"floor":18.0,"key":"Swift Potion"},{"floor":20.0,"key":"CunningPotion"},{"floor":23.0,"key":"SneckoOil"},{"floor":30.0,"key":"LiquidMemories"},{"floor":33.0,"key":"Weak Potion"},{"floor":35.0,"key":"Fire Potion"},{"floor":36.0,"key":"Fire Potion"},{"floor":42,"key":"FairyPotion"}],"is_trial":false,"path_per_floor":["M","?","M","M","M","R","E","M","T","R","M","R","?","?","R","B",null,"M","$","M","M","T","E","?","M","T","R","?","M","E","$","R","B",null,"M","M","?","?","M","R","M","E","T","$","R","E","R","M","R","B"],"character_chosen":"THE_SILENT","items_purchased":["Prepared","Thread and Needle","SkillPotion","ColorlessPotion","Membership Card"],"campfire_rested":4,"item_purchase_floors":[19,19,31,31,44],"current_hp_per_floor":[70,52,48,48,47,47,28,26,26,26,25,46,29,29,50,19,70,70,70,70,68,68,66,66,65,65,65,65,61,61,61,61,51,70,70,69,64,64,64,64,62,51,51,51,51,40,61,32,53,0,0],"gold":139,"neow_bonus":"RANDOM_COMMON_RELIC","is_daily":false,"chose_seed":false,"campfire_upgraded":6,"win_rate":0.0,"timestamp":1613231411,"path_taken":["M","?","M","M","M","R","E","M","T","R","M","R","?","?","R","BOSS","M","$","M","M","?","E","?","M","T","R","?","M","E","$","R","BOSS","M","M","?","?","M","R","?","E","T","$","R","E","R","M","R","BOSS"],"items_purchased_type":["Card","Relic","Potion","Potion","Relic"],"build_version":"2020-12-22","purchased_purges":3,"victory":false,"max_hp_per_floor":[70,70,70,70,70,70,70,70,70,70,70,70,70,70,70,70,70,70,70,70,70,70,70,70,70,70,70,70,70,70,70,70,70,70,70,70,70,70,70,70,70,70,70,70,70,70,70,70,70,70,70],"card_choices":[{"not_picked":["Poisoned Stab","Concentrate"],"picked":"Dagger Spray","floor":1.0},{"not_picked":["Catalyst","Well Laid Plans","Predator"],"picked":"SKIP","floor":3.0},{"not_picked":["Dagger Throw","Riddle With Holes"],"picked":"Escape Plan","floor":4.0},{"not_picked":["Dodge and Roll","Outmaneuver"],"picked":"Quick Slash","floor":5.0},{"not_picked":["Quick Slash","Blade Dance"],"picked":"Noxious Fumes","floor":7.0},{"not_picked":["Slice","Crippling Poison"],"picked":"Backstab","floor":8.0},{"not_picked":["PiercingWail","Endless Agony"],"picked":"Dagger Throw","floor":11.0},{"not_picked":["Malaise","Venomology"],"picked":"Adrenaline","floor":16.0},{"not_picked":["Accuracy","Outmaneuver+1","Finisher"],"picked":"SKIP","floor":18.0},{"not_picked":["Flying Knee+1","Underhanded Strike+1"],"picked":"Bane","floor":20.0},{"not_picked":["Noxious Fumes","Leg Sweep","Dagger Throw"],"picked":"SKIP","floor":21.0},{"not_picked":["Quick Slash","Prepared+1"],"picked":"Tactician+1","floor":23.0},{"not_picked":["Blur","Dagger Spray"],"picked":"Footwork","floor":25.0},{"not_picked":["Corpse Explosion","Skewer"],"picked":"Backflip","floor":29.0},{"not_picked":["Sucker Punch+1","Underhanded Strike"],"picked":"All Out Attack+1","floor":30.0},{"not_picked":["Burst","Phantasmal Killer"],"picked":"Adrenaline","floor":33.0},{"not_picked":["Finisher+1","Cloak And Dagger","Sucker Punch+1"],"picked":"SKIP","floor":35.0},{"not_picked":["Slice","Prepared+1","Poisoned Stab+1"],"picked":"SKIP","floor":36.0},{"not_picked":["Mind Blast","Finesse"],"picked":"Dramatic Entrance","floor":37},{"not_picked":["Deadly Poison+1","Bane","Quick Slash"],"picked":"SKIP","floor":39},{"not_picked":["Choke","Dodge and Roll","Backflip+1"],"picked":"SKIP","floor":41},{"not_picked":["Infinite Blades","Dodge and Roll","Well Laid Plans"],"picked":"SKIP","floor":42},{"not_picked":["Heel Hook","Quick Slash"],"picked":"Bullet Time+1","floor":46},{"not_picked":["All Out Attack","Poisoned Stab"],"picked":"Endless Agony","floor":48}],"player_experience":624477,"relics_obtained":[{"floor":7.0,"key":"Omamori"},{"floor":9.0,"key":"Nunchaku"},{"floor":17.0,"key":"Akabeko"},{"floor":17.0,"key":"Letter Opener"},{"floor":17.0,"key":"Torii"},{"floor":22.0,"key":"Meat on the Bone"},{"floor":23.0,"key":"Happy Flower"},{"floor":26.0,"key":"StrikeDummy"},{"floor":30.0,"key":"StoneCalendar"},{"floor":42,"key":"Bronze Scales"},{"floor":43,"key":"Toxic Egg 2"},{"floor":46,"key":"Lizard Tail"}],"event_choices":[{"damage_healed":0.0,"max_hp_gain":0.0,"max_hp_loss":0.0,"gold_gain":0.0,"event_name":"Scrap Ooze","player_choice":"Success","floor":2.0,"gold_loss":0.0,"damage_taken":18.0,"relics_obtained":["CeramicFish"]},{"damage_healed":0.0,"max_hp_gain":0.0,"max_hp_loss":0.0,"gold_gain":0.0,"event_name":"Golden Idol","player_choice":"Take Damage","floor":13.0,"gold_loss":0.0,"damage_taken":17.0,"relics_obtained":["Golden Idol"]},{"damage_healed":0.0,"max_hp_gain":0.0,"max_hp_loss":0.0,"gold_gain":0.0,"event_name":"Lab","player_choice":"Got Potions","floor":14.0,"gold_loss":0.0,"damage_taken":0.0},{"damage_healed":0.0,"max_hp_gain":0.0,"max_hp_loss":0.0,"gold_gain":0.0,"event_name":"Ghosts","player_choice":"Ignored","floor":24.0,"gold_loss":0.0,"damage_taken":0.0},{"damage_healed":0.0,"max_hp_gain":0.0,"max_hp_loss":0.0,"gold_gain":0.0,"event_name":"Vampires","player_choice":"Ignored","floor":28.0,"gold_loss":0.0,"damage_taken":0.0},{"damage_healed":0,"gold_gain":0,"player_choice":"Memory 2","damage_taken":5,"max_hp_gain":0,"max_hp_loss":0,"event_name":"SensoryStone","floor":37,"gold_loss":0},{"damage_healed":0,"gold_gain":0,"player_choice":"Forge","damage_taken":0,"max_hp_gain":0,"max_hp_loss":0,"event_name":"Accursed Blacksmith","floor":38,"gold_loss":0,"cards_upgraded":["Adrenaline"]}],"is_beta":false,"boss_relics":[{"not_picked":["Busted Crown","Cursed Key"],"picked":"Calling Bell"},{"not_picked":["Black Star","WristBlade"],"picked":"SacredBark"}],"items_purged_floors":[19,31,44],"is_endless":false,"potions_floor_spawned":[5,7,11,18,20,23,30,33,35,36,42],"killed_by":"Time Eater","ascension_level":2}}