{"host":"erh089znuovh6twj","time":1613252380,"event":{"mods":["AchievementEnabler","Act Like it!","Aspiration","BaseMod","Better Note","Better Skull","Better Third Choice","BetterRewards","Defuse TimeMaze Blight","Energized Spire","Hermit","Highlight Path","Hubris","Infinite Spire","Minty Spire (QoL Compilation)","Permanent Neow","Quick Restart","Replay The Spire","StSLib","The Jungle","everything is the same but u backflip on backflip"],"gold_per_floor":[112,131,131,131,150,150,166,183,210,220,237,270,299,343,355,471,483,515,527,556,587,599,611,648,760,798,810,810],"floor_reached":27,"language":"ENG","playtime":1124,"items_purged":[],"score":247,"play_id":"153f138d-306d-4827-858a-e17484b234eb","local_time":"20210213163940","is_ascension_mode":false,"campfire_choices":[{"data":"hermit:Headshot","floor":6.0,"key":"SMITH"},{"floor":15,"key":"REST"},{"data":"infinitespire:Execution","floor":23,"key":"SMITH"}],"circlet_count":0,"master_deck":["hermit:Strike_Hermit","hermit:Strike_Hermit","hermit:Strike_Hermit+1","hermit:Strike_Hermit","hermit:Defend_Hermit","hermit:Defend_Hermit","hermit:Defend_Hermit","hermit:Defend_Hermit","hermit:Snapshot","hermit:Covet","Dramatic Entrance","hermit:Headshot+1","hermit:FinalCanter","hermit:Glare","hermit:ItchyTrigger","hermit:Enervate+1","hermit:BigShot","hermit:Midnight","hermit:Snipe","hermit:SprayPray+1","hermit:Quickdraw","hermit:Dissolve","hermit:Deadeye+1","hermit:Misfire","hermit:Misfire","infinitespire:Execution+1","hermit:Headshot+1","hubris:Disease"],"relics":["hermit:Momento","hubris:Towel","Gremlin Food","MawBank","Snack Pack","Cursed Key","ReplayTheSpireMod:TigerMarble","Whetstone"],"acts_visited":["Exordium","TheCity"],"potions_floor_usage":[12,14,16,16,21,24],"damage_taken":[{"damage":1.0,"enemies":"Jaw Worm","floor":1.0,"turns":4.0},{"damage":5.0,"enemies":"Small Slimes","floor":2.0,"turns":2.0},{"damage":1.0,"enemies":"Cultist","floor":5.0,"turns":3.0},{"damage":0.0,"enemies":"Blue Slaver","floor":7.0,"turns":1.0},{"damage":0.0,"enemies":"Looter","floor":8.0,"turns":2.0},{"damage":9,"enemies":"Large Slime","floor":10,"turns":5},{"damage":7,"enemies":"3 Louse","floor":11,"turns":2},{"damage":6,"enemies":"Gremlin Nob","floor":12,"turns":3},{"damage":0,"enemies":"2 Fungi Beasts","floor":13,"turns":2},{"damage":12,"enemies":"3 Sentries","floor":14,"turns":4},{"damage":46,"enemies":"The Guardian","floor":16,"turns":6},{"damage":6,"enemies":"Spheric Guardian","floor":18,"turns":3},{"damage":0,"enemies":"Shell Parasite","floor":20,"turns":2},{"damage":14,"enemies":"Cultist and Chosen","floor":21,"turns":5},{"damage":18,"enemies":"Book of Stabbing","floor":24,"turns":3},{"damage":55,"enemies":"Nightmare","floor":27,"turns":4}],"seed_played":"-835158555780652434","potions_obtained":[{"floor":4.0,"key":"Strength Potion"},{"floor":4.0,"key":"Doom Potion"},{"floor":4.0,"key":"SmokeBomb"},{"floor":5.0,"key":"Fire Potion"},{"floor":10,"key":"Dexterity Potion"},{"floor":11,"key":"SkillPotion"},{"floor":13,"key":"FearPotion"},{"floor":14,"key":"Regen Potion"},{"floor":18,"key":"Reflective Coating"},{"floor":21,"key":"Swift Potion"}],"is_trial":false,"path_per_floor":["M","M","?","?","M","R","M","M","T","M","M","E","M","E","R","B",null,"M","$","M","M","AVR","R","E","?","T","NM"],"character_chosen":"HERMIT","items_purchased":[],"campfire_rested":1,"item_purchase_floors":[],"current_hp_per_floor":[74,69,69,69,68,68,68,68,68,59,52,46,46,34,56,31,75,69,69,73,61,61,61,45,45,45,0,0],"gold":810,"neow_bonus":"RANDOM_COLORLESS","is_daily":false,"chose_seed":false,"campfire_upgraded":2,"win_rate":0.0,"timestamp":1613252380,"path_taken":["M","M","?","?","M","R","M","M","T","M","?","E","M","E","R","BOSS","M","$","M","M","AVR","R","E","?","T","NM"],"items_purchased_type":[],"build_version":"2020-12-22","purchased_purges":0,"victory":false,"max_hp_per_floor":[75,75,75,75,75,75,75,75,75,75,75,75,75,75,75,75,75,75,75,75,75,75,75,75,75,75,75,75],"card_choices":[{"not_picked":["Flash of Steel","Swift Strike"],"picked":"Dramatic Entrance","floor":0.0},{"not_picked":["hermit:Manifest","hermit:Coalescence"],"picked":"hermit:Headshot","floor":1.0},{"not_picked":["hermit:Roulette","hermit:Coalescence"],"picked":"hermit:FinalCanter","floor":2.0},{"not_picked":["hermit:TakeAim","hermit:Desperado"],"picked":"hermit:Glare","floor":5.0},{"not_picked":["hermit:TakeCover","hermit:CursedWeapon"],"picked":"hermit:ItchyTrigger","floor":7.0},{"not_picked":["hermit:HighCaliber","hermit:Dissolve"],"picked":"hermit:Enervate","floor":8.0},{"not_picked":["hermit:Cheat","hermit:Scavenge"],"picked":"hermit:BigShot","floor":10},{"not_picked":["hermit:Horror","hermit:Roulette"],"picked":"hermit:Midnight","floor":11},{"not_picked":["hermit:Glare","hermit:PistolWhip"],"picked":"hermit:Snipe","floor":12},{"not_picked":["hermit:TakeAim","hermit:LuckOfTheDraw"],"picked":"hermit:SprayPray","floor":13},{"not_picked":["hermit:Virtue","hermit:Dive"],"picked":"hermit:Quickdraw","floor":14},{"not_picked":["hermit:HighNoon","hermit:FinalCanter"],"picked":"hermit:Dissolve","floor":16},{"not_picked":["hermit:TrackingShot+1","hermit:Roulette"],"picked":"hermit:Deadeye+1","floor":18},{"not_picked":["hermit:Feint","hermit:HighCaliber"],"picked":"hermit:Misfire","floor":20},{"not_picked":["hermit:LowProfile","hermit:Deadeye"],"picked":"hermit:Misfire","floor":21},{"not_picked":["hermit:TakeAim","hermit:Brawl"],"picked":"hermit:Headshot+1","floor":24}],"player_experience":336953,"relics_obtained":[{"floor":9.0,"key":"Gremlin Food"},{"floor":12,"key":"MawBank"},{"floor":14,"key":"Snack Pack"},{"floor":24,"key":"ReplayTheSpireMod:TigerMarble"},{"floor":26,"key":"Whetstone"}],"event_choices":[{"damage_healed":0.0,"max_hp_gain":0.0,"max_hp_loss":0.0,"gold_gain":0.0,"event_name":"Lab","player_choice":"Got Potions","floor":4.0,"gold_loss":0.0,"damage_taken":0.0},{"damage_healed":0,"gold_gain":100,"player_choice":"Pray","damage_taken":0,"max_hp_gain":0,"max_hp_loss":0,"event_name":"Golden Shrine","floor":25,"gold_loss":0}],"is_beta":false,"boss_relics":[{"not_picked":["Replay:Ancient Bell","Fusion Hammer"],"picked":"Cursed Key"}],"items_purged_floors":[],"is_endless":false,"potions_floor_spawned":[5,10,11,13,14,18,21],"killed_by":"Nightmare","ascension_level":0}}