{"host":"19r1ww88x2tc73i0","time":1613204049,"event":{"mods":["BaseMod","BetterRewards","Colored Map","Minty Spire (QoL Compilation)","Relic Stats","StSLib","SuperFastMode","slay the spire mod where everything is the same but ironclad has a cowboy hat"],"gold_per_floor":[118,118,38,38,113,113,146,47,47,47,64,75,75,75],"floor_reached":13,"language":"ENG","playtime":1069,"items_purged":["Strike_G"],"score":212,"play_id":"ede537f7-5967-45e5-913a-3887bc69365b","local_time":"25640213151409","is_ascension_mode":true,"campfire_choices":[{"data":"Neutralize","floor":6,"key":"SMITH"},{"data":"Slice","floor":10,"key":"SMITH"}],"circlet_count":0,"master_deck":["AscendersBane","Strike_G","Strike_G","Strike_G","Defend_G","Defend_G","Defend_G","Defend_G","Defend_G","Survivor","Neutralize+1","PiercingWail","Accuracy","Leg Sweep","Slice+1","Backstab","Terror"],"relics":["Ring of the Snake","NeowsBlessing","Boot","Eternal Feather"],"acts_visited":["Exordium"],"potions_floor_usage":[13],"damage_taken":[{"damage":0.0,"enemies":"2 Louse","floor":1.0,"turns":1.0},{"damage":0,"enemies":"Lagavulin","floor":7,"turns":1},{"damage":0,"enemies":"Small Slimes","floor":11,"turns":1},{"damage":0,"enemies":"Jaw Worm","floor":12,"turns":4},{"damage":40,"enemies":"3 Sentries","floor":13,"turns":17}],"seed_played":"6802144151621733104","potions_obtained":[{"floor":1.0,"key":"SneckoOil"},{"floor":11,"key":"DuplicationPotion"},{"floor":12,"key":"Block Potion"}],"is_trial":false,"path_per_floor":["M","?","$","?","?","R","E","$","T","R","M","M","E"],"character_chosen":"THE_SILENT","items_purchased":["Accuracy","Slice"],"campfire_rested":0,"item_purchase_floors":[3,8],"current_hp_per_floor":[59,52,52,52,41,41,41,41,41,50,50,50,10,10],"gold":75,"neow_bonus":"THREE_ENEMY_KILL","is_daily":false,"chose_seed":false,"campfire_upgraded":2,"win_rate":0.0,"timestamp":1613204049,"path_taken":["M","?","$","?","?","R","E","?","T","R","M","M","E"],"items_purchased_type":["Card","Card"],"build_version":"2020-12-22","purchased_purges":1,"victory":false,"max_hp_per_floor":[66,66,66,66,66,66,66,66,66,66,66,66,66,66],"relic_stats":{"counters":[5,24],"Eternal Feather":9,"Boot":[6],"obtain_stats":[{"NeowsBlessing":0,"Eternal Feather":9,"Boot":7,"Ring of the Snake":0},{"NeowsBlessing":0,"Eternal Feather":2,"Boot":2,"Ring of the Snake":0},{"NeowsBlessing":0,"Eternal Feather":2,"Boot":2,"Ring of the Snake":0}],"Ring of the Snake":[10]},"card_choices":[{"not_picked":["Distraction","Bane"],"picked":"PiercingWail","floor":1.0},{"not_picked":["Endless Agony","Dagger Throw"],"picked":"Leg Sweep","floor":7},{"not_picked":["Eviscerate","Flechettes"],"picked":"Backstab","floor":11},{"not_picked":["Bane","Infinite Blades"],"picked":"Terror","floor":12}],"player_experience":1074833,"relics_obtained":[{"floor":7,"key":"Boot"},{"floor":9,"key":"Eternal Feather"}],"event_choices":[{"cards_removed":["Strike_G"],"damage_healed":0.0,"max_hp_gain":0.0,"max_hp_loss":0.0,"gold_gain":0.0,"event_name":"Golden Wing","player_choice":"Card Removal","floor":2.0,"gold_loss":0.0,"damage_taken":7.0},{"damage_healed":0,"gold_gain":0,"player_choice":"Fled","damage_taken":0,"max_hp_gain":0,"max_hp_loss":0,"event_name":"Scrap Ooze","floor":4,"gold_loss":0},{"damage_healed":0,"gold_gain":75,"player_choice":"Gather Gold","damage_taken":11,"max_hp_gain":0,"max_hp_loss":0,"event_name":"World of Goop","floor":5,"gold_loss":0}],"is_beta":false,"boss_relics":[],"items_purged_floors":[8],"is_endless":false,"potions_floor_spawned":[1,11,12],"killed_by":"3 Sentries","ascension_level":20}}