{"host":"m4pe905ae9bldoe7","time":1613232361,"event":{"mods":["BaseMod","Bestiary","Block Reminder","Downfall","Minty Spire (QoL Compilation)","StSLib"],"gold_per_floor":[114,128,128,278,36,36,36,71,71,83,152,179,197,232,232,309,309,321,333,333,344,364,397,409,456,468,480,521,533,9,28,28,105,105,115,128,128,128,145,145,145],"floor_reached":40,"language":"ENG","playtime":2493,"items_purged":["Doubt"],"score":951,"play_id":"509cf8df-bee7-4507-b566-f996ce84936e","local_time":"20210213170601","is_ascension_mode":true,"campfire_choices":[{"data":"Rupture","floor":6.0,"key":"SMITH"},{"data":"Limit Break","floor":15.0,"key":"SMITH"},{"data":"Shockwave","floor":24,"key":"SMITH"},{"data":"Dual Wield","floor":27,"key":"SMITH"},{"data":"Rupture","floor":32,"key":"SMITH"}],"circlet_count":0,"master_deck":["AscendersBane","Strike_R+1","Strike_R+1","Defend_R+1","Defend_R+1","Defend_R+1","Defend_R+1","Bash+1","Shrug It Off+1","Rupture+1","Combust+1","Dual Wield+1","Limit Break+1","Reaper+1","Double Tap+1","Shockwave+1","Battle Trance+1","Reaper+1","Clothesline+1","Rupture+1","Madness+1","Berserk+1","Spot Weakness+1","Sword Boomerang+1","Cleave"],"relics":["Burning Blood","NeowsBlessing","Red Skull","Bottled Tornado","Magic Flower","Self Forming Clay","Prayer Wheel","Dream Catcher","Coffee Dripper","MawBank","Darkstone Periapt","Calipers","Tiny Chest","Mummified Hand","Empty Cage","Mark of the Bloom"],"acts_visited":["Exordium","TheCity","TheBeyond"],"potions_floor_usage":[16,22,25,28,33,40],"damage_taken":[{"damage":0.0,"enemies":"Jaw Worm","floor":1.0,"turns":1.0},{"damage":0.0,"enemies":"Small Slimes","floor":2.0,"turns":2.0},{"damage":0.0,"enemies":"Lagavulin","floor":8.0,"turns":1.0},{"damage":13.0,"enemies":"Cultist","floor":10.0,"turns":4.0},{"damage":20.0,"enemies":"3 Sentries","floor":12.0,"turns":7.0},{"damage":11.0,"enemies":"Looter","floor":13.0,"turns":4.0},{"damage":52.0,"enemies":"Lagavulin","floor":14.0,"turns":9.0},{"damage":75,"enemies":"The Guardian","floor":16,"turns":10},{"damage":29,"enemies":"Chosen","floor":18,"turns":7},{"damage":51,"enemies":"Shell Parasite","floor":19,"turns":10},{"damage":18,"enemies":"Centurion and Healer","floor":21,"turns":9},{"damage":61,"enemies":"Shelled Parasite and Fungi","floor":22,"turns":8},{"damage":98,"enemies":"Gremlin Leader","floor":23,"turns":7},{"damage":44,"enemies":"Slavers","floor":25,"turns":3},{"damage":85,"enemies":"Gremlin Leader","floor":28,"turns":7},{"damage":7,"enemies":"Snecko","floor":31,"turns":5},{"damage":33,"enemies":"Champ","floor":33,"turns":7},{"damage":53,"enemies":"Orb Walker","floor":35,"turns":5},{"damage":77,"enemies":"3 Darklings","floor":36,"turns":7},{"damage":54,"enemies":"Spire Growth","floor":39,"turns":4},{"damage":26,"enemies":"Reptomancer","floor":40,"turns":4}],"seed_played":"56727517979188014","potions_obtained":[{"floor":2.0,"key":"Ancient Potion"},{"floor":13.0,"key":"SneckoOil"},{"floor":16,"key":"BloodPotion"},{"floor":23,"key":"sneckomod:MuddlingPotion"},{"floor":25,"key":"Strength Potion"},{"floor":31,"key":"Fire Potion"},{"floor":33,"key":"BloodPotion"}],"is_trial":false,"path_per_floor":["M","M","?","?","$","R","$","E","T","M","T","E","M","E","R","B",null,"M","M","?","M","M","E","R","E","T","R","E","?","$","M","R","B",null,"M","M","?","T","M","E"],"character_chosen":"IRONCLAD","items_purchased":["Combust","Red Skull","Rupture","Mummified Hand","Madness"],"campfire_rested":0,"item_purchase_floors":[5,5,30,30,30],"current_hp_per_floor":[74,75,75,75,75,75,75,75,75,71,71,60,67,52,52,75,75,75,75,54,80,80,80,80,80,80,80,80,80,80,80,80,73,78,80,80,80,80,26,0,0],"gold":145,"neow_bonus":"THREE_ENEMY_KILL","is_daily":false,"chose_seed":false,"campfire_upgraded":5,"win_rate":0.0,"timestamp":1613232361,"path_taken":["M","M","?","?","$","R","$","E","T","M","?","E","M","E","R","BOSS","M","M","?","M","M","E","R","E","T","R","E","?","$","?","R","BOSS","M","M","?","?","?","E"],"items_purchased_type":["Card","Relic","Card","Relic","Card"],"build_version":"2020-12-22","purchased_purges":1,"victory":false,"max_hp_per_floor":[75,75,75,75,75,75,75,75,75,75,75,75,75,75,75,75,75,75,75,80,80,80,80,80,80,80,80,80,80,80,80,80,80,80,80,80,80,80,80,80,80],"card_choices":[{"not_picked":["Thunderclap","Anger"],"picked":"Shrug It Off","floor":1.0},{"not_picked":["Perfected Strike","Pommel Strike"],"picked":"Rupture","floor":2.0},{"not_picked":["Metallicize","Iron Wave"],"picked":"Dual Wield","floor":8.0},{"not_picked":["Inflame","Flex"],"picked":"Limit Break","floor":10.0},{"not_picked":["Dropkick","Power Through"],"picked":"Reaper","floor":12.0},{"not_picked":["Whirlwind","Dropkick","Cleave"],"picked":"SKIP","floor":13.0},{"not_picked":["Evolve","Anger","Shrug It Off"],"picked":"SKIP","floor":13.0},{"not_picked":["Shrug It Off","Evolve","Flame Barrier"],"picked":"SKIP","floor":14.0},{"not_picked":["Offering","Juggernaut"],"picked":"Double Tap","floor":16},{"not_picked":["Clothesline","Perfected Strike"],"picked":"Shockwave","floor":18},{"not_picked":["Perfected Strike","True Grit","Flex"],"picked":"SKIP","floor":18},{"not_picked":["Flex+1","Warcry"],"picked":"Battle Trance","floor":19},{"not_picked":["Flex","Cleave","Shrug It Off"],"picked":"SKIP","floor":19},{"not_picked":["Flex","Cleave","Shrug It Off"],"picked":"SKIP","floor":19},{"not_picked":["Warcry","Shrug It Off"],"picked":"Reaper","floor":21},{"not_picked":["Twin Strike","Fire Breathing","Wild Strike"],"picked":"SKIP","floor":21},{"not_picked":["True Grit","Intimidate","Whirlwind"],"picked":"SKIP","floor":22},{"not_picked":["Perfected Strike","Infernal Blade","Intimidate"],"picked":"SKIP","floor":22},{"not_picked":["Armaments","Rage","Body Slam"],"picked":"SKIP","floor":23},{"not_picked":["Armaments","Rampage","Blood for Blood"],"picked":"SKIP","floor":25},{"not_picked":["Carnage","Cleave","Evolve"],"picked":"SKIP","floor":28},{"not_picked":["Intimidate","Infernal Blade","Clash"],"picked":"SKIP","floor":31},{"not_picked":["Power Through","Perfected Strike","Armaments"],"picked":"SKIP","floor":31},{"not_picked":["Limit Break","Feed"],"picked":"Berserk","floor":33},{"not_picked":["Rupture","Armaments"],"picked":"Spot Weakness","floor":35},{"not_picked":["Dropkick","Clash"],"picked":"Sword Boomerang","floor":35},{"not_picked":["Iron Wave","Warcry","Clothesline"],"picked":"SKIP","floor":36},{"not_picked":["Whirlwind","Immolate","Body Slam+1"],"picked":"SKIP","floor":36},{"not_picked":["Evolve","Fire Breathing"],"picked":"Cleave","floor":39},{"not_picked":["True Grit+1","Shockwave+1","Thunderclap"],"picked":"SKIP","floor":39}],"player_experience":580391,"relics_obtained":[{"floor":8.0,"key":"Bottled Tornado"},{"floor":9.0,"key":"Magic Flower"},{"floor":11.0,"key":"Self Forming Clay"},{"floor":12.0,"key":"Prayer Wheel"},{"floor":14.0,"key":"Dream Catcher"},{"floor":23,"key":"MawBank"},{"floor":25,"key":"Darkstone Periapt"},{"floor":26,"key":"Calipers"},{"floor":28,"key":"Tiny Chest"}],"event_choices":[{"damage_healed":0.0,"max_hp_gain":0.0,"max_hp_loss":0.0,"gold_gain":0.0,"event_name":"The Cleric","player_choice":"Leave","floor":3.0,"gold_loss":0.0,"damage_taken":0.0},{"damage_healed":0.0,"max_hp_gain":0.0,"max_hp_loss":0.0,"gold_gain":150.0,"event_name":"Liars Game","player_choice":"AGREE","floor":4.0,"gold_loss":0.0,"damage_taken":0.0,"cards_obtained":["Doubt"]},{"damage_healed":0,"gold_gain":0,"player_choice":"Shed Blood","damage_taken":26,"max_hp_gain":5,"max_hp_loss":0,"event_name":"Forgotten Altar","floor":20,"gold_loss":0},{"damage_healed":0,"gold_gain":0,"cards_transformed":["Strike_R"],"player_choice":"Transformed","damage_taken":0,"max_hp_gain":0,"max_hp_loss":0,"event_name":"Transmorgrifier","floor":29,"gold_loss":0,"cards_obtained":["Clothesline"]},{"damage_healed":0,"gold_gain":0,"player_choice":"Upgrade","damage_taken":0,"relics_obtained":["Mark of the Bloom"],"max_hp_gain":0,"max_hp_loss":0,"event_name":"MindBloom","floor":37,"gold_loss":0,"cards_upgraded":["Strike_R","Strike_R","Defend_R","Defend_R","Defend_R","Defend_R","Bash","Shrug It Off","Combust","Reaper","Double Tap","Battle Trance","Reaper","Clothesline","Madness","Berserk","Spot Weakness","Sword Boomerang"]}],"is_beta":false,"boss_relics":[{"not_picked":["Tiny House","Cursed Key"],"picked":"Coffee Dripper"},{"not_picked":["Philosopher\u0027s Stone","Runic Pyramid"],"picked":"Empty Cage"}],"items_purged_floors":[30],"is_endless":false,"potions_floor_spawned":[2,13,16,23,25,31,33,36],"killed_by":"Reptomancer","ascension_level":17}}