{"host":"re327vnqwpdy5ott","time":1613207822,"event":{"mods":["BaseMod","Conspire","Downfall","Hubris","Minty Spire (QoL Compilation)","Replay The Spire","StSLib"],"gold_per_floor":[99,274,291,291,291,63,88,114,129,129,159,159,159,189,205,302,302,302,318,332,345,358,358,383,383,396,415,365,215,244,244,273,290,290,290],"floor_reached":33,"language":"ENG","playtime":1415,"items_purged":["Regret"],"score":272,"play_id":"23688546-7744-40a0-a596-efe5da471f63","local_time":"20210213011702","is_ascension_mode":false,"campfire_choices":[{"data":"sneckomod:UnknownRareAttack","floor":10,"key":"SMITH"},{"data":"sneckomod:UnknownRareAttack","floor":12,"key":"SMITH"},{"data":"sneckomod:UnknownRareAttack","floor":18,"key":"SMITH"},{"floor":25,"key":"REST"}],"circlet_count":0,"master_deck":["sneckomod:Strike","sneckomod:Strike","sneckomod:Strike","sneckomod:Defend","sneckomod:Defend","sneckomod:Defend","sneckomod:TailWhip","sneckomod:SnekBite","sneckomod:Unknown","Trip","Setup","Doubt","sneckomod:UnknownDraw","sneckomod:DiceBlock","sneckomod:UnknownRareAttack+1","sneckomod:CheapStock","sneckomod:UnknownRareAttack+1","sneckomod:Unknown1Cost","sneckomod:UnknownRareAttack+1","sneckomod:UnlimitedRolls","sneckomod:UnknownDraw","sneckomod:WideSting+1","sneckomod:IronFang+1","sneckomod:DiceBlock+1","sneckomod:UnknownX+1","sneckomod:SerpentIdol","conspire:SpireCoStock","Ghostly","sneckomod:UnknownRareSkill","sneckomod:UnknownUncommonPower"],"relics":["sneckomod:SneckoSoul","Juzu Bracelet","hubris:Towel","Regal Pillow","Bronze Scales","Strawberry","downfall:ShatteredFragment","Odd Mushroom","ChewingGum","MutagenicStrength","Omamori"],"acts_visited":["Exordium","TheCity"],"potions_floor_usage":[16,16,33,33],"damage_taken":[{"damage":0,"enemies":"Small Slimes","floor":3,"turns":3},{"damage":9,"enemies":"downfall:FleeingMerchant","floor":6,"turns":4},{"damage":1,"enemies":"2 Louse","floor":9,"turns":3},{"damage":26,"enemies":"Gremlin Nob","floor":11,"turns":6},{"damage":15,"enemies":"The Mushroom Lair","floor":14,"turns":4},{"damage":0,"enemies":"Cultist","floor":15,"turns":4},{"damage":17,"enemies":"WA_ARCHETYPE_RETAIN","floor":16,"turns":4},{"damage":0,"enemies":"Spheric Guardian","floor":19,"turns":3},{"damage":10,"enemies":"Chosen","floor":20,"turns":3},{"damage":44,"enemies":"Sentry and Sphere","floor":21,"turns":6},{"damage":24,"enemies":"Cultist and Chosen","floor":22,"turns":6},{"damage":14,"enemies":"Snecko","floor":26,"turns":5},{"damage":6,"enemies":"Snake Plant","floor":27,"turns":3},{"damage":29,"enemies":"Centurion and Healer","floor":30,"turns":6},{"damage":0,"enemies":"Snecko","floor":32,"turns":3},{"damage":85,"enemies":"IC_MUSHROOM_ARCHETYPE","floor":33,"turns":9}],"seed_played":"1518677927238076776","potions_obtained":[{"floor":9,"key":"FairyPotion"},{"floor":11,"key":"SneckoOil"},{"floor":22,"key":"PowerPotion"},{"floor":30,"key":"sneckomod:DiceRollPotion"}],"is_trial":false,"path_per_floor":["R","?","M","?","?","$","T","T","M","R","E","R","?","?","M","B",null,"R","M","M","M","M","?","T","R","M","M","?","?","M","?","M","B"],"character_chosen":"THE_SNECKO","items_purchased":["sneckomod:UnknownRareAttack"],"campfire_rested":1,"item_purchase_floors":[6],"current_hp_per_floor":[90,90,90,90,90,81,81,81,80,80,61,61,40,25,25,8,97,97,97,87,43,19,19,19,63,49,43,43,43,14,46,46,0,0,0],"gold":290,"neow_bonus":"RANDOM_COLORLESS","is_daily":false,"chose_seed":false,"campfire_upgraded":3,"win_rate":0.0,"timestamp":1613207822,"path_taken":["R","?","M","?","?","$","T","?","M","R","E","R","?","?","M","BOSS","R","M","M","M","M","?","T","R","M","M","?","?","M","?","M","BOSS"],"items_purchased_type":["Card"],"build_version":"2020-12-22","purchased_purges":1,"victory":false,"max_hp_per_floor":[90,90,90,90,90,90,90,90,90,90,97,97,97,97,97,97,97,97,97,97,97,97,97,97,97,97,97,97,97,97,97,97,97,97,97],"card_choices":[{"not_picked":["Madness","Discovery"],"picked":"Trip","floor":0},{"not_picked":["sneckomod:SoulDraw","sneckomod:QuickBite"],"picked":"sneckomod:UnknownDraw","floor":3},{"not_picked":["sneckomod:TrashToTreasure","sneckomod:SnekBeam"],"picked":"sneckomod:DiceBlock","floor":6},{"not_picked":["sneckomod:SoulDraw","sneckomod:DefensiveFlair"],"picked":"sneckomod:CheapStock","floor":9},{"not_picked":["sneckomod:UnknownDraw","sneckomod:UnknownUncommonPower"],"picked":"sneckomod:UnknownRareAttack","floor":11},{"not_picked":["sneckomod:IronFang","sneckomod:QuickMove"],"picked":"sneckomod:Unknown1Cost","floor":14},{"not_picked":["sneckomod:DiceBlock","sneckomod:DiceCrush"],"picked":"sneckomod:UnknownRareAttack","floor":15},{"not_picked":["sneckomod:DangerNoodle","sneckomod:SerpentMind"],"picked":"sneckomod:UnlimitedRolls","floor":16},{"not_picked":["sneckomod:UnknownUncommonAttack","sneckomod:UnknownUncommonSkill"],"picked":"sneckomod:UnknownDraw","floor":19},{"not_picked":["sneckomod:Unknown1Cost+1","sneckomod:UnknownUncommonSkill"],"picked":"sneckomod:WideSting+1","floor":20},{"not_picked":["sneckomod:UnknownCommonAttack","sneckomod:UnknownClassHEXA_GHOST_PURPLE"],"picked":"sneckomod:IronFang+1","floor":21},{"not_picked":["sneckomod:RainOfDice","sneckomod:Nope"],"picked":"sneckomod:DiceBlock+1","floor":22},{"not_picked":["sneckomod:SlitherStrike+1","sneckomod:SoulRoll"],"picked":"sneckomod:UnknownX+1","floor":26},{"not_picked":["sneckomod:UnknownUncommonSkill+1","sneckomod:DiceBoulder+1"],"picked":"sneckomod:SerpentIdol","floor":27},{"not_picked":["sneckomod:DiceCrush+1","sneckomod:IronFang+1"],"picked":"sneckomod:UnknownRareSkill","floor":30},{"not_picked":["sneckomod:UnknownCommonSkill","sneckomod:RainOfDice+1"],"picked":"sneckomod:UnknownUncommonPower","floor":32}],"player_experience":263097,"relics_obtained":[{"floor":7,"key":"Regal Pillow"},{"floor":8,"key":"Bronze Scales"},{"floor":11,"key":"Strawberry"},{"floor":14,"key":"Odd Mushroom"},{"floor":24,"key":"Omamori"}],"event_choices":[{"damage_healed":0,"gold_gain":0,"player_choice":"Box","damage_taken":0,"relics_obtained":["Juzu Bracelet"],"max_hp_gain":0,"max_hp_loss":0,"event_name":"Big Fish","floor":4,"gold_loss":0,"cards_obtained":["Regret"]},{"damage_healed":0,"gold_gain":0,"player_choice":"Fought Mushrooms","damage_taken":0,"max_hp_gain":0,"max_hp_loss":0,"event_name":"Mushrooms","floor":14,"gold_loss":0},{"damage_healed":0,"gold_gain":0,"player_choice":"Inject Mutagens","damage_taken":0,"relics_obtained":["MutagenicStrength"],"max_hp_gain":0,"max_hp_loss":0,"event_name":"Drug Dealer","floor":23,"gold_loss":0},{"damage_healed":0,"gold_gain":0,"player_choice":"Invest 1","damage_taken":0,"max_hp_gain":0,"max_hp_loss":0,"event_name":"conspire:Investor","floor":28,"gold_loss":0},{"damage_healed":32,"gold_gain":0,"player_choice":"Heal","damage_taken":0,"max_hp_gain":0,"max_hp_loss":0,"event_name":"The Library","floor":31,"gold_loss":0}],"is_beta":false,"boss_relics":[{"not_picked":["Replay:Ancient Bell","Empty Cage"],"picked":"ChewingGum"}],"items_purged_floors":[6],"is_endless":false,"potions_floor_spawned":[9,11,22,30,32],"killed_by":"IC_MUSHROOM_ARCHETYPE","ascension_level":0}}