{"host":"ul3z8ex5o8l5j7mh","time":1613244751,"event":{"mods":["AchievementEnabler","BaseMod","Bestiary","Colored Map","Colored Powertips","DeckTracker","Keyboard Shortcuts","Minty Spire (QoL Compilation)","Relic Sorter","Relic Stats","SuperFastMode"],"gold_per_floor":[114,88,107,119,119,119,147,171,171,171,188,188,15,44,44,143,143,157,170,144,419,463,463,190,216,216,216,241,255,180,190,190,190,190],"floor_reached":33,"language":"ENG","playtime":1485,"items_purged":["Defend_R","Regret"],"score":402,"play_id":"4ee7221a-0d6e-4ef6-8151-d00c90a3e229","local_time":"20210213203231","is_ascension_mode":true,"campfire_choices":[{"data":"Flex","floor":6.0,"key":"SMITH"},{"data":"Clothesline","floor":12.0,"key":"SMITH"},{"data":"Feed","floor":15.0,"key":"SMITH"},{"data":"Bandage Up","floor":23,"key":"SMITH"},{"floor":27,"key":"REST"},{"floor":32,"key":"REST"}],"circlet_count":0,"master_deck":["Bash","Heavy Blade","Flex+1","Heavy Blade","Clothesline+1","Anger","Iron Wave","Bandage Up+1","Feed+1","Reaper","Power Through","Reckless Charge","Sword Boomerang","Cleave","Clothesline","Shockwave","Inflame+1","Armaments+1","Flex","Twin Strike+1","Panache+1","Flex","Iron Wave"],"relics":["Burning Blood","Orichalcum","Happy Flower","Frozen Egg 2","Blue Candle","Pandora\u0027s Box","Tiny Chest","Eternal Feather","Question Card"],"acts_visited":["Exordium","TheCity"],"potions_floor_usage":[22,29],"damage_taken":[{"damage":23.0,"enemies":"Jaw Worm","floor":1.0,"turns":4.0},{"damage":0.0,"enemies":"Small Slimes","floor":3.0,"turns":2.0},{"damage":6.0,"enemies":"Cultist","floor":4.0,"turns":3.0},{"damage":46.0,"enemies":"Lagavulin","floor":7.0,"turns":8.0},{"damage":0.0,"enemies":"Exordium Thugs","floor":11.0,"turns":4.0},{"damage":13.0,"enemies":"3 Sentries","floor":14.0,"turns":6.0},{"damage":66.0,"enemies":"Hexaghost","floor":16.0,"turns":12.0},{"damage":12.0,"enemies":"2 Thieves","floor":18.0,"turns":3.0},{"damage":8.0,"enemies":"3 Byrds","floor":19.0,"turns":4.0},{"damage":51,"enemies":"Sentry and Sphere","floor":22,"turns":6},{"damage":64,"enemies":"Gremlin Leader","floor":25,"turns":6},{"damage":49,"enemies":"Slavers","floor":28,"turns":6},{"damage":34,"enemies":"Cultist and Chosen","floor":29,"turns":7},{"damage":26,"enemies":"Shelled Parasite and Fungi","floor":31,"turns":6},{"damage":110,"enemies":"Champ","floor":33,"turns":14}],"seed_played":"-2365819296225141533","potions_obtained":[{"floor":1.0,"key":"EssenceOfSteel"},{"floor":11.0,"key":"LiquidBronze"},{"floor":16.0,"key":"Fire Potion"},{"floor":18.0,"key":"PowerPotion"},{"floor":19.0,"key":"ColorlessPotion"},{"floor":22,"key":"ElixirPotion"},{"floor":31,"key":"Energy Potion"}],"is_trial":false,"path_per_floor":["M","$","M","M","?","R","E","T","T","?","M","R","$","E","R","B",null,"M","M","$","?","M","R","$","E","T","R","E","M","?","M","R","B"],"character_chosen":"IRONCLAD","items_purchased":["Flex","Bandage Up","Flex","Panache+1"],"campfire_rested":2,"item_purchase_floors":[2,13,20,24],"current_hp_per_floor":[71,71,77,77,77,77,37,37,37,66,72,72,72,69,69,17,92,94,98,98,98,65,65,65,34,34,78,62,52,52,46,91,0,0],"gold":190,"neow_bonus":"TEN_PERCENT_HP_BONUS","is_daily":false,"chose_seed":false,"campfire_upgraded":4,"win_rate":0.0,"timestamp":1613244751,"path_taken":["M","$","M","M","?","R","E","?","T","?","M","R","$","E","R","BOSS","M","M","$","?","?","R","$","E","T","R","E","M","?","M","R","BOSS"],"items_purchased_type":["Card","Card","Card","Card"],"build_version":"2020-12-22","purchased_purges":2,"victory":false,"max_hp_per_floor":[88,88,88,88,88,88,88,88,88,88,88,88,88,88,88,92,92,96,100,100,100,104,104,104,108,108,108,108,108,108,112,112,112,112],"relic_stats":{"Happy Flower":[24],"counters":[15,91],"Blue Candle":[0],"Pandora\u0027s Box":["Power Through","Reckless Charge","Sword Boomerang","Cleave","Clothesline","Shockwave","Dual Wield","Inflame"],"Tiny Chest":0,"Eternal Feather":24,"Orichalcum":[210],"Question Card":2,"obtain_stats":[{"Happy Flower":8,"Blue Candle":14,"Pandora\u0027s Box":17,"Tiny Chest":25,"Eternal Feather":26,"Orichalcum":7,"Frozen Egg 2":9,"Question Card":28,"Burning Blood":0},{"Happy Flower":4,"Blue Candle":6,"Pandora\u0027s Box":7,"Tiny Chest":11,"Eternal Feather":11,"Orichalcum":4,"Frozen Egg 2":4,"Question Card":12,"Burning Blood":0},{"Happy Flower":17,"Blue Candle":27,"Pandora\u0027s Box":39,"Tiny Chest":58,"Eternal Feather":58,"Orichalcum":17,"Frozen Egg 2":17,"Question Card":64,"Burning Blood":0}],"Burning Blood":84},"card_choices":[{"not_picked":["Infernal Blade","Body Slam"],"picked":"Heavy Blade","floor":1.0},{"not_picked":["Havoc","Iron Wave"],"picked":"Heavy Blade","floor":3.0},{"not_picked":["Warcry","Shrug It Off"],"picked":"Clothesline","floor":4.0},{"not_picked":["Flame Barrier","Warcry"],"picked":"Anger","floor":7.0},{"not_picked":["Sword Boomerang","Shrug It Off"],"picked":"Iron Wave","floor":11.0},{"not_picked":["Battle Trance","Body Slam"],"picked":"Feed","floor":14.0},{"not_picked":["Immolate","Brutality+1"],"picked":"Reaper","floor":16.0},{"not_picked":["Headbutt","Clothesline+1"],"picked":"Armaments+1","floor":18.0},{"not_picked":["Clothesline+1","Clash+1","Heavy Blade"],"picked":"SKIP","floor":19.0},{"not_picked":["Cleave","Reckless Charge"],"picked":"Twin Strike+1","floor":22},{"not_picked":["Pummel+1","Sword Boomerang","Entrench+1"],"picked":"SKIP","floor":25},{"not_picked":["Sword Boomerang","Clash"],"picked":"Flex","floor":28},{"not_picked":["Wild Strike","Clothesline","Sever Soul","Rampage"],"picked":"SKIP","floor":29},{"not_picked":["Twin Strike","Heavy Blade","Sever Soul"],"picked":"Iron Wave","floor":31}],"player_experience":361256,"relics_obtained":[{"floor":7.0,"key":"Orichalcum"},{"floor":8.0,"key":"Happy Flower"},{"floor":9.0,"key":"Frozen Egg 2"},{"floor":14.0,"key":"Blue Candle"},{"floor":25,"key":"Tiny Chest"},{"floor":26,"key":"Eternal Feather"},{"floor":28,"key":"Question Card"}],"event_choices":[{"damage_healed":0.0,"max_hp_gain":0.0,"max_hp_loss":0.0,"gold_gain":0.0,"event_name":"The Cleric","player_choice":"Leave","floor":5.0,"gold_loss":0.0,"damage_taken":0.0},{"damage_healed":29.0,"max_hp_gain":0.0,"max_hp_loss":0.0,"gold_gain":0.0,"event_name":"Big Fish","player_choice":"Banana","floor":10.0,"gold_loss":0.0,"damage_taken":0.0},{"damage_healed":0.0,"max_hp_gain":0.0,"max_hp_loss":0.0,"gold_gain":275.0,"event_name":"Golden Shrine","player_choice":"Desecrate","floor":21.0,"gold_loss":0.0,"damage_taken":0.0,"cards_obtained":["Regret"]},{"cards_removed":["Dual Wield"],"damage_healed":0,"gold_gain":0,"player_choice":"Gave Gold","damage_taken":0,"max_hp_gain":0,"max_hp_loss":0,"event_name":"Beggar","floor":30,"gold_loss":75}],"is_beta":false,"boss_relics":[{"not_picked":["Philosopher\u0027s Stone","Runic Pyramid"],"picked":"Pandora\u0027s Box"}],"items_purged_floors":[13,24],"is_endless":false,"potions_floor_spawned":[1,11,16,18,19,22,31],"killed_by":"Champ","ascension_level":4}}