{"host":"qrt7o4dq2qslzw13","time":1613248833,"event":{"mods":["AchievementEnabler","BaseMod","Colored Map","Colored Powertips","Minty Spire (QoL Compilation)","Quick Restart","StSLib","SuperFastMode"],"gold_per_floor":[219,233,383,308,25,25,43,58,81,81,127,127,160,74,74,148,148,167,147,158,168,168,168,178,178,178,195,42,42,68,83,83,156,156,168,168,44,44,44],"floor_reached":38,"language":"ENG","playtime":772,"items_purged":[],"score":764,"play_id":"166e85fc-5e2f-410a-b440-e4477ef9dcfd","local_time":"20210213154033","is_ascension_mode":true,"campfire_choices":[{"data":"Twin Strike","floor":6.0,"key":"SMITH"},{"data":"Bash","floor":10.0,"key":"SMITH"},{"data":"Flame Barrier","floor":12.0,"key":"SMITH"},{"floor":15.0,"key":"REST"},{"floor":23,"key":"REST"},{"data":"Berserk","floor":25,"key":"SMITH"},{"floor":32,"key":"REST"}],"circlet_count":0,"master_deck":["AscendersBane","Strike_R","Strike_R","Strike_R","Strike_R","Defend_R","Defend_R","Defend_R","Defend_R","Bash+1","Burning Pact","Twin Strike+1","Flame Barrier+1","Metallicize","Impervious","Rampage","Metallicize","Berserk+1","CurseOfTheBell","Inflame","Dual Wield","Metallicize","Anger","Uppercut","Limit Break","Iron Wave","Brutality","Impatience","Magnetism"],"relics":["Burning Blood","Mummified Hand","Happy Flower","Bronze Scales","Regal Pillow","Calling Bell","Art of War","Kunai","Ice Cream","Lizard Tail","Juzu Bracelet","Runic Cube","Ornamental Fan"],"acts_visited":["Exordium","TheCity","TheBeyond"],"potions_floor_usage":[20,24,29,33],"damage_taken":[{"damage":4.0,"enemies":"Small Slimes","floor":1.0,"turns":3.0},{"damage":4.0,"enemies":"Jaw Worm","floor":2.0,"turns":4.0},{"damage":2.0,"enemies":"2 Louse","floor":7.0,"turns":3.0},{"damage":17.0,"enemies":"Gremlin Gang","floor":8.0,"turns":5.0},{"damage":12.0,"enemies":"3 Sentries","floor":11.0,"turns":8.0},{"damage":27.0,"enemies":"Gremlin Nob","floor":13.0,"turns":4.0},{"damage":56.0,"enemies":"Hexaghost","floor":16.0,"turns":12.0},{"damage":12,"enemies":"Shell Parasite","floor":18,"turns":7},{"damage":12,"enemies":"Spheric Guardian","floor":20,"turns":4},{"damage":27,"enemies":"Snake Plant","floor":21,"turns":5},{"damage":24,"enemies":"3 Cultists","floor":24,"turns":5},{"damage":27,"enemies":"Centurion and Healer","floor":27,"turns":7},{"damage":22,"enemies":"Colosseum Slavers","floor":29,"turns":5},{"damage":34,"enemies":"Shelled Parasite and Fungi","floor":31,"turns":5},{"damage":56,"enemies":"Collector","floor":33,"turns":11},{"damage":22,"enemies":"Orb Walker","floor":35,"turns":5},{"damage":0,"enemies":"3 Darklings","floor":38,"turns":2}],"seed_played":"-2839178130634780840","potions_obtained":[{"floor":1.0,"key":"Strength Potion"},{"floor":7.0,"key":"BlessingOfTheForge"},{"floor":8.0,"key":"ColorlessPotion"},{"floor":18,"key":"Energy Potion"},{"floor":19,"key":"DistilledChaos"},{"floor":20,"key":"Explosive Potion"},{"floor":31,"key":"CultistPotion"}],"is_trial":false,"path_per_floor":["M","M","?","?","$","R","M","M","T","R","E","R","E","$","R","B",null,"M","?","M","M","?","R","M","R","T","M","$","?","T","M","R","B",null,"M","?","?","M"],"character_chosen":"IRONCLAD","items_purchased":["Mummified Hand","Metallicize","Limit Break"],"campfire_rested":3,"item_purchase_floors":[5,14,28],"current_hp_per_floor":[70,72,72,72,72,72,75,64,64,64,58,58,37,37,74,24,62,56,56,50,29,29,66,48,48,48,27,27,11,11,24,61,11,59,43,38,38,38,38],"gold":44,"neow_bonus":"HUNDRED_GOLD","is_daily":false,"chose_seed":false,"campfire_upgraded":4,"win_rate":0.0,"timestamp":1613248833,"path_taken":["M","M","?","?","$","R","M","M","T","R","E","R","E","$","R","BOSS","M","?","?","M","?","R","M","R","T","?","?","?","?","M","R","BOSS","M","?","?","M"],"items_purchased_type":["Relic","Card","Card"],"build_version":"2020-12-22","purchased_purges":0,"victory":false,"max_hp_per_floor":[75,75,75,75,75,75,75,75,75,75,75,75,75,75,75,75,75,75,75,75,75,75,75,75,75,75,75,75,75,75,75,75,75,75,75,75,75,75,75],"card_choices":[{"not_picked":["Armaments","Heavy Blade"],"picked":"Burning Pact","floor":1.0},{"not_picked":["Feel No Pain","Entrench"],"picked":"Twin Strike","floor":2.0},{"not_picked":["True Grit","Twin Strike"],"picked":"Flame Barrier","floor":7.0},{"not_picked":["Immolate","Armaments"],"picked":"Metallicize","floor":8.0},{"not_picked":["Armaments","Heavy Blade"],"picked":"Impervious","floor":11.0},{"not_picked":["Twin Strike","Second Wind"],"picked":"Rampage","floor":13.0},{"not_picked":["Double Tap","Exhume"],"picked":"Berserk","floor":16.0},{"not_picked":["Sword Boomerang","Body Slam"],"picked":"Inflame","floor":18},{"not_picked":["Wild Strike","Warcry"],"picked":"Dual Wield","floor":20},{"not_picked":["Limit Break","Body Slam+1"],"picked":"Metallicize","floor":21},{"not_picked":["Wild Strike","Pommel Strike"],"picked":"Anger","floor":24},{"not_picked":["True Grit","Wild Strike"],"picked":"Uppercut","floor":27},{"not_picked":["Heavy Blade","Uppercut"],"picked":"Iron Wave","floor":31},{"not_picked":["Limit Break","Feed"],"picked":"Brutality","floor":33},{"not_picked":["Headbutt","Havoc+1","Heavy Blade+1"],"picked":"SKIP","floor":35},{"not_picked":["Forethought","The Bomb"],"picked":"Impatience","floor":36},{"not_picked":["Panacea","Jack Of All Trades"],"picked":"Magnetism","floor":36}],"player_experience":633877,"relics_obtained":[{"floor":9.0,"key":"Happy Flower"},{"floor":11.0,"key":"Bronze Scales"},{"floor":13.0,"key":"Regal Pillow"},{"floor":17.0,"key":"Art of War"},{"floor":17.0,"key":"Kunai"},{"floor":17.0,"key":"Ice Cream"},{"floor":26,"key":"Lizard Tail"},{"floor":30,"key":"Juzu Bracelet"}],"event_choices":[{"damage_healed":0.0,"max_hp_gain":0.0,"max_hp_loss":0.0,"gold_gain":150.0,"event_name":"Liars Game","player_choice":"AGREE","floor":3.0,"gold_loss":0.0,"damage_taken":0.0,"cards_obtained":["Doubt"]},{"cards_removed":["Doubt"],"damage_healed":0.0,"max_hp_gain":0.0,"max_hp_loss":0.0,"gold_gain":0.0,"event_name":"The Cleric","player_choice":"Card Removal","floor":4.0,"gold_loss":75.0,"damage_taken":0.0},{"damage_healed":0,"gold_gain":0,"player_choice":"Bought 1 Potion","damage_taken":0,"max_hp_gain":0,"max_hp_loss":0,"event_name":"The Woman in Blue","floor":19,"gold_loss":0},{"cards_removed":["Strike_R"],"damage_healed":0,"gold_gain":0,"player_choice":"Purged","damage_taken":0,"max_hp_gain":0,"max_hp_loss":0,"event_name":"Purifier","floor":22,"gold_loss":0},{"damage_healed":0,"gold_gain":0,"player_choice":"Fight","damage_taken":0,"max_hp_gain":0,"max_hp_loss":0,"event_name":"Colosseum","floor":29,"gold_loss":0},{"damage_healed":0,"gold_gain":0,"player_choice":"Fled From Nobs","damage_taken":0,"max_hp_gain":0,"max_hp_loss":0,"event_name":"Colosseum","floor":29,"gold_loss":0},{"damage_healed":0,"gold_gain":0,"player_choice":"Memory 2","damage_taken":5,"max_hp_gain":0,"max_hp_loss":0,"event_name":"SensoryStone","floor":36,"gold_loss":0},{"damage_healed":0,"gold_gain":0,"player_choice":"Paid Gold","damage_taken":0,"relics_obtained":["Ornamental Fan"],"max_hp_gain":0,"max_hp_loss":0,"event_name":"WeMeetAgain","floor":37,"gold_loss":124}],"is_beta":false,"boss_relics":[{"not_picked":["Velvet Choker","SlaversCollar"],"picked":"Calling Bell"},{"not_picked":["Snecko Eye","Fusion Hammer"],"picked":"Runic Cube"}],"items_purged_floors":[],"is_endless":false,"potions_floor_spawned":[1,7,8,18,20,31],"killed_by":"3 Darklings","ascension_level":20}}