{"host":"w8xisjf5mgmfjvmt","time":1613213334,"event":{"mods":["ATMod(°¢èªMod)","BaseMod","BetterRewards","Challenge The Spire","Conspire","Energized Spire","Filter the Spire","Minty Spire (QoL Compilation)","Quarter Circle Forward PUNCH!","Quick Restart","Relic Filter Mod","Relic Stats","Reliquary","Replay The Spire","Say the Spire","Shop Mod","Spicy Shops","StSLib","Thieving Mod","¡¾ÒÅÎï¿¨ÅÆ¡¿REMEMod","óô»ðÖ¸ÄÏ"],"gold_per_floor":[109,109,120,120,139,168,168,200,200,200,214,227,262,275,275,352,352,362,362,362,562,578,578,608,608,608,641,641,671,681,376,103,181,181,191,203,203,241,253,288,288,319,344,344,373,485,485,1028,1028,1653,2178,2178,1605,1201,1777,1802],"floor_reached":57,"language":"ZHS","playtime":3707,"items_purged":["conspire:GhostlyStrike","conspire:GhostlyStrike","conspire:GhostlyStrike","conspire:GhostlyStrike","Ball Lightning"],"score":3536,"play_id":"9e323cc4-f381-4dd3-aebd-01491e46bfc2","local_time":"20210213184854","is_ascension_mode":true,"campfire_choices":[{"data":"Consume","floor":7.0,"key":"SMITH"},{"data":"Defragment","floor":10.0,"key":"SMITH"},{"data":"BasicCrystalCard","floor":15.0,"key":"SMITH"},{"data":"Chill","floor":23.0,"key":"SMITH"},{"floor":25.0,"key":"REST"},{"data":"Fission","floor":28.0,"key":"SMITH"},{"data":"Heatsinks","floor":41.0,"key":"SMITH"},{"data":"Buffer","floor":44.0,"key":"SMITH"},{"floor":49.0,"key":"RECALL"}],"circlet_count":0,"master_deck":["AscendersBane","conspire:GhostlyDefend","conspire:GhostlyDefend","conspire:GhostlyDefend","conspire:GhostlyDefend","Dualcast","CurseOfTheBell","AT_RightCognition+1","Fiend Fire+1","Consume+1","ReplayTheSpireMod:Calculation Training","Cold Snap","Defragment+1","Chaos","BasicCrystalCard+1","AT_WaterDrop+1","Cold Snap+1","Fission+1","Chill+1","Heatsinks+1","Skim","Coolheaded","Blizzard+1","Stack","Buffer+1","AT_WarpDrive","Coolheaded","Turbo+1","Hologram+1","Aggregate","Compile Driver+1"],"relics":["REME_ComplimentaryCards","AT_ATBox","Calling Bell","Regal Pillow","Divine Protection","AT_LudenTempest","reliquary:TridentHead","Mummified Hand","Molten Egg 2","reliquary:Stiletto","Philosopher\u0027s Stone","Enchiridion","InkBottle","qcfpunch:Black_Training_Shirt","Replay:Kaleidoscope","Ancient Tea Set","REME_CardOfGreed","Guide Book","conspire:SpecialSausage","reliquary:TuningFork","qcfpunch:Chain_With_Nametags","qcfpunch:Not_Strongest_Fighting_Style_Guidebook","AT_MibuBalloonWealth","ReplayTheSpireMod:Ring of Challenge","Ring of Misfortune","Art of War","Replay:PocketPolymizer","Shuriken","Chameleon Ring","Replay:Mystery Machine","Prayer Wheel","Membership Card","Emotion Chip","reliquary:SilkGlove","Replay:Frozen Program","Bronze Scales","ReplayTheSpireMod:Lightbulb","reliquary:Boomerang","Pen Nib","Oddly Smooth Stone","Replay:Arrowhead","Lantern","Pondfish Scales"],"acts_visited":["Exordium","TheCity","TheBeyond","TheEnding"],"potions_floor_usage":[56,56],"damage_taken":[{"damage":0.0,"enemies":"Cultist","floor":1.0,"turns":3.0},{"damage":0.0,"enemies":"Jaw Worm","floor":3.0,"turns":2.0},{"damage":0.0,"enemies":"Small Slimes","floor":5.0,"turns":3.0},{"damage":12.0,"enemies":"Lagavulin","floor":6.0,"turns":6.0},{"damage":20.0,"enemies":"Gremlin Nob","floor":8.0,"turns":4.0},{"damage":0.0,"enemies":"Blue Slaver","floor":11.0,"turns":2.0},{"damage":0.0,"enemies":"Large Slime","floor":12.0,"turns":4.0},{"damage":0.0,"enemies":"Lagavulin","floor":13.0,"turns":5.0},{"damage":0.0,"enemies":"Lots of Slimes","floor":14.0,"turns":3.0},{"damage":7.0,"enemies":"Hexaghost","floor":16.0,"turns":9.0},{"damage":0.0,"enemies":"2 Thieves","floor":18.0,"turns":4.0},{"damage":0.0,"enemies":"Spheric Guardian","floor":22.0,"turns":3.0},{"damage":19.0,"enemies":"Gremlin Leader","floor":24.0,"turns":7.0},{"damage":0.0,"enemies":"Book of Stabbing","floor":27.0,"turns":3.0},{"damage":0.0,"enemies":"conspire:SneckoGhost","floor":29.0,"turns":6.0},{"damage":0.0,"enemies":"Chosen and Byrds","floor":30.0,"turns":3.0},{"damage":0.0,"enemies":"Collector","floor":33.0,"turns":7.0},{"damage":0.0,"enemies":"3 Shapes","floor":35.0,"turns":2.0},{"damage":0.0,"enemies":"3 Darklings","floor":36.0,"turns":3.0},{"damage":0.0,"enemies":"conspire:MimicChest","floor":38.0,"turns":6.0},{"damage":0.0,"enemies":"Spire Growth","floor":39.0,"turns":3.0},{"damage":0.0,"enemies":"Reptomancer","floor":40.0,"turns":3.0},{"damage":0.0,"enemies":"Nemesis","floor":42.0,"turns":3.0},{"damage":0.0,"enemies":"R_Hoarder","floor":45.0,"turns":5.0},{"damage":0.0,"enemies":"4 Shapes","floor":46.0,"turns":4.0},{"damage":0.0,"enemies":"Writhing Mass","floor":48.0,"turns":2.0},{"damage":1,"enemies":"Awakened One","floor":50,"turns":14},{"damage":2,"enemies":"Time Eater","floor":51,"turns":7},{"damage":0,"enemies":"Shield and Spear","floor":55,"turns":3},{"damage":0,"enemies":"The Heart","floor":56,"turns":7}],"seed_played":"-1060751879289052229","potions_obtained":[{"floor":3.0,"key":"Flashbang"},{"floor":8.0,"key":"Weak Potion"},{"floor":11.0,"key":"Block Potion"},{"floor":13.0,"key":"SteroidPotion"},{"floor":14.0,"key":"Swift Potion"},{"floor":18.0,"key":"AttackPotion"},{"floor":27.0,"key":"Flashbang"},{"floor":33.0,"key":"Explosive Potion"},{"floor":40.0,"key":"SkillPotion"},{"floor":55,"key":"PotionOfCapacity"}],"is_trial":false,"path_per_floor":["M","?","M","?","M","E","R","E","T","R","M","M","E","M","R","B",null,"M","?","?","?","M","R","E","R","T","E","R","E","M","$","R","B",null,"M","M","?","?","M","E","R","E","T","R","E","M","?","M","R","B","B",null,"R","$","E","B",null],"character_chosen":"DEFECT","items_purchased":["REME_CardOfGreed","Stack","Guide Book","Membership Card","Emotion Chip","reliquary:SilkGlove","Aggregate","Replay:Frozen Program","Bronze Scales","ReplayTheSpireMod:Lightbulb","Compile Driver+1"],"campfire_rested":1,"item_purchase_floors":[31,31,32,53,53,53,53,54,54,54,54],"current_hp_per_floor":[64,64,64,64,64,52,52,32,32,32,32,32,32,32,32,25,60,60,39,39,39,39,39,20,56,56,56,56,56,56,56,56,56,67,67,67,67,67,67,67,67,67,67,67,67,67,67,67,67,66,64,69,69,69,69,69],"gold":1802,"neow_bonus":"BOSS_RELIC","is_daily":false,"chose_seed":false,"campfire_upgraded":7,"win_rate":0.0,"timestamp":1613213334,"path_taken":["M","?","M","?","M","E","R","E","T","R","M","M","E","?","R","BOSS","M","?","?","?","?","R","E","R","T","E","R","E","M","$","R","BOSS","M","?","?","?","M","E","R","E","T","R","E","M","?","M","R","BOSS","BOSS","R","$","E","BOSS"],"items_purchased_type":["Relic","Card","Relic","Relic","Relic","Relic","Card","Relic","Relic","Relic","Card"],"build_version":"2020-12-22","purchased_purges":5,"victory":true,"max_hp_per_floor":[71,71,71,71,71,71,71,71,71,71,71,71,71,71,71,71,71,71,71,71,71,71,71,71,71,71,71,71,71,71,71,71,71,71,71,71,71,71,71,71,71,71,71,71,71,71,71,71,71,71,71,71,71,71,71,71],"relic_stats":{"Regal Pillow":15,"Emotion Chip":[0,0,0,0,0],"counters":[30,136],"Mummified Hand":[125],"Shuriken":[7],"Bronze Scales":[114],"Prayer Wheel":0,"Pen Nib":[1],"Art of War":[3],"obtain_stats":[{"Divine Protection":0,"Regal Pillow":0,"Lantern":55,"AT_ATBox":0,"Replay:PocketPolymizer":48,"reliquary:SilkGlove":53,"reliquary:Boomerang":55,"qcfpunch:Not_Strongest_Fighting_Style_Guidebook":42,"AT_MibuBalloonWealth":45,"Enchiridion":19,"conspire:SpecialSausage":34,"Replay:Mystery Machine":48,"Ancient Tea Set":29,"reliquary:TridentHead":6,"Emotion Chip":53,"Chameleon Ring":48,"Replay:Frozen Program":54,"Mummified Hand":8,"Philosopher\u0027s Stone":17,"Prayer Wheel":50,"Cracked Core":0,"qcfpunch:Chain_With_Nametags":40,"InkBottle":24,"qcfpunch:Black_Training_Shirt":26,"Guide Book":32,"Oddly Smooth Stone":55,"Pen Nib":55,"Replay:Kaleidoscope":27,"Replay:Arrowhead":55,"Calling Bell":0,"AT_LudenTempest":0,"Pondfish Scales":55,"Shuriken":48,"Ring of Misfortune":47,"Bronze Scales":54,"Molten Egg 2":9,"reliquary:Stiletto":13,"reliquary:TuningFork":38,"Art of War":48,"REME_CardOfGreed":31,"Membership Card":53,"ReplayTheSpireMod:Ring of Challenge":47,"ReplayTheSpireMod:Lightbulb":54,"REME_ComplimentaryCards":0},{"Divine Protection":0,"Regal Pillow":0,"Lantern":29,"AT_ATBox":0,"Replay:PocketPolymizer":26,"reliquary:SilkGlove":28,"reliquary:Boomerang":29,"qcfpunch:Not_Strongest_Fighting_Style_Guidebook":23,"AT_MibuBalloonWealth":24,"Enchiridion":11,"conspire:SpecialSausage":17,"Replay:Mystery Machine":26,"Ancient Tea Set":15,"reliquary:TridentHead":4,"Emotion Chip":28,"Chameleon Ring":26,"Replay:Frozen Program":28,"Mummified Hand":5,"Philosopher\u0027s Stone":10,"Prayer Wheel":27,"Cracked Core":0,"qcfpunch:Chain_With_Nametags":22,"InkBottle":13,"qcfpunch:Black_Training_Shirt":13,"Guide Book":16,"Oddly Smooth Stone":29,"Pen Nib":29,"Replay:Kaleidoscope":14,"Replay:Arrowhead":29,"Calling Bell":0,"AT_LudenTempest":0,"Pondfish Scales":29,"Shuriken":26,"Ring of Misfortune":25,"Bronze Scales":28,"Molten Egg 2":5,"reliquary:Stiletto":8,"reliquary:TuningFork":20,"Art of War":26,"REME_CardOfGreed":16,"Membership Card":28,"ReplayTheSpireMod:Ring of Challenge":25,"ReplayTheSpireMod:Lightbulb":28,"REME_ComplimentaryCards":0},{"Divine Protection":0,"Regal Pillow":0,"Lantern":129,"AT_ATBox":0,"Replay:PocketPolymizer":105,"reliquary:SilkGlove":126,"reliquary:Boomerang":129,"qcfpunch:Not_Strongest_Fighting_Style_Guidebook":94,"AT_MibuBalloonWealth":99,"Enchiridion":45,"conspire:SpecialSausage":74,"Replay:Mystery Machine":105,"Ancient Tea Set":64,"reliquary:TridentHead":14,"Emotion Chip":126,"Chameleon Ring":105,"Replay:Frozen Program":126,"Mummified Hand":18,"Philosopher\u0027s Stone":41,"Prayer Wheel":109,"Cracked Core":0,"qcfpunch:Chain_With_Nametags":91,"InkBottle":55,"qcfpunch:Black_Training_Shirt":55,"Guide Book":67,"Oddly Smooth Stone":129,"Pen Nib":129,"Replay:Kaleidoscope":58,"Replay:Arrowhead":129,"Calling Bell":0,"AT_LudenTempest":0,"Pondfish Scales":129,"Shuriken":105,"Ring of Misfortune":103,"Bronze Scales":126,"Molten Egg 2":18,"reliquary:Stiletto":29,"reliquary:TuningFork":85,"Art of War":105,"REME_CardOfGreed":67,"Membership Card":126,"ReplayTheSpireMod:Ring of Challenge":103,"ReplayTheSpireMod:Lightbulb":126,"REME_ComplimentaryCards":0}],"InkBottle":[49]},"card_choices":[{"not_picked":["Static Discharge","Reinforced Body"],"picked":"Consume","floor":1.0},{"not_picked":["AT_WarpDrive","Storm"],"picked":"ReplayTheSpireMod:Calculation Training","floor":3.0},{"not_picked":["Stack","Blizzard"],"picked":"Ball Lightning","floor":5.0},{"not_picked":["Streamline","Darkness"],"picked":"Cold Snap","floor":6.0},{"not_picked":["AT_HeatAcrobatics","Panic Button"],"picked":"Defragment","floor":8.0},{"not_picked":["All For One+1","AT_WarpDrive"],"picked":"Chaos","floor":11.0},{"not_picked":["AT_ThunderBolt","Stack"],"picked":"BasicCrystalCard","floor":12.0},{"not_picked":["Aggregate","AT_HeatAcrobatics"],"picked":"AT_WaterDrop","floor":13.0},{"not_picked":["Tempest","BootSequence"],"picked":"Cold Snap+1","floor":14.0},{"not_picked":["Hyperbeam+1","Amplify"],"picked":"Fission","floor":16.0},{"not_picked":["Redo","ReplayTheSpireMod:Calculation Training","AT_StudyProgram"],"picked":"SKIP","floor":18.0},{"not_picked":["AT_HeatAcrobatics","Darkness"],"picked":"Heatsinks","floor":22.0},{"not_picked":["Turbo","Scrape+1"],"picked":"Skim","floor":24.0},{"not_picked":["Ball Lightning+1","Go for the Eyes+1"],"picked":"Coolheaded","floor":27.0},{"not_picked":["Skim","Sweeping Beam+1","Tempest"],"picked":"SKIP","floor":29.0},{"not_picked":["Barrage+1","Aggregate"],"picked":"Blizzard+1","floor":30.0},{"not_picked":["Fission","Multi-Cast"],"picked":"Buffer","floor":33.0},{"not_picked":["Go for the Eyes+1","AT_WarpDrive","Undo"],"picked":"SKIP","floor":35.0},{"not_picked":["Go for the Eyes+1","Undo"],"picked":"AT_WarpDrive","floor":35.0},{"not_picked":["Hologram","Leap"],"picked":"Coolheaded","floor":36.0},{"not_picked":["AT_ThreeBodyProblem","REME_Whirling+1"],"picked":"Turbo+1","floor":39.0},{"not_picked":["Reprogram","REME_Whirling","Blizzard+1"],"picked":"SKIP","floor":40.0},{"not_picked":["Reprogram","REME_Whirling","Blizzard+1"],"picked":"SKIP","floor":40.0},{"not_picked":["Stack","Sunder+1","AT_HeatAcrobatics"],"picked":"SKIP","floor":42.0},{"not_picked":["Force Field","Go for the Eyes+1","Coolheaded"],"picked":"SKIP","floor":45.0},{"not_picked":["Tempest","Redo","ReplayTheSpireMod:Fabricate Wheel"],"picked":"SKIP","floor":46.0},{"not_picked":["AT_HeatAcrobatics","Double Energy"],"picked":"Hologram+1","floor":48.0},{"not_picked":["AT_WarpDrive","AT_StudyProgram+1","ReplayTheSpireMod:Calculation Training"],"picked":"SKIP","floor":55}],"player_experience":1357046,"relics_obtained":[{"floor":0.0,"key":"Regal Pillow"},{"floor":0.0,"key":"Divine Protection"},{"floor":0.0,"key":"AT_LudenTempest"},{"floor":6.0,"key":"reliquary:TridentHead"},{"floor":8.0,"key":"Mummified Hand"},{"floor":9.0,"key":"Molten Egg 2"},{"floor":13.0,"key":"reliquary:Stiletto"},{"floor":19.0,"key":"Enchiridion"},{"floor":24.0,"key":"InkBottle"},{"floor":26.0,"key":"qcfpunch:Black_Training_Shirt"},{"floor":27.0,"key":"Replay:Kaleidoscope"},{"floor":29.0,"key":"Ancient Tea Set"},{"floor":38.0,"key":"reliquary:TuningFork"},{"floor":40.0,"key":"qcfpunch:Chain_With_Nametags"},{"floor":42.0,"key":"qcfpunch:Not_Strongest_Fighting_Style_Guidebook"},{"floor":45.0,"key":"AT_MibuBalloonWealth"},{"floor":47.0,"key":"ReplayTheSpireMod:Ring of Challenge"},{"floor":47.0,"key":"Ring of Misfortune"},{"floor":48.0,"key":"Art of War"},{"floor":48.0,"key":"Replay:PocketPolymizer"},{"floor":48.0,"key":"Shuriken"},{"floor":48.0,"key":"Chameleon Ring"},{"floor":48.0,"key":"Replay:Mystery Machine"},{"floor":55,"key":"reliquary:Boomerang"},{"floor":55,"key":"Pen Nib"},{"floor":55,"key":"Oddly Smooth Stone"},{"floor":55,"key":"Replay:Arrowhead"},{"floor":55,"key":"Lantern"},{"floor":55,"key":"Pondfish Scales"}],"event_choices":[{"damage_healed":0.0,"max_hp_gain":0.0,"max_hp_loss":0.0,"gold_gain":0.0,"event_name":"conspire:LoneGhost","player_choice":"Agree","floor":2.0,"gold_loss":0.0,"damage_taken":0.0},{"damage_healed":0.0,"max_hp_gain":0.0,"max_hp_loss":0.0,"gold_gain":0.0,"event_name":"Cursed Tome","player_choice":"Obtained Book","floor":19.0,"gold_loss":0.0,"damage_taken":21.0},{"damage_healed":0.0,"max_hp_gain":0.0,"max_hp_loss":0.0,"gold_gain":0.0,"event_name":"The Library","player_choice":"Read","floor":20.0,"gold_loss":0.0,"damage_taken":0.0,"cards_obtained":["Chill"]},{"damage_healed":0.0,"max_hp_gain":0.0,"max_hp_loss":0.0,"gold_gain":250.0,"event_name":"The Joust","player_choice":"Bet on Owner","floor":21.0,"gold_loss":50.0,"damage_taken":0.0}],"is_beta":false,"boss_relics":[{"not_picked":["Fusion Hammer","Abe\u0027s Treasure"],"picked":"Philosopher\u0027s Stone"},{"not_picked":["reliquary:Craggleroot","AT_MortalBlade"],"picked":"conspire:SpecialSausage"}],"items_purged_floors":[31,32,53,53,54],"is_endless":false,"potions_floor_spawned":[3,8,11,13,14,18,27,33,38,40,42,45,46,55],"ascension_level":20}}