{"host":"jwbw4f4imxd0v0b0","time":1613239531,"event":{"mods":["BaseMod","Colored Map","Downfall","Highlight Path","Minty Spire (QoL Compilation)","Relic Stats","StSLib"],"gold_per_floor":[99,113,132,132,143,143,143,153,166,178,211,223,223,88,101,200,200,200,214,214,214,214,214,294,325,344,363,379,408,426,446,464,560,560,560,574,574,592,334,351,374,424,436,225,254,273,293,293,307,307],"floor_reached":51,"language":"ENG","playtime":4809,"items_purged":["Slimebound:Strike_Slimebound","Slimebound:Tackle","Slimebound:Strike_Slimebound"],"score":779,"play_id":"2609c272-356e-465b-bfeb-ecf2aeede826","local_time":"20210213120531","is_ascension_mode":false,"campfire_choices":[{"data":"Slimebound:CorrosiveSpit","floor":1,"key":"SMITH"},{"data":"Slimebound:Grow","floor":6,"key":"SMITH"},{"data":"Slimebound:LivingWall","floor":13,"key":"SMITH"},{"data":"Slimebound:DuplicatedForm","floor":18,"key":"SMITH"},{"data":"Slimebound:MegaLick","floor":23,"key":"SMITH"},{"floor":35,"key":"RECALL"}],"circlet_count":0,"master_deck":["Slimebound:Defend_Slimebound","Slimebound:Defend_Slimebound","Slimebound:Defend_Slimebound","Slimebound:Defend_Slimebound","Slimebound:Split","Slimebound:CorrosiveSpit+1","Slimebound:MegaLick+1","Slimebound:LivingWall+1","Slimebound:Grow+1","Slimebound:Repurpose","Slimebound:SplitMire","Slimebound:SamplingLick","Slimebound:HauntingLick","Slimebound:LeechLife","Slimebound:SplitAcid","Slimebound:SplitAcid","Slimebound:DuplicatedForm+1","Slimebound:GoopSpray+1","downfall:Bewildered","Ghostly","Ghostly","Ghostly","Ghostly","Ghostly","Slimebound:AcidTongue+1","Slimebound:ViciousTackle","Slimebound:SplitBruiser+1","Slimebound:LevelUp","Slimebound:MassRepurpose","Slimebound:ForwardTackle+1","Slimebound:Dissolve+1","Slimebound:LeechingTouch+1","Slimebound:ProtectTheBoss","Slimebound:GoopSpray+1","Slimebound:SlimeSpikes+1","Slimebound:Darklings"],"relics":["Slimebound:AbsorbEndCombat","downfall:ShatteredFragment","Matryoshka","Boot","Coffee Dripper","sneckomod:BabySnecko","Orichalcum","White Beast Statue","Omamori","Philosopher\u0027s Stone","Slimebound:AggressiveSlimeRelic","MealTicket","Bronze Scales","Dream Catcher","Membership Card","Thread and Needle","Molten Egg 2","Pear"],"acts_visited":["Exordium","TheCity","TheBeyond"],"potions_floor_usage":[11,27,29,29,33,33],"damage_taken":[{"damage":7,"enemies":"Small Slimes","floor":2,"turns":5},{"damage":0,"enemies":"2 Louse","floor":3,"turns":3},{"damage":1,"enemies":"Jaw Worm","floor":5,"turns":4},{"damage":3,"enemies":"Exordium Thugs","floor":8,"turns":4},{"damage":12,"enemies":"Exordium Wildlife","floor":9,"turns":5},{"damage":6,"enemies":"downfall:LooterAlt","floor":10,"turns":3},{"damage":9,"enemies":"3 Sentries","floor":11,"turns":6},{"damage":0,"enemies":"Large Slime","floor":12,"turns":4},{"damage":3,"enemies":"downfall:FleeingMerchant","floor":14,"turns":4},{"damage":12,"enemies":"Exordium Thugs","floor":15,"turns":4},{"damage":35,"enemies":"DF_ARCHETYPE_STREAMLINE","floor":16,"turns":8},{"damage":1,"enemies":"Spheric Guardian","floor":19,"turns":3},{"damage":8,"enemies":"Slavers","floor":25,"turns":5},{"damage":15,"enemies":"Chosen","floor":26,"turns":4},{"damage":15,"enemies":"Centurion and Healer","floor":27,"turns":7},{"damage":15,"enemies":"3 Cultists","floor":28,"turns":5},{"damage":15,"enemies":"Gremlin Leader","floor":29,"turns":5},{"damage":0,"enemies":"Snake Plant","floor":30,"turns":4},{"damage":1,"enemies":"Snecko","floor":31,"turns":4},{"damage":3,"enemies":"Chosen and Byrds","floor":32,"turns":4},{"damage":25,"enemies":"WA_ARCHETYPE_CALM","floor":33,"turns":9},{"damage":0,"enemies":"Orb Walker","floor":36,"turns":3},{"damage":8,"enemies":"3 Darklings","floor":38,"turns":6},{"damage":15,"enemies":"downfall:FleeingMerchant","floor":39,"turns":4},{"damage":16,"enemies":"Spire Growth","floor":40,"turns":4},{"damage":1,"enemies":"Jaw Worm Horde","floor":43,"turns":4},{"damage":25,"enemies":"downfall:FleeingMerchant","floor":44,"turns":4},{"damage":11,"enemies":"Nemesis","floor":45,"turns":6},{"damage":0,"enemies":"3 Darklings","floor":46,"turns":6},{"damage":0,"enemies":"4 Shapes","floor":47,"turns":4},{"damage":15,"enemies":"Transient","floor":49,"turns":5},{"damage":55,"enemies":"IC_BLOCK_ARCHETYPE","floor":50,"turns":12}],"seed_played":"6172712907095792943","potions_obtained":[{"floor":2,"key":"Weak Potion"},{"floor":5,"key":"FearPotion"},{"floor":9,"key":"LiquidMemories"},{"floor":10,"key":"Block Potion"},{"floor":11,"key":"DistilledChaos"},{"floor":16,"key":"Dexterity Potion"},{"floor":27,"key":"Slimebound:SlimedPotion"},{"floor":29,"key":"SpeedPotion"},{"floor":30,"key":"Ancient Potion"},{"floor":31,"key":"LiquidMemories"},{"floor":32,"key":"Block Potion"},{"floor":33,"key":"Strength Potion"},{"floor":36,"key":"Dexterity Potion"},{"floor":43,"key":"FairyPotion"},{"floor":46,"key":"Slimebound:SlimyTonguePotion"}],"is_trial":false,"path_per_floor":["R","M","M","?","M","R","T","M","M","M","E","M","R","$","M","B",null,"R","M","?","?","?","R","T","E","M","M","M","E","M","M","M","B",null,"R","M","?","M","$","M","T","T","M","$","E","M","M","?","M","B",null],"character_chosen":"SLIMEBOUND","items_purchased":["Slimebound:SplitAcid","Slimebound:AggressiveSlimeRelic","Membership Card","Thread and Needle","Molten Egg 2","Slimebound:ProtectTheBoss"],"campfire_rested":0,"item_purchase_floors":[14,39,44,44,44,44],"current_hp_per_floor":[71,66,70,52,57,57,57,60,56,54,53,61,61,66,67,42,71,71,71,71,71,35,35,35,35,35,26,34,35,35,35,35,26,35,35,35,35,31,24,23,23,23,35,27,38,45,45,45,45,20],"gold":307,"neow_bonus":"TEN_PERCENT_HP_BONUS","is_daily":false,"chose_seed":false,"campfire_upgraded":5,"win_rate":0.0,"timestamp":1613239531,"path_taken":["R","M","M","?","M","R","T","M","M","M","E","M","R","$","M","BOSS","R","M","?","?","?","R","T","E","M","M","M","E","M","M","M","BOSS","R","M","?","M","$","M","T","?","M","$","E","?","M","?","M","BOSS"],"items_purchased_type":["Card","Relic","Relic","Relic","Relic","Card"],"build_version":"2020-12-22","purchased_purges":3,"victory":true,"max_hp_per_floor":[71,71,71,71,71,71,71,71,71,71,71,71,71,71,71,71,71,71,71,71,71,35,35,35,35,35,35,35,35,35,35,35,35,35,35,35,35,35,35,35,35,35,35,35,45,45,45,45,45,45],"relic_stats":{"Dream Catcher":0,"counters":[32,153],"Bronze Scales":[93],"MealTicket":0,"Orichalcum":[168],"Boot":[59],"obtain_stats":[{"Slimebound:AggressiveSlimeRelic":39,"downfall:ShatteredFragment":4,"Pear":45,"Thread and Needle":44,"Omamori":29,"Orichalcum":24,"Boot":11,"White Beast Statue":25,"sneckomod:BabySnecko":21,"Dream Catcher":42,"Matryoshka":7,"Bronze Scales":41,"Philosopher\u0027s Stone":34,"MealTicket":41,"Molten Egg 2":44,"Slimebound:AbsorbEndCombat":0,"Coffee Dripper":17,"Membership Card":44},{"Slimebound:AggressiveSlimeRelic":24,"downfall:ShatteredFragment":2,"Pear":28,"Thread and Needle":27,"Omamori":17,"Orichalcum":12,"Boot":7,"White Beast Statue":13,"sneckomod:BabySnecko":12,"Dream Catcher":25,"Matryoshka":3,"Bronze Scales":25,"Philosopher\u0027s Stone":21,"MealTicket":25,"Molten Egg 2":27,"Slimebound:AbsorbEndCombat":0,"Coffee Dripper":11,"Membership Card":27},{"Slimebound:AggressiveSlimeRelic":108,"downfall:ShatteredFragment":7,"Pear":126,"Thread and Needle":120,"Omamori":74,"Orichalcum":49,"Boot":27,"White Beast Statue":54,"sneckomod:BabySnecko":49,"Dream Catcher":112,"Matryoshka":11,"Bronze Scales":112,"Philosopher\u0027s Stone":95,"MealTicket":112,"Molten Egg 2":120,"Slimebound:AbsorbEndCombat":0,"Coffee Dripper":46,"Membership Card":120}]},"card_choices":[{"not_picked":["Slimebound:SpikyOuterGoop","Slimebound:LeechingTouch"],"picked":"Slimebound:MegaLick","floor":2},{"not_picked":["Slimebound:RejuvenatingLick","Slimebound:FlameTackle"],"picked":"Slimebound:LivingWall","floor":3},{"not_picked":["Slimebound:FormOfPuddle","Slimebound:ComboTackle"],"picked":"Slimebound:Grow","floor":5},{"not_picked":["Slimebound:SlimeSpikes","Slimebound:FinishingTackle"],"picked":"Slimebound:Repurpose","floor":8},{"not_picked":["Slimebound:ItLooksTasty","Slimebound:SlimeBarrage"],"picked":"Slimebound:SplitMire","floor":9},{"not_picked":["Slimebound:SlimeBrawl","Slimebound:FinishingTackle"],"picked":"Slimebound:SamplingLick","floor":10},{"not_picked":["Slimebound:SlimeBarrage","Slimebound:LeechEnergy"],"picked":"Slimebound:RallyTheTroops","floor":11},{"not_picked":["Slimebound:GoopTackle","Slimebound:SplitLeeching"],"picked":"Slimebound:HauntingLick","floor":12},{"not_picked":["Slimebound:HauntingLick","Slimebound:SlimeSpikes"],"picked":"Slimebound:LeechLife","floor":14},{"not_picked":["Slimebound:SlimeSpikes","Slimebound:SamplingLick"],"picked":"Slimebound:SplitAcid","floor":15},{"not_picked":["Slimebound:Teamwork","Slimebound:SlimeSlap"],"picked":"Slimebound:DuplicatedForm","floor":16},{"not_picked":["Slimebound:HauntingLick","Slimebound:Schlurp"],"picked":"Slimebound:GoopSpray+1","floor":19},{"not_picked":["Slimebound:ItLooksTasty","Slimebound:LeechEnergy","Slimebound:SplitMire"],"picked":"SKIP","floor":25},{"not_picked":["Slimebound:SlimeBrawl","Slimebound:Grow","Slimebound:LeechEnergy+1"],"picked":"SKIP","floor":26},{"not_picked":["Slimebound:LivingWall","Slimebound:RollThrough","Slimebound:SplitLeeching"],"picked":"SKIP","floor":27},{"not_picked":["Slimebound:GoopSpray+1","Slimebound:SplitMire"],"picked":"Slimebound:AcidTongue+1","floor":28},{"not_picked":["Slimebound:RejuvenatingLick","Slimebound:TongueLash"],"picked":"Slimebound:ViciousTackle","floor":29},{"not_picked":["Slimebound:FinishingTackle","Slimebound:RollThrough","Slimebound:RainOfGoop"],"picked":"SKIP","floor":30},{"not_picked":["Slimebound:AcidTongue","Slimebound:Equalize+1"],"picked":"Slimebound:SplitBruiser+1","floor":31},{"not_picked":["Slimebound:SlimeBarrage","Slimebound:Schlurp"],"picked":"Slimebound:LevelUp","floor":32},{"not_picked":["Slimebound:DouseInSlime","Slimebound:RallyTheTroops"],"picked":"Slimebound:MassRepurpose","floor":33},{"not_picked":["Slimebound:GoopTackle+1","Slimebound:ItLooksTasty+1","Slimebound:Prepare"],"picked":"SKIP","floor":36},{"not_picked":["Slimebound:Schlurp+1","Slimebound:SplitBruiser"],"picked":"Slimebound:ForwardTackle+1","floor":38},{"not_picked":["Slimebound:BestDefense+1","Slimebound:SlimeBarrage","Slimebound:ComboTackle+1"],"picked":"SKIP","floor":39},{"not_picked":["Slimebound:RollThrough","Slimebound:Schlurp"],"picked":"Slimebound:Dissolve+1","floor":40},{"not_picked":["Slimebound:SplitMire","Slimebound:OneTwoCombo","Slimebound:ComboTackle"],"picked":"SKIP","floor":43},{"not_picked":["Slimebound:FlameTackle+1","Slimebound:ComboTackle"],"picked":"Slimebound:LeechingTouch+1","floor":44},{"not_picked":["Slimebound:AcidTongue+1","Slimebound:SplitBruiser+1","Slimebound:GoopSpray"],"picked":"SKIP","floor":45},{"not_picked":["Slimebound:GrowthPunch+1","Slimebound:MegaLick+1"],"picked":"Slimebound:GoopSpray+1","floor":46},{"not_picked":["Slimebound:FinishingTackle+1","Slimebound:Prepare"],"picked":"Slimebound:SlimeSpikes+1","floor":47},{"not_picked":["Slimebound:FinishingTackle+1","Slimebound:ForwardTackle+1","Slimebound:SlimeSpikes"],"picked":"SKIP","floor":49}],"player_experience":1269933,"relics_obtained":[{"floor":7,"key":"Matryoshka"},{"floor":11,"key":"Boot"},{"floor":24,"key":"Orichalcum"},{"floor":25,"key":"White Beast Statue"},{"floor":29,"key":"Omamori"},{"floor":41,"key":"MealTicket"},{"floor":41,"key":"Bronze Scales"},{"floor":42,"key":"Dream Catcher"},{"floor":45,"key":"Pear"}],"event_choices":[{"damage_healed":0,"gold_gain":0,"player_choice":"Became a Ghost","damage_taken":0,"max_hp_gain":0,"max_hp_loss":36,"event_name":"Ghosts","floor":22,"gold_loss":0,"cards_obtained":["Ghostly","Ghostly","Ghostly","Ghostly","Ghostly"]}],"is_beta":false,"boss_relics":[{"not_picked":["Black Star","Runic Pyramid"],"picked":"Coffee Dripper"},{"not_picked":["Sozu","Slimebound:AbsorbEndCombatUpgraded"],"picked":"Philosopher\u0027s Stone"}],"items_purged_floors":[14,39,44],"is_endless":false,"potions_floor_spawned":[2,5,9,10,11,16,19,26,27,28,29,30,31,32,33,36,38,39,40,43,44,45,46,47,49],"ascension_level":0}}