{"host":"bbld1ic1uj90ldt9","time":1613226190,"event":{"mods":["2.2 Compatiblity","AchievementEnabler","Act Like it!","BaseMod","Better Third Choice","Conspire","Downfall","Emptier Cage","Gensokyo","Hallownest","Hermit","Highlight Path","Hubris","Marisa????????","Minty Spire (QoL Compilation)","Random Character Button","Replay The Spire","StSLib","The Animator","The Bug Knight","The Cursed","The Disciple","The Hierophant","The Jungle","The Runesmith","The Servant 0.9.4"],"gold_per_floor":[99,115,115,168,168,196,244,261,261,21,21,33,33,18,33,137,137,37,50,50,89,89,106,152,152,182,182,202,202,137,149,169,169,169,169],"floor_reached":33,"language":"FRA","playtime":3744,"items_purged":["Languid"],"score":308,"play_id":"61e70a89-8e78-4f5c-8911-9e7e35b27a42","local_time":"20210213152310","is_ascension_mode":false,"campfire_choices":[{"floor":1,"key":"RECALL"},{"floor":9,"key":"REST"},{"floor":11,"key":"REST"},{"floor":13,"key":"REST"},{"data":"Guardian:WalkerClaw","floor":18,"key":"SMITH"},{"data":"Guardian:DecasProtection","floor":25,"key":"SMITH"},{"floor":27,"key":"REST"},{"data":"Guardian:DonusPower","floor":29,"key":"SMITH"}],"circlet_count":1,"master_deck":["Guardian:Strike_Guardian","Guardian:Strike_Guardian","Guardian:Strike_Guardian","Guardian:Strike_Guardian","Guardian:Defend_Guardian","Guardian:Defend_Guardian","Guardian:Defend_Guardian","Guardian:Defend_Guardian","Guardian:CurlUp","Guardian:TwinSlam","Guardian:ChargeUp+1","Guardian:DecasProtection+1","Guardian:ShieldSpikes","Guardian:DonusPower+1","Guardian:MultiBeam","Guardian:WalkerClaw+1","Guardian:ArmoredProtocol","Guardian:Gem_White","Guardian:VentSteam","ReplayTheSpireMod:IOU","Guardian:CrystalBeam","Guardian:PiercingHide","Guardian:Suspension","Guardian:Gem_Green","Guardian:Gem_Red","Guardian:TemporalShield"],"relics":["Guardian:ModeShifter","Hallownest:DreamNailRelic","Dream Catcher","Runesmith:Nanobots","Bag of Marbles","Replay:Wax Seal","Ring of Chaos","downfall:HeartBlessingRed","theJungle:WildPear","hubris:EmptyBottle","Circlet","MealTicket","Simple Rune","PreservedInsect"],"acts_visited":["Hallownest:Greenpath","theJungle:Jungle"],"potions_floor_usage":[6,16,19,26,28,31,31,32,32,32],"damage_taken":[{"damage":7,"enemies":"Hallownest:2_MossCreeps","floor":2,"turns":7},{"damage":29,"enemies":"conspire:MimicChest","floor":4,"turns":9},{"damage":50,"enemies":"Hallownest:eliteVengeflyKing","floor":6,"turns":19},{"damage":0,"enemies":"Hallownest:monsterHuskWarrior","floor":8,"turns":3},{"damage":0,"enemies":"downfall:FleeingMerchant","floor":10,"turns":4},{"damage":8,"enemies":"Hallownest:monsterHuskGuard","floor":12,"turns":4},{"damage":0,"enemies":"downfall:FleeingMerchant","floor":14,"turns":4},{"damage":0,"enemies":"Hallownest:MossCreep_and_Mosskin","floor":15,"turns":4},{"damage":41,"enemies":"IC_STATUS_ARCHETYPE","floor":16,"turns":14},{"damage":3,"enemies":"theJungle:GiantWrat","floor":19,"turns":6},{"damage":0,"enemies":"downfall:FleeingMerchant","floor":21,"turns":4},{"damage":9,"enemies":"theJungle:5_Spyders","floor":23,"turns":10},{"damage":20,"enemies":"theJungle:Cassacara","floor":26,"turns":8},{"damage":15,"enemies":"theJungle:Snecko_Cultist_And_Trap","floor":28,"turns":7},{"damage":21,"enemies":"theJungle:2_Phrogs","floor":30,"turns":11},{"damage":14,"enemies":"theJungle:SlimyTreeVines","floor":31,"turns":7},{"damage":23,"enemies":"theJungle:2_Snecko_Cultists","floor":32,"turns":3},{"damage":45,"enemies":"SI_MIRROR_ARCHETYPE","floor":33,"turns":12}],"seed_played":"-2251858506800479051","potions_obtained":[{"floor":4,"key":"Guardian:DefensiveModePotion"},{"floor":6,"key":"Adrenaline Potion"},{"floor":8,"key":"PowerPotion"},{"floor":23,"key":"Fire Potion"},{"floor":26,"key":"Dexterity Potion"},{"floor":30,"key":"hexamod:SoulburnPotion"},{"floor":31,"key":"Elixir"}],"is_trial":false,"path_per_floor":["R","M","?","?","?","E","T","M","R","$","R","M","R","$","M","B",null,"R","M","?","$","?","M","T","R","E","R","M","R","E","M","M","B"],"character_chosen":"GUARDIAN","items_purchased":["Replay:Wax Seal","Guardian:DonusPower","hubris:EmptyBottle"],"campfire_rested":4,"item_purchase_floors":[10,10,21],"current_hp_per_floor":[96,89,89,60,60,10,10,10,38,38,66,58,86,86,86,45,96,96,93,103,103,103,94,94,94,74,105,90,90,69,61,38,0,0,0],"gold":169,"neow_bonus":"TWENTY_PERCENT_HP_BONUS","is_daily":false,"chose_seed":false,"campfire_upgraded":3,"win_rate":0.0,"timestamp":1613226190,"path_taken":["R","M","?","?","?","E","T","?","R","$","R","?","R","$","M","BOSS","R","M","?","$","?","?","T","R","E","R","M","R","E","M","M","BOSS"],"items_purchased_type":["Relic","Card","Relic"],"build_version":"2020-12-22","purchased_purges":1,"victory":false,"max_hp_per_floor":[96,96,96,96,96,96,96,96,96,96,96,96,96,96,96,96,96,96,96,106,106,106,106,106,106,106,106,106,106,106,106,106,106,106,106],"card_choices":[{"not_picked":["Guardian:DecasProtection","Guardian:ChargeCore"],"picked":"Guardian:ChargeUp","floor":2},{"not_picked":["Guardian:CrystalBeam","Guardian:SentryBeam"],"picked":"Guardian:DecasProtection","floor":4},{"not_picked":["Guardian:Planning","Guardian:ChargeCore"],"picked":"Guardian:Gem_Cyan","floor":6},{"not_picked":["Guardian:TemporalShield","Guardian:ChargeCore"],"picked":"Guardian:Gem_Red","floor":8},{"not_picked":["Guardian:CrystalBeam","Guardian:BronzeArmor"],"picked":"Guardian:ShieldSpikes","floor":9},{"not_picked":["Guardian:WalkerClaw","Guardian:DecasProtection"],"picked":"Guardian:Gem_Purple","floor":10},{"not_picked":["Guardian:ShieldSpikes","Guardian:Gem_Cyan"],"picked":"Guardian:MultiBeam","floor":11},{"not_picked":["Guardian:Clone","Guardian:Suspension"],"picked":"Guardian:WalkerClaw","floor":12},{"not_picked":["Guardian:TimeCapacitor","Guardian:RefractedBeam"],"picked":"Guardian:ArmoredProtocol","floor":13},{"not_picked":["Guardian:TemporalShield","Guardian:Gem_White"],"picked":"Guardian:Gem_Lightblue","floor":14},{"not_picked":["Guardian:BronzeArmor","Guardian:Planning"],"picked":"Guardian:Gem_Cyan","floor":15},{"not_picked":["Guardian:ConstructionForm","Guardian:TimeSifter"],"picked":"Guardian:Gem_Orange","floor":16},{"not_picked":["Guardian:Incinerate","Guardian:Recover"],"picked":"Guardian:Gem_White","floor":19},{"not_picked":["Guardian:CrystalBeam","Guardian:ShieldSpikes+1"],"picked":"Guardian:VentSteam","floor":21},{"not_picked":["Guardian:TemporalStrike","Guardian:Suspension"],"picked":"Guardian:CrystalBeam","floor":23},{"not_picked":["Guardian:BaubleBeam","Guardian:VentSteam+1"],"picked":"Guardian:PiercingHide","floor":26},{"not_picked":["Guardian:Preprogram","Guardian:Recover+1"],"picked":"Guardian:Suspension","floor":27},{"not_picked":["Guardian:Gem_Cyan","Guardian:ShieldCharger"],"picked":"Guardian:Gem_Green","floor":28},{"not_picked":["Guardian:Gem_Cyan","Guardian:Gem_Fragmented"],"picked":"Guardian:Gem_Green","floor":30},{"not_picked":["Guardian:PrimingBeam","Guardian:ArmoredProtocol"],"picked":"Guardian:Gem_Red","floor":31},{"not_picked":["Guardian:RollAttack","Guardian:Recover+1"],"picked":"Guardian:TemporalShield","floor":32}],"player_experience":2298843,"relics_obtained":[{"floor":4,"key":"Dream Catcher"},{"floor":6,"key":"Runesmith:Nanobots"},{"floor":7,"key":"Bag of Marbles"},{"floor":24,"key":"MealTicket"},{"floor":26,"key":"Simple Rune"},{"floor":30,"key":"PreservedInsect"}],"event_choices":[],"is_beta":false,"boss_relics":[{"not_picked":["SacredBark","hubris:BlackHole"],"picked":"Ring of Chaos"}],"items_purged_floors":[10],"is_endless":false,"potions_floor_spawned":[4,6,8,23,26,30,31],"killed_by":"SI_MIRROR_ARCHETYPE","ascension_level":0}}