{"host":"q8mjpf3krl0t4p3x","time":1613178501,"event":{"mods":["BaseMod","Colored Map","Colored Powertips","Googly Eyes","Minty Spire (QoL Compilation)","Quick Restart","StSLib","everything is the same but u backflip on backflip","slay the spire mod where everything is the same but ironclad has a cowboy hat"],"gold_per_floor":[116,116,128,128,143,178,178,258,304,304,319,348,348,13,13,90,90,100,112,112,37,57,57,74,74,98,98,109,109,121,133,133],"floor_reached":31,"language":"ENG","playtime":720,"items_purged":["Strike_R"],"score":413,"play_id":"61a6cbec-b4b1-4a7e-972d-4b151ece31cf","local_time":"20210212170821","is_ascension_mode":true,"campfire_choices":[{"data":"Wild Strike","floor":7.0,"key":"SMITH"},{"data":"Cleave","floor":10.0,"key":"SMITH"},{"data":"Reckless Charge","floor":13.0,"key":"SMITH"},{"data":"Clothesline","floor":15.0,"key":"SMITH"},{"data":"Pommel Strike","floor":23.0,"key":"SMITH"},{"floor":27.0,"key":"REST"}],"circlet_count":0,"master_deck":["AscendersBane","Strike_R","Strike_R","Strike_R","Strike_R","Defend_R","Defend_R","Defend_R","Defend_R","Bash+1","Pommel Strike+1","Cleave+1","Wild Strike+1","Reckless Charge+1","Clothesline+1","CurseOfTheBell","Anger+1","Hemokinesis+1"],"relics":["Burning Blood","Toy Ornithopter","TungstenRod","MealTicket","Shovel","Torii","Calling Bell","Regal Pillow","Mummified Hand","StoneCalendar","Dream Catcher","MawBank"],"acts_visited":["Exordium","TheCity"],"potions_floor_usage":[],"damage_taken":[{"damage":11.0,"enemies":"2 Louse","floor":1.0,"turns":2.0},{"damage":7.0,"enemies":"Jaw Worm","floor":3.0,"turns":3.0},{"damage":1.0,"enemies":"Cultist","floor":5.0,"turns":3.0},{"damage":50.0,"enemies":"3 Sentries","floor":6.0,"turns":8.0},{"damage":0.0,"enemies":"Large Slime","floor":11.0,"turns":4.0},{"damage":23.0,"enemies":"Lagavulin","floor":12.0,"turns":5.0},{"damage":25.0,"enemies":"Slime Boss","floor":16.0,"turns":10.0},{"damage":29.0,"enemies":"Spheric Guardian","floor":18.0,"turns":5.0},{"damage":15.0,"enemies":"Shell Parasite","floor":19.0,"turns":5.0},{"damage":29.0,"enemies":"Snake Plant","floor":22.0,"turns":4.0},{"damage":16.0,"enemies":"Chosen and Byrds","floor":24.0,"turns":6.0},{"damage":48.0,"enemies":"Centurion and Healer","floor":28.0,"turns":7.0},{"damage":22,"enemies":"Shelled Parasite and Fungi","floor":31,"turns":4}],"seed_played":"-1619659197568312645","potions_obtained":[{"floor":3.0,"key":"ElixirPotion"},{"floor":5.0,"key":"GamblersBrew"},{"floor":12.0,"key":"BlessingOfTheForge"},{"floor":22.0,"key":"SneckoOil"}],"is_trial":false,"path_per_floor":["M","?","M","?","M","E","R","?","T","R","M","E","R","$","R","B",null,"M","M","?","$","M","R","M","?","T","R","M","?","?","M"],"character_chosen":"IRONCLAD","items_purchased":["Torii","Strength Potion"],"campfire_rested":1,"item_purchase_floors":[14,14],"current_hp_per_floor":[70,70,69,69,74,35,35,35,35,35,41,24,24,39,39,30,69,46,37,42,57,34,34,29,29,29,68,26,26,26,4,4],"gold":133,"neow_bonus":"TEN_PERCENT_HP_BONUS","is_daily":false,"chose_seed":false,"campfire_upgraded":5,"win_rate":0.0,"timestamp":1613178501,"path_taken":["M","?","M","?","?","E","R","?","T","R","M","E","R","$","R","BOSS","M","M","?","?","M","R","?","?","T","R","M","?","?","M"],"items_purchased_type":["Relic","Potion"],"build_version":"2020-12-22","purchased_purges":1,"victory":false,"max_hp_per_floor":[82,82,82,82,82,82,82,82,82,82,82,82,82,82,82,82,82,82,82,82,82,82,82,82,82,82,82,82,82,82,82,82],"card_choices":[{"not_picked":["Body Slam","Warcry","Havoc"],"picked":"SKIP","floor":1.0},{"not_picked":["Thunderclap","Carnage"],"picked":"Pommel Strike","floor":3.0},{"not_picked":["Reckless Charge","Anger"],"picked":"Cleave","floor":5.0},{"not_picked":["Perfected Strike","Clash"],"picked":"Wild Strike","floor":6.0},{"not_picked":["Blood for Blood","Twin Strike"],"picked":"Reckless Charge","floor":11.0},{"not_picked":["Offering","Iron Wave"],"picked":"Clothesline","floor":12.0},{"not_picked":["Sword Boomerang","Spot Weakness","Heavy Blade"],"picked":"SKIP","floor":18.0},{"not_picked":["Battle Trance","Flex"],"picked":"True Grit","floor":19.0},{"not_picked":["True Grit","Thunderclap"],"picked":"Anger+1","floor":22.0},{"not_picked":["Heavy Blade","Limit Break","Clothesline"],"picked":"SKIP","floor":24.0},{"not_picked":["Carnage+1","Clash+1"],"picked":"Hemokinesis+1","floor":28.0}],"player_experience":347289,"relics_obtained":[{"floor":6.0,"key":"TungstenRod"},{"floor":9.0,"key":"MealTicket"},{"floor":12.0,"key":"Shovel"},{"floor":17.0,"key":"Regal Pillow"},{"floor":17.0,"key":"Mummified Hand"},{"floor":17.0,"key":"StoneCalendar"},{"floor":26.0,"key":"Dream Catcher"}],"event_choices":[{"damage_healed":0.0,"max_hp_gain":0.0,"max_hp_loss":0.0,"gold_gain":0.0,"event_name":"Living Wall","player_choice":"Grow","floor":2.0,"gold_loss":0.0,"damage_taken":0.0,"cards_upgraded":["Bash"]},{"damage_healed":0.0,"max_hp_gain":0.0,"max_hp_loss":0.0,"gold_gain":0.0,"event_name":"WeMeetAgain","player_choice":"Gave Potion","floor":4.0,"gold_loss":0.0,"damage_taken":0.0,"relics_obtained":["Toy Ornithopter"]},{"damage_healed":0.0,"max_hp_gain":0.0,"max_hp_loss":0.0,"gold_gain":80.0,"event_name":"Golden Wing","player_choice":"Gained Gold","floor":8.0,"gold_loss":0.0,"damage_taken":0.0},{"cards_removed":["True Grit"],"damage_healed":5.0,"max_hp_gain":0.0,"max_hp_loss":0.0,"gold_gain":0.0,"event_name":"Bonfire Elementals","player_choice":"Offered Common","floor":20.0,"gold_loss":0.0,"damage_taken":0.0},{"cards_removed":["True Grit"],"damage_healed":5.0,"max_hp_gain":0.0,"max_hp_loss":0.0,"gold_gain":0.0,"event_name":"Bonfire Elementals","player_choice":"Offered Special","floor":20.0,"gold_loss":0.0,"damage_taken":0.0},{"damage_healed":0.0,"max_hp_gain":0.0,"max_hp_loss":0.0,"gold_gain":0.0,"event_name":"The Mausoleum","player_choice":"Opened","floor":29.0,"gold_loss":0.0,"damage_taken":0.0,"relics_obtained":["MawBank"]},{"damage_healed":0.0,"max_hp_gain":0.0,"max_hp_loss":0.0,"gold_gain":0.0,"event_name":"Vampires","player_choice":"Ignored","floor":30.0,"gold_loss":0.0,"damage_taken":0.0}],"is_beta":false,"boss_relics":[{"not_picked":["Velvet Choker","Pandora\u0027s Box"],"picked":"Calling Bell"}],"items_purged_floors":[21],"is_endless":false,"potions_floor_spawned":[3,5,12,22],"killed_by":"Shelled Parasite and Fungi","ascension_level":14}}