{"host":"6xnetdfutjfdr70g","time":1613238576,"event":{"mods":["BaseMod","Colored Powertips","Highlight Path","Minty Spire (QoL Compilation)","Relic Stats"],"gold_per_floor":[17,35,52,6,20,20,20,20,20,35,59,59,59],"floor_reached":12,"language":"ENG","playtime":471,"items_purged":[],"score":119,"play_id":"be46d732-8f9b-40a0-904a-0b3d2a1790a3","local_time":"20210213114936","is_ascension_mode":true,"campfire_choices":[{"floor":6.0,"key":"REST"},{"data":"Zap","floor":8.0,"key":"SMITH"}],"circlet_count":0,"master_deck":["AscendersBane","Strike_B","Strike_B","Strike_B","Strike_B","Defend_B","Defend_B","Defend_B","Defend_B","Zap+1","Dualcast","Fission+1","Skim","Compile Driver","Coolheaded","Gash","White Noise","Turbo"],"relics":["Cracked Core","Darkstone Periapt","Regal Pillow"],"acts_visited":["Exordium"],"potions_floor_usage":[12,12],"damage_taken":[{"damage":0.0,"enemies":"Cultist","floor":1.0,"turns":3.0},{"damage":7.0,"enemies":"Small Slimes","floor":2.0,"turns":3.0},{"damage":9.0,"enemies":"Jaw Worm","floor":3.0,"turns":3.0},{"damage":29.0,"enemies":"Lots of Slimes","floor":5.0,"turns":5.0},{"damage":4.0,"enemies":"Looter","floor":10.0,"turns":3.0},{"damage":52,"enemies":"Gremlin Nob","floor":12,"turns":4}],"seed_played":"-8837311583043482796","potions_obtained":[{"floor":1.0,"key":"ColorlessPotion"},{"floor":2.0,"key":"CultistPotion"}],"is_trial":false,"path_per_floor":["M","M","M","$","M","R","?","R","T","M","T","E"],"character_chosen":"DEFECT","items_purchased":["Gash"],"campfire_rested":1,"item_purchase_floors":[4],"current_hp_per_floor":[64,57,48,48,19,40,40,40,40,36,36,0,0],"gold":59,"neow_bonus":"THREE_RARE_CARDS","is_daily":false,"chose_seed":false,"campfire_upgraded":1,"win_rate":0.0,"timestamp":1613238576,"path_taken":["M","M","M","?","M","R","?","R","T","?","?","E"],"items_purchased_type":["Card"],"build_version":"2020-12-22","purchased_purges":0,"victory":false,"max_hp_per_floor":[71,71,71,71,71,71,71,71,71,71,71,71,71],"relic_stats":{"Darkstone Periapt":0,"Regal Pillow":0,"counters":[6,21],"obtain_stats":[{"Darkstone Periapt":9,"Regal Pillow":11,"Cracked Core":0},{"Darkstone Periapt":4,"Regal Pillow":5,"Cracked Core":0},{"Darkstone Periapt":14,"Regal Pillow":17,"Cracked Core":0}]},"card_choices":[{"not_picked":["Thunder Strike","All For One"],"picked":"Fission","floor":0.0},{"not_picked":["BootSequence","Tempest"],"picked":"Skim","floor":1.0},{"not_picked":["Rebound","Stack"],"picked":"Compile Driver","floor":2.0},{"not_picked":["Cold Snap","Double Energy"],"picked":"Coolheaded","floor":3.0},{"not_picked":["Streamline","Redo"],"picked":"White Noise","floor":5.0},{"not_picked":["Force Field","Hologram"],"picked":"Turbo","floor":10.0}],"player_experience":457232,"relics_obtained":[{"floor":9.0,"key":"Darkstone Periapt"},{"floor":11.0,"key":"Regal Pillow"}],"event_choices":[{"damage_healed":0.0,"max_hp_gain":0.0,"max_hp_loss":0.0,"gold_gain":0.0,"event_name":"Upgrade Shrine","player_choice":"Upgraded","floor":7.0,"gold_loss":0.0,"damage_taken":0.0,"cards_upgraded":["Fission"]}],"is_beta":false,"boss_relics":[],"items_purged_floors":[],"is_endless":false,"potions_floor_spawned":[1,2,5],"killed_by":"Gremlin Nob","ascension_level":14}}