{"host":"gfxjwtol062e9znw","time":1613208443,"event":{"mods":["BaseMod","Colored Map","Minty Spire (QoL Compilation)","Rare Cards Sparkle","StSLib"],"gold_per_floor":[112,126,91,91,104,104,135,147,171,185,185,185,185,220,220,316,316,335,345,345,270,285,285,320,337,364,374,374,386,399,417,417,417,417],"floor_reached":33,"language":"ENG","playtime":1404,"items_purged":[],"score":432,"play_id":"867f715e-33bf-4a3f-a296-4d8a8c9f2831","local_time":"20210213202723","is_ascension_mode":true,"campfire_choices":[{"floor":6.0,"key":"REST"},{"floor":11,"key":"REST"},{"data":"Neutralize","floor":13,"key":"SMITH"},{"floor":15,"key":"REST"},{"floor":23,"key":"REST"},{"floor":28,"key":"REST"},{"floor":32,"key":"REST"}],"circlet_count":0,"master_deck":["Strike_G","Strike_G","Strike_G","Strike_G","Defend_G","Defend_G","Defend_G","Survivor","Neutralize+1","Eviscerate","All Out Attack","Dodge and Roll","Flying Knee","Dagger Throw","Sucker Punch","Choke+1","Dagger Spray+1","Slice+1","Cloak And Dagger","Finisher+1","Escape Plan","Adrenaline","Footwork","Cloak And Dagger","Glass Knife+1","Crippling Poison","Backstab+1","Deflect+1","Quick Slash+1","Heel Hook+1","PiercingWail+1","Poisoned Stab+1","Prepared","Well Laid Plans","Calculated Gamble","Deflect","Die Die Die+1"],"relics":["Ring of the Snake","Prayer Wheel","Molten Egg 2","Toy Ornithopter","Bronze Scales","Black Star","Orichalcum","Bag of Preparation","Smiling Mask"],"acts_visited":["Exordium","TheCity"],"potions_floor_usage":[14,25,25,27,31,33],"damage_taken":[{"damage":1.0,"enemies":"Jaw Worm","floor":1.0,"turns":3.0},{"damage":0.0,"enemies":"Small Slimes","floor":2.0,"turns":2.0},{"damage":6.0,"enemies":"2 Louse","floor":5.0,"turns":2.0},{"damage":45.0,"enemies":"Lagavulin","floor":7.0,"turns":7.0},{"damage":0.0,"enemies":"Large Slime","floor":8.0,"turns":4.0},{"damage":8,"enemies":"Blue Slaver","floor":10,"turns":2},{"damage":12,"enemies":"Gremlin Nob","floor":14,"turns":4},{"damage":44,"enemies":"Hexaghost","floor":16,"turns":10},{"damage":1,"enemies":"3 Byrds","floor":18,"turns":3},{"damage":7,"enemies":"Spheric Guardian","floor":19,"turns":4},{"damage":16,"enemies":"Snecko","floor":22,"turns":4},{"damage":30,"enemies":"Gremlin Leader","floor":24,"turns":7},{"damage":3,"enemies":"Sentry and Sphere","floor":25,"turns":3},{"damage":13,"enemies":"Centurion and Healer","floor":27,"turns":4},{"damage":7,"enemies":"Snecko","floor":29,"turns":4},{"damage":30,"enemies":"Snake Plant","floor":30,"turns":4},{"damage":11,"enemies":"Cultist and Chosen","floor":31,"turns":5},{"damage":29,"enemies":"Collector","floor":33,"turns":8}],"seed_played":"-2733450747974512544","potions_obtained":[{"floor":2.0,"key":"Energy Potion"},{"floor":8.0,"key":"Fire Potion"},{"floor":10,"key":"Swift Potion"},{"floor":16,"key":"Ancient Potion"},{"floor":18,"key":"Poison Potion"},{"floor":25,"key":"LiquidMemories"},{"floor":30,"key":"CunningPotion"}],"is_trial":false,"path_per_floor":["M","M","?","T","M","R","E","M","T","M","R","?","R","E","R","B",null,"M","M","?","?","M","R","E","M","T","M","R","M","M","M","R","B"],"character_chosen":"THE_SILENT","items_purchased":[],"campfire_rested":6,"item_purchase_floors":[],"current_hp_per_floor":[44,44,61,61,55,70,25,25,25,17,38,61,61,54,70,26,59,58,51,51,51,35,56,26,33,33,25,46,39,9,3,24,0,0],"gold":417,"neow_bonus":"TRANSFORM_TWO_CARDS","is_daily":false,"chose_seed":false,"campfire_upgraded":1,"win_rate":0.0,"timestamp":1613208443,"path_taken":["M","M","?","?","M","R","E","M","T","M","R","?","R","E","R","BOSS","M","M","?","?","M","R","E","?","T","M","R","M","M","M","R","BOSS"],"items_purchased_type":[],"build_version":"2020-12-22","purchased_purges":0,"victory":false,"max_hp_per_floor":[70,70,70,70,70,70,70,70,70,70,70,70,70,70,70,70,70,70,70,70,70,70,70,70,70,70,70,70,70,70,70,70,70,70],"card_choices":[{"not_picked":["Bane","Backflip"],"picked":"Dodge and Roll","floor":1.0},{"not_picked":["Dodge and Roll","Endless Agony"],"picked":"Flying Knee","floor":2.0},{"not_picked":["Endless Agony","Outmaneuver"],"picked":"Dagger Throw","floor":5.0},{"not_picked":["Sucker Punch","Backflip","Riddle With Holes"],"picked":"SKIP","floor":5.0},{"not_picked":["Backflip","Riddle With Holes"],"picked":"Sucker Punch","floor":5.0},{"not_picked":["Distraction","Endless Agony+1"],"picked":"Choke+1","floor":7.0},{"not_picked":["Flying Knee+1","Blur"],"picked":"Dagger Spray+1","floor":8.0},{"not_picked":["Acrobatics","Flechettes+1"],"picked":"Slice+1","floor":8.0},{"not_picked":["Backflip","PiercingWail"],"picked":"Cloak And Dagger","floor":10},{"not_picked":["Blade Dance","Calculated Gamble"],"picked":"Finisher+1","floor":10},{"not_picked":["Catalyst","Sucker Punch+1"],"picked":"Escape Plan","floor":14},{"not_picked":["After Image","Envenom"],"picked":"Adrenaline","floor":16},{"not_picked":["Distraction+1","Slice+1"],"picked":"Footwork","floor":18},{"not_picked":["Underhanded Strike+1","Deadly Poison+1"],"picked":"Cloak And Dagger","floor":18},{"not_picked":["Backflip+1","Deflect"],"picked":"Glass Knife+1","floor":19},{"not_picked":["Predator+1","Dagger Throw+1"],"picked":"Crippling Poison","floor":19},{"not_picked":["Concentrate","Dagger Throw+1"],"picked":"Deflect+1","floor":22},{"not_picked":["Outmaneuver","Masterful Stab+1"],"picked":"Quick Slash+1","floor":22},{"not_picked":["Acrobatics+1","Prepared"],"picked":"Heel Hook+1","floor":24},{"not_picked":["Infinite Blades","Envenom"],"picked":"PiercingWail+1","floor":25},{"not_picked":["Quick Slash+1","Outmaneuver"],"picked":"Poisoned Stab+1","floor":25},{"not_picked":["Blur","Terror"],"picked":"Prepared","floor":27},{"not_picked":["Well Laid Plans","Riddle With Holes+1","Prepared"],"picked":"SKIP","floor":27},{"not_picked":["Riddle With Holes+1","Prepared"],"picked":"Well Laid Plans","floor":27},{"not_picked":["Outmaneuver","Dagger Throw+1"],"picked":"Calculated Gamble","floor":29},{"not_picked":["Quick Slash+1","Accuracy+1"],"picked":"Deflect","floor":29},{"not_picked":["Masterful Stab+1","Poisoned Stab+1","Bane+1"],"picked":"SKIP","floor":30},{"not_picked":["Tactician+1","Heel Hook+1","Reflex+1"],"picked":"SKIP","floor":30},{"not_picked":["Choke+1","Riddle With Holes+1"],"picked":"Die Die Die+1","floor":31},{"not_picked":["Outmaneuver","Quick Slash+1","Tactician"],"picked":"SKIP","floor":31}],"player_experience":165257,"relics_obtained":[{"floor":4.0,"key":"Prayer Wheel"},{"floor":7.0,"key":"Molten Egg 2"},{"floor":9.0,"key":"Toy Ornithopter"},{"floor":14,"key":"Bronze Scales"},{"floor":24,"key":"Orichalcum"},{"floor":24,"key":"Bag of Preparation"},{"floor":26,"key":"Smiling Mask"}],"event_choices":[{"damage_healed":17.0,"max_hp_gain":0.0,"max_hp_loss":0.0,"gold_gain":0.0,"event_name":"The Cleric","player_choice":"Healed","floor":3.0,"gold_loss":35.0,"damage_taken":0.0},{"damage_healed":23,"gold_gain":0,"player_choice":"Banana","damage_taken":0,"max_hp_gain":0,"max_hp_loss":0,"event_name":"Big Fish","floor":12,"gold_loss":0},{"damage_healed":0,"gold_gain":0,"player_choice":"Read","damage_taken":0,"max_hp_gain":0,"max_hp_loss":0,"event_name":"The Library","floor":20,"gold_loss":0,"cards_obtained":["Backstab"]},{"cards_removed":["Defend_G"],"damage_healed":0,"gold_gain":0,"player_choice":"Gave Gold","damage_taken":0,"max_hp_gain":0,"max_hp_loss":0,"event_name":"Beggar","floor":21,"gold_loss":75}],"is_beta":false,"boss_relics":[{"not_picked":["Snecko Eye","Empty Cage"],"picked":"Black Star"}],"items_purged_floors":[],"is_endless":false,"potions_floor_spawned":[2,8,10,16,18,25,30],"killed_by":"Collector","ascension_level":9}}