{"host":"b1k9tvirjqaexfiq","time":1613200191,"event":{"mods":["AchievementEnabler","BaseMod","Bestiary","Better Third Choice","Colored Powertips","Conspire","Curses Come First","Energized Spire","Filter the Spire","Hubris","Infinite Spire","Marisa????????","Minty Spire (QoL Compilation)","Permanent Neow","Quick Restart","Rare Cards Sparkle","Reliquary","Replay The Spire","Shop Mod","StSLib","The Animator","The Bug Knight","The Marked","The Servant 0.9.4","The Wild Card","Waifu the Spire","??????REMEMod"],"gold_per_floor":[115,65,84,84,49,76,93,121,121,133,152,152,30,43,43,147,147,159,4,22,33,48,74,74,102,102,102,102,102,127,140,140,242,242,262,262,278,292,319,137,171,171,171,26,54,54,69,69,69,69,69,15,42,42,42],"floor_reached":55,"language":"ENG","playtime":2742,"items_purged":["Bash"],"score":918,"play_id":"b5ab7ce4-2bfe-4f17-98fb-0547be6fc613","local_time":"20210213010951","is_ascension_mode":true,"campfire_choices":[{"data":"Dual Wield","floor":12.0,"key":"SMITH"},{"floor":15.0,"key":"REST"},{"floor":27.0,"key":"REST"},{"data":"HollowMod:MantisMark","floor":29.0,"key":"SMITH"},{"floor":32.0,"key":"REST"},{"data":"Fiend Fire","floor":44.0,"key":"SMITH"},{"data":"REME_ACTH","floor":47.0,"key":"SMITH"},{"floor":49.0,"key":"RECALL"},{"data":"Inflame","floor":52.0,"key":"SMITH"}],"circlet_count":0,"master_deck":["Strike_R","Strike_R","Strike_R","Strike_R+1","Defend_R","Defend_R","Defend_R+2","Defend_R","HollowMod:MantisMark+1","Thunderclap","Heavy Blade","Apotheosis+1","Inflame+1","Fiend Fire+1","Clash","Dual Wield+1","Flex","hubris:ReadiedAction","Offering+1","Shockwave","Sword Boomerang","Uppercut","Replay:Undeath\u0027s Touch","Run Through+1","Twin Strike","Replay:Undeath\u0027s Touch","Dark Embrace+1","conspire:HitWhereItHurts","Flex+1","Bloodletting","REME_Cut+1","Heavy Blade","Spot Weakness","Clash","REME_ACTH+1","conspire:Charge+1","Infernal Blade","Flex","Dual Wield+1"],"relics":["Burning Blood","REME_ComplimentaryCards","Replay:Wax Seal","Champion Belt","Replay:Baseball","HollowMod:PaleOreRelic","Ring of Chaos","Simple Rune","Torii","Replay:Lucky Slots","hubris:Teleporter","hubris:Reverence","War Paint","hubris:ScarierMask","Replay:Rubber Ducky","reliquary:TridentHead","DollysMirror","hubris:PeanutButter","Replay:Ringing Soul","hubris:CuriousFeather"],"acts_visited":["Exordium","TheCity","TheBeyond","TheEnding"],"potions_floor_usage":[],"damage_taken":[{"damage":0.0,"enemies":"Small Slimes","floor":1.0,"turns":3.0},{"damage":6.0,"enemies":"Jaw Worm","floor":3.0,"turns":4.0},{"damage":2.0,"enemies":"Lagavulin","floor":6.0,"turns":4.0},{"damage":6.0,"enemies":"Cultist","floor":7.0,"turns":3.0},{"damage":33.0,"enemies":"3 Sentries","floor":8.0,"turns":7.0},{"damage":10.0,"enemies":"Exordium Wildlife","floor":10.0,"turns":3.0},{"damage":4.0,"enemies":"3 Louse","floor":11.0,"turns":2.0},{"damage":2.0,"enemies":"Lots of Slimes","floor":14.0,"turns":2.0},{"damage":0.0,"enemies":"Slime Boss","floor":16.0,"turns":5.0},{"damage":5.0,"enemies":"Chosen","floor":18.0,"turns":3.0},{"damage":6.0,"enemies":"Spheric Guardian","floor":20.0,"turns":2.0},{"damage":16.0,"enemies":"Centurion and Healer","floor":21.0,"turns":4.0},{"damage":8.0,"enemies":"Shelled Parasite and Fungi","floor":22.0,"turns":3.0},{"damage":15.0,"enemies":"Replay:Snechameleon","floor":23.0,"turns":3.0},{"damage":12.0,"enemies":"HollowMod:Nosk","floor":25.0,"turns":5.0},{"damage":15.0,"enemies":"conspire:Head Lice","floor":30.0,"turns":4.0},{"damage":10.0,"enemies":"Sentry and Sphere","floor":31.0,"turns":3.0},{"damage":43.0,"enemies":"Automaton","floor":33.0,"turns":7.0},{"damage":17.0,"enemies":"Orb Walker","floor":35.0,"turns":3.0},{"damage":6.0,"enemies":"3 Darklings","floor":38.0,"turns":3.0},{"damage":6.0,"enemies":"Spire Growth","floor":39.0,"turns":1.0},{"damage":13.0,"enemies":"Giant Head","floor":40.0,"turns":5.0},{"damage":10.0,"enemies":"Reptomancer","floor":42.0,"turns":2.0},{"damage":6.0,"enemies":"Giant Head","floor":46.0,"turns":4.0},{"damage":1.0,"enemies":"Writhing Mass","floor":48.0,"turns":2.0},{"damage":40.0,"enemies":"hubris:GrandSnecko","floor":50.0,"turns":8.0},{"damage":33.0,"enemies":"Shield and Spear","floor":54.0,"turns":3.0},{"damage":72,"enemies":"The Heart","floor":55,"turns":3}],"seed_played":"-5220701207659603661","potions_obtained":[{"floor":1.0,"key":"REME_GoldPotion"},{"floor":11.0,"key":"Toxic Potion"},{"floor":16.0,"key":"Block Potion"},{"floor":18.0,"key":"REME_GoldPotion"},{"floor":20.0,"key":"Swift Potion"},{"floor":23.0,"key":"Weak Potion"},{"floor":33.0,"key":"SpeedPotion"},{"floor":35.0,"key":"BlessingOfTheForge"},{"floor":39.0,"key":"SteroidPotion"}],"is_trial":false,"path_per_floor":["M","?","M","?","$","E","M","E","T","M","M","R","$","M","R","B",null,"M","$","M","M","M","E","AVR","E","T","R","?","R","E","M","R","B",null,"M","?","M","M","E","$","E","T","R","$","E","R","M","R","B",null,"R","$","E","B"],"character_chosen":"IRONCLAD","items_purchased":["Inflame","Flex","Simple Rune","DollysMirror","Spot Weakness","REME_ACTH","Flex"],"campfire_rested":3,"item_purchase_floors":[5,13,19,41,41,45,53],"current_hp_per_floor":[80,80,80,80,80,80,80,53,53,49,51,51,51,55,79,80,80,80,80,80,70,68,59,59,53,53,77,61,61,52,48,72,35,80,69,69,69,69,62,62,58,58,58,58,61,61,69,69,35,86,86,89,65,0,0],"gold":42,"neow_bonus":"RANDOM_COMMON_RELIC","is_daily":false,"chose_seed":false,"campfire_upgraded":5,"win_rate":0.0,"timestamp":1613200191,"path_taken":["M","?","M","?","$","E","M","E","T","?","M","R","$","M","R","BOSS","M","$","M","M","M","E","AVR","E","T","R","?","R","E","M","R","BOSS","M","?","?","M","E","$","E","T","R","$","E","R","M","R","BOSS","R","$","E","BOSS"],"items_purchased_type":["Card","Card","Relic","Relic","Card","Card","Card"],"build_version":"2020-12-22","purchased_purges":1,"victory":false,"max_hp_per_floor":[80,80,80,80,80,80,80,80,80,80,80,80,80,80,80,80,80,80,80,80,80,80,80,80,80,80,80,80,80,80,80,80,80,80,80,80,80,80,80,80,80,80,80,80,83,83,86,86,86,86,86,89,92,92,92],"card_choices":[{"not_picked":["Clothesline","Heavy Blade"],"picked":"Thunderclap","floor":1.0},{"not_picked":["ReplayTheSpireMod:Stacked","Ghostly Armor"],"picked":"Heavy Blade","floor":3.0},{"not_picked":["Anger","Replay:Many Hands"],"picked":"Fiend Fire","floor":6.0},{"not_picked":["Feel No Pain","Clothesline","ReplayTheSpireMod:Strike From Hell"],"picked":"SKIP","floor":7.0},{"not_picked":["Clothesline","ReplayTheSpireMod:Strike From Hell","Uppercut"],"picked":"SKIP","floor":8.0},{"not_picked":["Body Slam","Run Through"],"picked":"Clash","floor":10.0},{"not_picked":["Clash","ReplayTheSpireMod:Strike From Hell"],"picked":"Dual Wield","floor":11.0},{"not_picked":["hubris:SharpeningStone","Pommel Strike"],"picked":"hubris:ReadiedAction","floor":14.0},{"not_picked":["Demonic Infusion","REME_Fury"],"picked":"Offering","floor":16.0},{"not_picked":["Armaments","conspire:ExplosiveBarrier"],"picked":"Shockwave","floor":18.0},{"not_picked":["hubris:ReadiedAction+1","ReplayReversal"],"picked":"Sword Boomerang","floor":20.0},{"not_picked":["ReplayTheSpireMod:Stacked","ReplayReversal+1"],"picked":"Uppercut","floor":21.0},{"not_picked":["ReplayReversal+1","hubris:ReadiedAction+1"],"picked":"Replay:Undeath\u0027s Touch","floor":22.0},{"not_picked":["Shrug It Off","Shockwave"],"picked":"Run Through+1","floor":23.0},{"not_picked":["hubris:ReadiedAction+1","Sword Boomerang"],"picked":"Twin Strike","floor":25.0},{"not_picked":["Warcry","Flex"],"picked":"Replay:Undeath\u0027s Touch","floor":30.0},{"not_picked":["Warcry","hubris:SharpeningStone+1"],"picked":"Dark Embrace+1","floor":31.0},{"not_picked":["Offering","hubris:StunningStrike"],"picked":"conspire:HitWhereItHurts","floor":33.0},{"not_picked":["Intimidate","Armaments","Run Through+1"],"picked":"SKIP","floor":35.0},{"not_picked":["hubris:ReadiedAction+1","Replay:Undeath\u0027s Touch"],"picked":"Flex+1","floor":38.0},{"not_picked":["Sword Boomerang","Perfected Strike+1"],"picked":"Bloodletting","floor":39.0},{"not_picked":["Searing Blow+1","Headbutt"],"picked":"REME_Cut+1","floor":40.0},{"not_picked":["REME_SingleHolding+1","Headbutt"],"picked":"Clash","floor":42.0},{"not_picked":["Barricade","Hemokinesis"],"picked":"conspire:Charge+1","floor":46.0},{"not_picked":["Warcry","ReplayTheSpireMod:Strike From Hell+1"],"picked":"Infernal Blade","floor":48.0},{"not_picked":["Shrug It Off","Uppercut+1"],"picked":"Dual Wield+1","floor":54.0}],"player_experience":65789,"relics_obtained":[{"floor":6.0,"key":"Champion Belt"},{"floor":8.0,"key":"Replay:Baseball"},{"floor":9.0,"key":"HollowMod:PaleOreRelic"},{"floor":23.0,"key":"Torii"},{"floor":25.0,"key":"hubris:Teleporter"},{"floor":26.0,"key":"hubris:Reverence"},{"floor":30.0,"key":"War Paint"},{"floor":40.0,"key":"reliquary:TridentHead"},{"floor":42.0,"key":"hubris:PeanutButter"},{"floor":46.0,"key":"Replay:Ringing Soul"},{"floor":54.0,"key":"hubris:CuriousFeather"}],"event_choices":[{"cards_removed":["Strike_R"],"damage_healed":0.0,"max_hp_gain":0.0,"max_hp_loss":0.0,"gold_gain":0.0,"event_name":"The Cleric","player_choice":"Card Removal","floor":2.0,"gold_loss":50.0,"damage_taken":0.0},{"damage_healed":80.0,"max_hp_gain":0.0,"max_hp_loss":80.0,"gold_gain":0.0,"event_name":"betterThird:BetterShining","player_choice":"Embrace","floor":4.0,"gold_loss":0.0,"damage_taken":0.0},{"damage_healed":0.0,"max_hp_gain":0.0,"max_hp_loss":0.0,"gold_gain":0.0,"event_name":"Cursed Tome","player_choice":"Obtained Book","floor":28.0,"gold_loss":0.0,"damage_taken":16.0},{"damage_healed":0.0,"max_hp_gain":0.0,"max_hp_loss":0.0,"gold_gain":0.0,"event_name":"WeMeetAgain","player_choice":"Gave Potion","floor":37.0,"gold_loss":0.0,"damage_taken":0.0,"relics_obtained":["Replay:Rubber Ducky"]}],"is_beta":false,"boss_relics":[{"not_picked":["reliquary:RedCape","reliquary:RedPaperclip"],"picked":"Ring of Chaos"},{"not_picked":["Calling Bell","conspire:RunicOctahedron"],"picked":"hubris:ScarierMask"}],"items_purged_floors":[13],"is_endless":false,"potions_floor_spawned":[1,11,16,18,20,23,33,35,39],"killed_by":"The Heart","ascension_level":1}}