{"host":"8ztb9kwpjc2zof9s","time":1613209338,"event":{"mods":["BaseMod","Block Reminder","Curses Come First","Minty Spire (QoL Compilation)","Relic Stats","StSLib"],"gold_per_floor":[115,134,84,84,9,39,39,59,86,98,118,130,6,23,23,128,128,143,155,165,165,37,37,37],"floor_reached":23,"language":"ENG","playtime":764,"items_purged":["Defend_G","Strike_G","Strike_G"],"score":341,"play_id":"76bdd927-78c2-4f42-bb54-712304ea1b9f","local_time":"20210213014218","is_ascension_mode":true,"campfire_choices":[{"data":"Neutralize","floor":7.0,"key":"SMITH"},{"floor":15,"key":"REST"}],"circlet_count":0,"master_deck":["AscendersBane","Strike_G","Strike_G","Defend_G","Defend_G","Defend_G","Defend_G","Survivor","Neutralize+1","Blade Dance","Noxious Fumes","Blur","Infinite Blades","PiercingWail","Cloak And Dagger","Cloak And Dagger+1","Slice","Accuracy"],"relics":["Ring of the Snake","NeowsBlessing","Eternal Feather","Nunchaku","Smiling Mask","WristBlade"],"acts_visited":["Exordium","TheCity"],"potions_floor_usage":[12,16,18,23],"damage_taken":[{"damage":0.0,"enemies":"Cultist","floor":1.0,"turns":1.0},{"damage":0.0,"enemies":"Small Slimes","floor":2.0,"turns":1.0},{"damage":0.0,"enemies":"3 Sentries","floor":6.0,"turns":1.0},{"damage":7.0,"enemies":"Jaw Worm","floor":8.0,"turns":5.0},{"damage":17.0,"enemies":"Exordium Wildlife","floor":10.0,"turns":6.0},{"damage":3.0,"enemies":"2 Fungi Beasts","floor":11.0,"turns":4.0},{"damage":22,"enemies":"Gremlin Gang","floor":12,"turns":5},{"damage":0,"enemies":"Looter","floor":14,"turns":4},{"damage":40,"enemies":"Slime Boss","floor":16,"turns":13},{"damage":20,"enemies":"3 Byrds","floor":18,"turns":6},{"damage":0,"enemies":"Chosen","floor":19,"turns":4},{"damage":8,"enemies":"Snake Plant","floor":20,"turns":6},{"damage":15,"enemies":"Book of Stabbing","floor":23,"turns":5}],"seed_played":"-8575894300716689722","potions_obtained":[{"floor":2.0,"key":"Weak Potion"},{"floor":6.0,"key":"DuplicationPotion"},{"floor":12,"key":"DuplicationPotion"},{"floor":19,"key":"PowerPotion"}],"is_trial":false,"path_per_floor":["M","M","?","T","$","E","R","M","T","M","M","M","$","M","R","B",null,"M","M","M","?","$","E"],"character_chosen":"THE_SILENT","items_purchased":["Infinite Blades","Accuracy"],"campfire_rested":1,"item_purchase_floors":[13,22],"current_hp_per_floor":[63,63,63,63,63,63,69,62,62,45,42,20,20,20,50,10,55,35,35,27,14,14,0,0],"gold":37,"neow_bonus":"THREE_ENEMY_KILL","is_daily":false,"chose_seed":false,"campfire_upgraded":1,"win_rate":0.0,"timestamp":1613209338,"path_taken":["M","?","?","?","?","E","R","M","T","M","M","M","$","M","R","BOSS","M","M","M","?","$","E"],"items_purchased_type":["Card","Card"],"build_version":"2020-12-22","purchased_purges":3,"victory":false,"max_hp_per_floor":[70,70,70,70,70,70,70,70,70,70,70,70,70,70,70,70,70,70,70,70,75,75,75,75],"relic_stats":{"Nunchaku":[15],"counters":[13,61],"Eternal Feather":15,"Smiling Mask":125,"obtain_stats":[{"Nunchaku":6,"NeowsBlessing":0,"WristBlade":17,"Eternal Feather":4,"Smiling Mask":9,"Ring of the Snake":0},{"Nunchaku":3,"NeowsBlessing":0,"WristBlade":9,"Eternal Feather":2,"Smiling Mask":4,"Ring of the Snake":0},{"Nunchaku":3,"NeowsBlessing":0,"WristBlade":40,"Eternal Feather":2,"Smiling Mask":8,"Ring of the Snake":0}],"Ring of the Snake":[26]},"card_choices":[{"not_picked":["Bane","Slice","Riddle With Holes"],"picked":"SKIP","floor":1.0},{"not_picked":["Riddle With Holes","Dagger Throw","Sucker Punch"],"picked":"SKIP","floor":2.0},{"not_picked":["Bane","Quick Slash","Deflect"],"picked":"SKIP","floor":6.0},{"not_picked":["Cloak And Dagger","Bane"],"picked":"Blade Dance","floor":8.0},{"not_picked":["Finisher","Deflect"],"picked":"Noxious Fumes","floor":10.0},{"not_picked":["Terror","Flechettes"],"picked":"Blur","floor":11.0},{"not_picked":["Dagger Throw","Outmaneuver","All Out Attack"],"picked":"SKIP","floor":12},{"not_picked":["Flechettes","Acrobatics"],"picked":"PiercingWail","floor":14},{"not_picked":["PiercingWail","All Out Attack"],"picked":"Cloak And Dagger","floor":18},{"not_picked":["Prepared","Quick Slash"],"picked":"Cloak And Dagger+1","floor":19},{"not_picked":["Poisoned Stab","Deadly Poison"],"picked":"Slice","floor":20}],"player_experience":320170,"relics_obtained":[{"floor":4.0,"key":"Eternal Feather"},{"floor":6.0,"key":"Nunchaku"},{"floor":9.0,"key":"Smiling Mask"}],"event_choices":[{"cards_removed":["Strike_G"],"damage_healed":0.0,"max_hp_gain":0.0,"max_hp_loss":0.0,"gold_gain":0.0,"event_name":"The Cleric","player_choice":"Card Removal","floor":3.0,"gold_loss":50.0,"damage_taken":0.0},{"damage_healed":0,"gold_gain":0,"player_choice":"Shed Blood","damage_taken":18,"max_hp_gain":5,"max_hp_loss":0,"event_name":"Forgotten Altar","floor":21,"gold_loss":0}],"is_beta":false,"boss_relics":[{"not_picked":["Busted Crown","Snecko Eye"],"picked":"WristBlade"}],"items_purged_floors":[5,13,22],"is_endless":false,"potions_floor_spawned":[2,6,12,19],"killed_by":"Book of Stabbing","ascension_level":11}}