{"host":"wigzp3lx6ef0oefy","time":1613240114,"event":{"mods":["AchievementEnabler","BaseMod","Card Forge","Colored Map","Colored Powertips","GifTheSpireLib","HexUI Lib","Highlight Path","Minty Spire (QoL Compilation)","Permanent Neow","Quick Restart","Shop Mod","StSLib","Weighted Paths"],"gold_per_floor":[109,40,52,52,52,81,81,101,101,112,287,66,66,92,92,197,197,216,234,80,103,18,18,53,67,67,78,113,113,146,157,157,252,252,268,268,0,0,20,45,45,63,63,80,80,114,114,139,139,139,139],"floor_reached":50,"language":"ENG","playtime":3696,"items_purged":["Strike_B"],"score":666,"play_id":"ad361112-7476-4678-85ee-991d03922c9e","local_time":"20210213181514","is_ascension_mode":false,"campfire_choices":[{"data":"Zap","floor":7.0,"key":"SMITH"},{"data":"Loop","floor":13.0,"key":"SMITH"},{"data":"BootSequence","floor":15.0,"key":"SMITH"},{"data":"Fission","floor":23.0,"key":"SMITH"},{"data":"Redo","floor":29.0,"key":"SMITH"},{"data":"Capacitor","floor":32.0,"key":"SMITH"},{"floor":41,"key":"REST"},{"data":"Electrodynamics","floor":45,"key":"SMITH"},{"floor":47,"key":"REST"},{"data":"Coolheaded","floor":49,"key":"SMITH"}],"circlet_count":0,"master_deck":["Strike_B+1","Strike_B+1","Defend_B+1","Defend_B+1","Defend_B+1","Defend_B+1","Zap+1","Dualcast+1","BootSequence+1","Self Repair+1","Capacitor+1","Sweeping Beam+1","Loop+1","Cold Snap+1","FTL+1","Anger+1","Fission+1","PiercingWail+1","Redo+1","Cold Snap+1","Coolheaded+1","Mind Blast+1","Electrodynamics+1","Redo+1","Barrage+1","Body Slam+1","Darkness+1","Multi-Cast+1","Darkness+1"],"relics":["Cracked Core","Hammer of Thor","Seething Fire","Anvil of the Gods","NeowsBlessing","Mercury Hourglass","Molten Egg 2","InkBottle","PrismaticShard","Sundial","Black Star","Strawberry","Blue Candle","Tiny Chest","Whetstone","Bottled Flame","MealTicket","Bottled Lightning","The Courier","Regal Pillow","SlaversCollar","Red Mask","Meat on the Bone","Art of War","Toxic Egg 2","TungstenRod","Toy Ornithopter","Smiling Mask"],"acts_visited":["Exordium","TheCity","TheBeyond"],"potions_floor_usage":[33,40,42,50],"damage_taken":[{"damage":0.0,"enemies":"2 Louse","floor":1.0,"turns":1.0},{"damage":0.0,"enemies":"Jaw Worm","floor":3.0,"turns":1.0},{"damage":0.0,"enemies":"Gremlin Nob","floor":6.0,"turns":1.0},{"damage":0.0,"enemies":"Cultist","floor":8.0,"turns":4.0},{"damage":0.0,"enemies":"3 Louse","floor":10.0,"turns":2.0},{"damage":0.0,"enemies":"Lagavulin","floor":14.0,"turns":5.0},{"damage":11.0,"enemies":"Slime Boss","floor":16.0,"turns":6.0},{"damage":0.0,"enemies":"3 Byrds","floor":18.0,"turns":5.0},{"damage":22.0,"enemies":"2 Thieves","floor":19.0,"turns":4.0},{"damage":13.0,"enemies":"Gremlin Leader","floor":24.0,"turns":6.0},{"damage":17.0,"enemies":"Sentry and Sphere","floor":25.0,"turns":5.0},{"damage":6.0,"enemies":"Centurion and Healer","floor":27.0,"turns":5.0},{"damage":15.0,"enemies":"Slavers","floor":28.0,"turns":4.0},{"damage":1.0,"enemies":"Gremlin Leader","floor":30.0,"turns":7.0},{"damage":0.0,"enemies":"Snecko","floor":31.0,"turns":4.0},{"damage":40,"enemies":"Champ","floor":33,"turns":12},{"damage":6,"enemies":"3 Darklings","floor":35,"turns":4},{"damage":4,"enemies":"3 Shapes","floor":39,"turns":3},{"damage":49,"enemies":"Nemesis","floor":40,"turns":7},{"damage":53,"enemies":"Maw","floor":42,"turns":8},{"damage":7,"enemies":"4 Shapes","floor":44,"turns":4},{"damage":56,"enemies":"Reptomancer","floor":46,"turns":7},{"damage":80,"enemies":"Awakened One","floor":50,"turns":10}],"seed_played":"-7211624283614989416","potions_obtained":[{"floor":1.0,"key":"ColorlessPotion"},{"floor":3.0,"key":"ColorlessPotion"},{"floor":10.0,"key":"Regen Potion"},{"floor":19.0,"key":"FocusPotion"},{"floor":25.0,"key":"SneckoOil"},{"floor":30.0,"key":"DuplicationPotion"},{"floor":31.0,"key":"PowerPotion"},{"floor":39,"key":"FocusPotion"},{"floor":40,"key":"SkillPotion"},{"floor":46,"key":"Weak Potion"}],"is_trial":false,"path_per_floor":["M","$","M","?","?","E","R","M","T","M","?","$","R","E","R","B",null,"M","M","$","T","?","R","E","M","T","M","E","R","E","M","R","B",null,"M","?","?","?","M","E","R","M","T","M","R","E","R","T","R","B"],"character_chosen":"DEFECT","items_purchased":["Self Repair","PrismaticShard","FTL+1","Cold Snap+1","Coolheaded"],"campfire_rested":2,"item_purchase_floors":[2,12,12,20,20],"current_hp_per_floor":[75,75,75,75,60,60,60,70,70,75,75,75,75,75,75,74,75,75,63,63,70,70,70,67,60,60,64,59,59,68,68,68,38,82,82,78,78,78,78,39,77,46,46,61,61,27,65,65,65,0,0],"gold":139,"neow_bonus":"THREE_ENEMY_KILL","is_daily":false,"chose_seed":false,"campfire_upgraded":8,"win_rate":0.0,"timestamp":1613240114,"path_taken":["M","$","M","?","?","E","R","M","T","M","?","?","R","E","R","BOSS","M","M","$","?","?","R","E","M","T","M","E","R","E","M","R","BOSS","M","?","?","?","M","E","R","M","T","M","R","E","R","?","R","BOSS"],"items_purchased_type":["Card","Relic","Card","Card","Card"],"build_version":"2020-12-22","purchased_purges":1,"victory":false,"max_hp_per_floor":[75,75,75,75,75,75,75,75,75,75,75,75,75,75,75,75,75,75,75,75,82,82,82,82,82,82,82,82,82,82,82,82,82,82,82,78,78,78,78,78,78,78,78,78,78,78,78,78,78,78,78],"card_choices":[{"not_picked":["Static Discharge","Stack"],"picked":"BootSequence","floor":1.0},{"not_picked":["Undo","Leap"],"picked":"Capacitor","floor":3.0},{"not_picked":["Chaos","Conserve Battery"],"picked":"Sweeping Beam+1","floor":6.0},{"not_picked":["Consume","Conserve Battery"],"picked":"Loop","floor":8.0},{"not_picked":["Reboot","Hologram"],"picked":"Cold Snap+1","floor":10.0},{"not_picked":["Hologram","Leg Sweep"],"picked":"Anger+1","floor":14.0},{"not_picked":["Secret Technique","HandOfGreed+1"],"picked":"Fission","floor":16.0},{"not_picked":["Collect","Evaluate+1"],"picked":"PiercingWail+1","floor":18.0},{"not_picked":["Clash+1","Finesse"],"picked":"Redo","floor":19.0},{"not_picked":["Underhanded Strike+1","Study"],"picked":"Mind Blast+1","floor":24.0},{"not_picked":["Underhanded Strike+1","Dodge and Roll","Dagger Spray+1"],"picked":"SKIP","floor":25.0},{"not_picked":["Iron Wave+1","Dodge and Roll","Flying Knee+1"],"picked":"SKIP","floor":27.0},{"not_picked":["Evaluate+1","ReachHeaven+1","Sucker Punch+1"],"picked":"SKIP","floor":28.0},{"not_picked":["Deadly Poison+1","Worship","Tantrum+1"],"picked":"SKIP","floor":30.0},{"not_picked":["JustLucky+1","Sever Soul+1","Static Discharge+1"],"picked":"SKIP","floor":31.0},{"not_picked":["Doppelganger","Double Tap"],"picked":"Electrodynamics","floor":33},{"not_picked":["Eviscerate+1","CrushJoints+1","Shrug It Off+1"],"picked":"SKIP","floor":35},{"not_picked":["Fasting2","Outmaneuver","Warcry"],"picked":"SKIP","floor":39},{"not_picked":["Hello World+1","Wild Strike+1"],"picked":"Redo+1","floor":40},{"not_picked":["Calculated Gamble","Flying Knee+1"],"picked":"Barrage+1","floor":42},{"not_picked":["Scrape+1","Armaments+1","Devotion"],"picked":"SKIP","floor":44},{"not_picked":["FollowUp+1","Flying Knee+1"],"picked":"Body Slam+1","floor":46}],"player_experience":58645,"relics_obtained":[{"floor":6.0,"key":"Molten Egg 2"},{"floor":9.0,"key":"InkBottle"},{"floor":14.0,"key":"Sundial"},{"floor":21.0,"key":"Strawberry"},{"floor":24.0,"key":"Tiny Chest"},{"floor":24.0,"key":"Whetstone"},{"floor":26.0,"key":"Bottled Flame"},{"floor":28.0,"key":"MealTicket"},{"floor":28.0,"key":"Bottled Lightning"},{"floor":30.0,"key":"The Courier"},{"floor":30.0,"key":"Regal Pillow"},{"floor":40,"key":"Meat on the Bone"},{"floor":40,"key":"Art of War"},{"floor":43,"key":"Toxic Egg 2"},{"floor":46,"key":"TungstenRod"},{"floor":46,"key":"Toy Ornithopter"},{"floor":48,"key":"Smiling Mask"}],"event_choices":[{"damage_healed":0.0,"max_hp_gain":0.0,"max_hp_loss":0.0,"gold_gain":0.0,"event_name":"Big Fish","player_choice":"Box","floor":4.0,"gold_loss":0.0,"damage_taken":0.0,"relics_obtained":["Mercury Hourglass"],"cards_obtained":["Regret"]},{"damage_healed":0.0,"max_hp_gain":0.0,"max_hp_loss":0.0,"gold_gain":0.0,"event_name":"Shining Light","player_choice":"Entered Light","floor":5.0,"gold_loss":0.0,"damage_taken":15.0,"cards_upgraded":["Dualcast","Self Repair"]},{"damage_healed":0.0,"max_hp_gain":0.0,"max_hp_loss":0.0,"gold_gain":175.0,"event_name":"Liars Game","player_choice":"AGREE","floor":11.0,"gold_loss":0.0,"damage_taken":0.0,"cards_obtained":["Doubt"]},{"damage_healed":0.0,"max_hp_gain":0.0,"max_hp_loss":0.0,"gold_gain":0.0,"event_name":"Addict","player_choice":"Obtained Relic","floor":22.0,"gold_loss":85.0,"damage_taken":0.0,"relics_obtained":["Blue Candle"]},{"damage_healed":0,"gold_gain":0,"player_choice":"Max HP","damage_taken":0,"max_hp_gain":0,"max_hp_loss":4,"event_name":"Winding Halls","floor":36,"gold_loss":0},{"damage_healed":0,"gold_gain":0,"player_choice":"Paid","damage_taken":0,"relics_obtained":["Red Mask"],"max_hp_gain":0,"max_hp_loss":0,"event_name":"Tomb of Lord Red Mask","floor":37,"gold_loss":268},{"damage_healed":0,"gold_gain":0,"player_choice":"Ignored","damage_taken":0,"max_hp_gain":0,"max_hp_loss":0,"event_name":"SecretPortal","floor":38,"gold_loss":0}],"is_beta":false,"boss_relics":[{"not_picked":["Inserter","Calling Bell"],"picked":"Black Star"},{"not_picked":["Snecko Eye","Velvet Choker"],"picked":"SlaversCollar"}],"items_purged_floors":[20],"is_endless":false,"potions_floor_spawned":[1,3,10,19,25,30,31,39,40,46],"killed_by":"Awakened One","ascension_level":0}}