{"host":"5y2vm16xfq9gfmb2","time":1613181047,"event":{"mods":["AchievementEnabler","BaseMod","Better Third Choice","Colored Map","Colored Powertips","DeckTracker","Marisa????????","Minty Spire (QoL Compilation)","Rare Cards Sparkle","Relic Stats","StSLib","The Alterego","The Animator","The Marked","The Servant 0.9.4"],"gold_per_floor":[110,120,120,93,93,93,93,104,131,156,168,168,168,187,187,306,306,329,329,329,329],"floor_reached":20,"language":"ENG","playtime":834,"items_purged":[],"score":164,"play_id":"ddb7997b-08f9-45b6-b671-228c99d7bfc7","local_time":"20210212205047","is_ascension_mode":false,"campfire_choices":[{"data":"animator:Saitama","floor":6.0,"key":"SMITH"},{"floor":15.0,"key":"REST"}],"circlet_count":0,"master_deck":["animator:Strike_Overlord","animator:Defend_Overlord","animator:Strike","animator:Strike","animator:Strike","animator:Defend","animator:Defend","animator:Defend","animator:Cocytus","animator:Demiurge","animator:Millim","animator:LizardPriest","animator:Saitama+1","animator:ShinjiMatou","animator:YaoHaDucy","animator:Tatsumaki","animator:ItamiYouji","Injury","animator:Megumin","animator:PinaCoLada","animator:Alexander+1"],"relics":["animator:LivingPicture","animator:TheMissingPiece","animator:PurgingStone","NeowsBlessing","Blood Vial","Bloody Idol","SlaversCollar"],"acts_visited":["Exordium","TheCity"],"potions_floor_usage":[],"damage_taken":[{"damage":0.0,"enemies":"Jaw Worm","floor":1.0,"turns":1.0},{"damage":0.0,"enemies":"Cultist","floor":2.0,"turns":1.0},{"damage":0.0,"enemies":"Small Slimes","floor":8.0,"turns":1.0},{"damage":4.0,"enemies":"2 Fungi Beasts","floor":10.0,"turns":4.0},{"damage":30.0,"enemies":"Exordium Thugs","floor":11.0,"turns":5.0},{"damage":12.0,"enemies":"Blue Slaver","floor":14.0,"turns":5.0},{"damage":43.0,"enemies":"Slime Boss","floor":16.0,"turns":8.0},{"damage":33,"enemies":"3 Byrds","floor":18,"turns":4},{"damage":39,"enemies":"Masked Bandits","floor":20,"turns":2}],"seed_played":"-8543521347907154719","potions_obtained":[{"floor":8.0,"key":"Energy Potion"},{"floor":10.0,"key":"LiquidBronze"},{"floor":14.0,"key":"BlessingOfTheForge"}],"is_trial":false,"path_per_floor":["M","M","?","$","?","R","?","M","T","M","M","?","T","M","R","B",null,"M","?","?"],"character_chosen":"THE_ANIMATOR","items_purchased":["animator:ShinjiMatou"],"campfire_rested":1,"item_purchase_floors":[4],"current_hp_per_floor":[66,66,66,66,66,66,66,66,66,62,34,34,34,24,43,2,66,33,33,0,0],"gold":329,"neow_bonus":"THREE_ENEMY_KILL","is_daily":false,"chose_seed":false,"campfire_upgraded":1,"win_rate":0.0,"timestamp":1613181047,"path_taken":["M","M","?","?","?","R","?","M","T","?","M","?","?","M","R","BOSS","M","?","?"],"items_purchased_type":["Card"],"build_version":"2020-12-22","purchased_purges":0,"victory":false,"max_hp_per_floor":[66,66,66,66,66,66,66,66,66,66,66,66,66,66,66,66,66,66,66,66,66],"relic_stats":{"Blood Vial":8,"counters":[9,31],"Bloody Idol":0,"obtain_stats":[{"Blood Vial":9,"SlaversCollar":17,"animator:PurgingStone":0,"NeowsBlessing":0,"Golden Idol":12,"animator:TheMissingPiece":0,"Bloody Idol":19,"animator:LivingPicture":0},{"Blood Vial":3,"SlaversCollar":7,"animator:PurgingStone":0,"NeowsBlessing":0,"Golden Idol":5,"animator:TheMissingPiece":0,"Bloody Idol":8,"animator:LivingPicture":0},{"Blood Vial":3,"SlaversCollar":25,"animator:PurgingStone":0,"NeowsBlessing":0,"Golden Idol":12,"animator:TheMissingPiece":0,"Bloody Idol":29,"animator:LivingPicture":0}]},"card_choices":[{"not_picked":["animator:Lancer","animator:Togame"],"picked":"animator:Millim","floor":1.0},{"not_picked":["animator:CowGirl","animator:UneriGinkaku"],"picked":"animator:LizardPriest","floor":2.0},{"not_picked":["animator:Mitsurugi","animator:Vesta"],"picked":"animator:YaoHaDucy","floor":8.0},{"not_picked":["animator:MetalKnight","animator:Genos"],"picked":"animator:Tatsumaki","floor":10.0},{"not_picked":["animator:Caster","animator:Bozes"],"picked":"animator:ItamiYouji","floor":11.0},{"not_picked":["animator:Alexander","animator:ShinjiMatou"],"picked":"animator:Megumin","floor":14.0},{"not_picked":["animator:Saber","animator:Ainz"],"picked":"animator:PinaCoLada","floor":16.0},{"not_picked":["animator:Vesta+1","animator:DolaSchwi"],"picked":"animator:Alexander+1","floor":18}],"player_experience":70293,"relics_obtained":[{"floor":9.0,"key":"Blood Vial"}],"event_choices":[{"damage_healed":0.0,"max_hp_gain":0.0,"max_hp_loss":0.0,"gold_gain":0.0,"event_name":"Match and Keep!","player_choice":"1 cards matched","floor":3.0,"gold_loss":0.0,"damage_taken":0.0,"cards_obtained":["animator:Saitama"]},{"damage_healed":0.0,"max_hp_gain":0.0,"max_hp_loss":0.0,"gold_gain":0.0,"event_name":"The Cleric","player_choice":"Leave","floor":5.0,"gold_loss":0.0,"damage_taken":0.0},{"damage_healed":0.0,"max_hp_gain":0.0,"max_hp_loss":0.0,"gold_gain":0.0,"event_name":"Golden Wing","player_choice":"Ignored","floor":7.0,"gold_loss":0.0,"damage_taken":0.0},{"damage_healed":0.0,"max_hp_gain":0.0,"max_hp_loss":0.0,"gold_gain":0.0,"event_name":"Golden Idol","player_choice":"Take Wound","floor":12.0,"gold_loss":0.0,"damage_taken":0.0,"relics_obtained":["Golden Idol"],"cards_obtained":["Injury"]},{"damage_healed":0,"gold_gain":0,"player_choice":"Gave Idol","damage_taken":0,"relics_obtained":["Bloody Idol"],"max_hp_gain":0,"max_hp_loss":0,"event_name":"Forgotten Altar","floor":19,"relics_lost":["Golden Idol"],"gold_loss":0},{"damage_healed":0,"gold_gain":0,"player_choice":"Fought Bandits","damage_taken":0,"max_hp_gain":0,"max_hp_loss":0,"event_name":"Masked Bandits","floor":20,"gold_loss":0}],"is_beta":false,"boss_relics":[{"not_picked":["Runic Dome","Coffee Dripper"],"picked":"SlaversCollar"}],"items_purged_floors":[],"is_endless":false,"potions_floor_spawned":[8,10,14],"killed_by":"Masked Bandits","ascension_level":0}}