{"host":"3f9iajsu6jl92r7r","time":1613249623,"event":{"mods":["AchievementEnabler","Act Like it!","BaseMod","BetterRewards","Colored Map","Colored Powertips","Conspire","Friendly Minions","Highlight Path","Hubris","Infinite Spire","Lobotomy","Minty Spire (QoL Compilation)","Remilia??????","Replay The Spire","Shop Mod","Spicy Shops","StSLib","The Animator","The Mystic","The Servant 0.9.4"],"gold_per_floor":[126,126,126,138,138,138,164,181,181,26,53,71,98,112,112,215,215,240,240,262,262,262,262,275,319,319,330,356,374,374,374],"floor_reached":30,"language":"ENG","playtime":3011,"items_purged":[],"score":287,"play_id":"8f3173f2-ecf0-459b-80a5-91094932437a","local_time":"20210213155343","is_ascension_mode":false,"campfire_choices":[{"floor":6,"key":"REST"},{"floor":15,"key":"REST"},{"floor":26,"key":"RECALL"}],"circlet_count":0,"master_deck":["animator:Strike_Konosuba","animator:Defend_Konosuba","animator:Strike","animator:Strike","animator:Strike","animator:Defend","animator:Defend","animator:Defend","animator:Kazuma","animator:Aqua","animator:Benimaru+1","animator:CowGirl","animator:Spearman","animator:MetalKnight","animator:TsurugaMeisai","animator:Millim","animator:MumenRider","animator:GoblinSlayer","animator:Shion","animator:Azekura+1","animator:Genos","animator:LizardPriest"],"relics":["animator:LivingPicture","animator:TheMissingPiece","NeowsBlessing","Ring of Peace","Durian","Anchor","conspire:TreasureMap","Toy Ornithopter","Busted Crown","Torii","infinitespire:BottledMercury","Centennial Puzzle"],"acts_visited":["Exordium","TheCity"],"potions_floor_usage":[13,13,16,25,29,30,30],"damage_taken":[{"damage":0,"enemies":"Jaw Worm","floor":1,"turns":1},{"damage":0,"enemies":"Small Slimes","floor":4,"turns":1},{"damage":0,"enemies":"Lagavulin","floor":7,"turns":1},{"damage":0,"enemies":"2 Louse","floor":8,"turns":3},{"damage":0,"enemies":"hubris:Merchant","floor":10,"turns":1},{"damage":10,"enemies":"Gremlin Gang","floor":11,"turns":6},{"damage":0,"enemies":"Large Slime","floor":12,"turns":5},{"damage":61,"enemies":"Gremlin Nob","floor":13,"turns":7},{"damage":0,"enemies":"2 Fungi Beasts","floor":14,"turns":5},{"damage":35,"enemies":"Fading Forest","floor":16,"turns":11},{"damage":7,"enemies":"Shell Parasite","floor":18,"turns":8},{"damage":0,"enemies":"3 Byrds","floor":20,"turns":6},{"damage":15,"enemies":"Shelled Parasite and Fungi","floor":24,"turns":8},{"damage":20,"enemies":"conspire:SneckoGhost","floor":25,"turns":8},{"damage":8,"enemies":"Snake Plant","floor":27,"turns":5},{"damage":13,"enemies":"3 Cultists","floor":29,"turns":6},{"damage":51,"enemies":"Nightmare","floor":30,"turns":8}],"seed_played":"7787818201286124637","potions_obtained":[{"floor":1,"key":"conspire:TimeTravelPotion"},{"floor":11,"key":"BlessingOfTheForge"},{"floor":14,"key":"Languid Potion"},{"floor":24,"key":"AttackPotion"},{"floor":25,"key":"Elixir"},{"floor":27,"key":"Explosive Potion"},{"floor":29,"key":"Milkshake"}],"is_trial":false,"path_per_floor":["M","?","?","M","?","R","E","M","T","$","M","M","E","M","R","B",null,"M","AVR","M","PTL","PTL","?","M","E","R","M","T","M","NM"],"character_chosen":"THE_ANIMATOR","items_purchased":["conspire:TreasureMap"],"campfire_rested":2,"item_purchase_floors":[10],"current_hp_per_floor":[66,66,29,29,29,50,52,54,54,56,48,50,6,9,30,2,73,66,66,68,68,68,73,58,45,45,39,39,33,0,0],"gold":374,"neow_bonus":"THREE_ENEMY_KILL","is_daily":false,"chose_seed":false,"campfire_upgraded":0,"win_rate":0.0,"timestamp":1613249623,"path_taken":["M","?","?","M","?","R","E","M","T","?","M","M","E","M","R","BOSS","M","AVR","M","PTL","PTL","?","M","E","R","?","T","M","NM"],"items_purchased_type":["Relic"],"build_version":"2020-12-22","purchased_purges":0,"victory":false,"max_hp_per_floor":[66,66,71,71,71,71,71,71,71,71,71,71,72,73,73,73,73,73,73,73,73,73,73,73,73,73,73,73,73,73,73],"card_choices":[{"not_picked":["animator:YuiTsuruno","animator:YunYun"],"picked":"animator:Benimaru","floor":1},{"not_picked":["animator:DolaSchwi","animator:KyokoSakura"],"picked":"animator:CowGirl","floor":4},{"not_picked":["animator:YachiyoNanami","animator:Shizu","animator:MumenRider"],"picked":"SKIP","floor":7},{"not_picked":["animator:HighElfArcher","animator:Witch"],"picked":"animator:Spearman","floor":8},{"not_picked":["animator:DwarfShaman","animator:TsurugaMeisai"],"picked":"animator:MetalKnight","floor":11},{"not_picked":["animator:Chris","animator:Spearman"],"picked":"animator:TsurugaMeisai","floor":12},{"not_picked":["animator:Tatsumaki","animator:Mitsurugi"],"picked":"animator:Millim","floor":13},{"not_picked":["animator:SilverFang","animator:MetalKnight"],"picked":"animator:MumenRider","floor":14},{"not_picked":["animator:Shiro","animator:Sora"],"picked":"animator:GoblinSlayer","floor":16},{"not_picked":[],"picked":"animator:Shion","floor":18},{"not_picked":[],"picked":"animator:Verdia","floor":20},{"not_picked":[],"picked":"animator:Azekura+1","floor":24},{"not_picked":[],"picked":"animator:Genos","floor":25},{"not_picked":["animator:CowGirl"],"picked":"SKIP","floor":27},{"not_picked":[],"picked":"animator:LizardPriest","floor":29}],"player_experience":7660,"relics_obtained":[{"floor":2,"key":"Ring of Peace"},{"floor":7,"key":"Anchor"},{"floor":13,"key":"Toy Ornithopter"},{"floor":25,"key":"infinitespire:BottledMercury"},{"floor":28,"key":"Centennial Puzzle"}],"event_choices":[{"damage_healed":0,"gold_gain":0,"player_choice":"Success","damage_taken":42,"relics_obtained":["Durian"],"max_hp_gain":0,"max_hp_loss":0,"event_name":"Scrap Ooze","floor":3,"gold_loss":0},{"cards_removed":["animator:Verdia"],"damage_healed":5,"gold_gain":0,"player_choice":"Offered Common","damage_taken":0,"max_hp_gain":0,"max_hp_loss":0,"event_name":"Bonfire Elementals","floor":23,"gold_loss":0},{"cards_removed":["animator:Verdia"],"damage_healed":5,"gold_gain":0,"player_choice":"Offered Special","damage_taken":0,"max_hp_gain":0,"max_hp_loss":0,"event_name":"Bonfire Elementals","floor":23,"gold_loss":0}],"is_beta":false,"boss_relics":[{"not_picked":["animator:VividPicture","Replay:Wanted Poster"],"picked":"Busted Crown"}],"items_purged_floors":[],"is_endless":false,"potions_floor_spawned":[1,11,14,24,25,27,29],"killed_by":"Nightmare","ascension_level":0}}