{"host":"qgrlfjrqk9z96gfi","time":1613239660,"event":{"mods":["BaseMod","Block Reminder","Colored Map","Custom Start","DeckTracker","Minty Spire (QoL Compilation)"],"gold_per_floor":[116,135,153,167,180,214,214,241,268,268,294,307,40,40,40,40,40],"floor_reached":16,"language":"ENG","playtime":578,"items_purged":["Strike_G"],"score":244,"play_id":"97ae35f2-4271-478a-89d6-54d83f42d9b9","local_time":"20210213080740","is_ascension_mode":true,"campfire_choices":[{"data":"Dash","floor":7,"key":"SMITH"},{"floor":10,"key":"REST"},{"data":"Neutralize","floor":15,"key":"SMITH"}],"circlet_count":0,"master_deck":["AscendersBane","Strike_G","Strike_G","Strike_G","Strike_G","Defend_G","Defend_G","Defend_G","Defend_G","Defend_G","Survivor","Neutralize+1","Quick Slash","Backstab","Underhanded Strike","Dash+1","Dagger Spray","Footwork+1"],"relics":["Ring of the Snake","NeowsBlessing","Regal Pillow","Bag of Marbles","Anchor","Blood Vial"],"acts_visited":["Exordium"],"potions_floor_usage":[6,8,11,14],"damage_taken":[{"damage":0,"enemies":"Cultist","floor":1,"turns":1},{"damage":0,"enemies":"2 Louse","floor":2,"turns":1},{"damage":0,"enemies":"Small Slimes","floor":3,"turns":1},{"damage":0,"enemies":"Looter","floor":4,"turns":2},{"damage":0,"enemies":"Lots of Slimes","floor":5,"turns":5},{"damage":15,"enemies":"3 Sentries","floor":6,"turns":12},{"damage":32,"enemies":"Lagavulin","floor":8,"turns":8},{"damage":25,"enemies":"3 Sentries","floor":11,"turns":11},{"damage":7,"enemies":"Large Slime","floor":12,"turns":7},{"damage":24,"enemies":"Hexaghost","floor":16,"turns":9}],"seed_played":"-673144772911293102","potions_obtained":[{"floor":2,"key":"LiquidMemories"},{"floor":4,"key":"Swift Potion"},{"floor":5,"key":"PowerPotion"},{"floor":6,"key":"CunningPotion"}],"is_trial":false,"path_per_floor":["M","M","M","M","M","E","R","E","T","R","E","M","$","?","R","B"],"character_chosen":"THE_SILENT","items_purchased":["Footwork","Fruit Juice"],"campfire_rested":1,"item_purchase_floors":[13,13],"current_hp_per_floor":[59,59,59,59,59,44,44,12,12,46,21,16,16,21,21,0,0],"gold":40,"neow_bonus":"THREE_ENEMY_KILL","is_daily":false,"chose_seed":false,"campfire_upgraded":2,"win_rate":0.0,"timestamp":1613239660,"path_taken":["M","?","M","M","M","E","R","E","T","R","E","M","$","?","R","BOSS"],"items_purchased_type":["Card","Potion"],"build_version":"2020-12-22","purchased_purges":1,"victory":false,"max_hp_per_floor":[66,66,66,66,66,66,66,66,66,66,66,66,66,71,71,71,71],"card_choices":[{"not_picked":["Deadly Poison","Prepared"],"picked":"Quick Slash","floor":1},{"not_picked":["PiercingWail","Backflip"],"picked":"Backstab","floor":2},{"not_picked":["Quick Slash","Cloak And Dagger"],"picked":"Underhanded Strike","floor":3},{"not_picked":["Sucker Punch","Quick Slash","Underhanded Strike"],"picked":"SKIP","floor":4},{"not_picked":["Slice","Sucker Punch"],"picked":"Dash","floor":5},{"not_picked":["Flechettes","Doppelganger"],"picked":"Dagger Spray","floor":6},{"not_picked":["Bouncing Flask","Escape Plan","All Out Attack"],"picked":"SKIP","floor":8},{"not_picked":["Sucker Punch","Deadly Poison","Setup"],"picked":"SKIP","floor":11},{"not_picked":["Outmaneuver","Masterful Stab","Dagger Spray"],"picked":"SKIP","floor":12}],"player_experience":1133372,"relics_obtained":[{"floor":6,"key":"Regal Pillow"},{"floor":8,"key":"Bag of Marbles"},{"floor":9,"key":"Anchor"},{"floor":11,"key":"Blood Vial"}],"event_choices":[{"damage_healed":0,"gold_gain":0,"player_choice":"Upgraded","damage_taken":0,"max_hp_gain":0,"max_hp_loss":0,"event_name":"Upgrade Shrine","floor":14,"gold_loss":0,"cards_upgraded":["Footwork"]}],"is_beta":false,"boss_relics":[],"items_purged_floors":[13],"is_endless":false,"potions_floor_spawned":[2,4,5,6],"killed_by":"Hexaghost","ascension_level":20}}