{"host":"xjj3c712op3vq4z0","time":1613247242,"event":{"mods":["BaseMod","Challenge The Spire","Curses Come First","Highlight Path","Minty Spire (QoL Compilation)","Permanent Neow","Quick Restart","Relic Stats","StSLib","Weighted Paths"],"gold_per_floor":[110,122,133,151,15,48,48,75,75,102,27,27,40,90,90,167,167,183,196,196,214,214,214,214],"floor_reached":23,"language":"ENG","playtime":1085,"items_purged":[],"score":422,"play_id":"57ad3896-9431-495b-9898-b349c2cee207","local_time":"20210213211402","is_ascension_mode":true,"campfire_choices":[{"floor":7.0,"key":"REST"},{"floor":12.0,"key":"REST"},{"floor":15.0,"key":"RECALL"}],"circlet_count":0,"master_deck":["AscendersBane","Strike_G+1","Strike_G+1","Defend_G+1","Defend_G+1","Defend_G+1","Defend_G+1","Defend_G+1","Survivor","Neutralize","Catalyst","Backflip","Terror","Poisoned Stab","Blade Dance","Footwork","Blur","Dash","Acrobatics","Predator","Adrenaline","Noxious Fumes","Blade Dance","A Thousand Cuts","Expertise","Calculated Gamble","Catalyst","Expertise+1"],"relics":["Fusion Hammer","Blood Vial","Centennial Puzzle","Letter Opener","Prayer Wheel","Cursed Key"],"acts_visited":["Exordium","TheCity"],"potions_floor_usage":[],"damage_taken":[{"damage":0.0,"enemies":"Jaw Worm","floor":1.0,"turns":6.0},{"damage":4.0,"enemies":"Small Slimes","floor":2.0,"turns":5.0},{"damage":0.0,"enemies":"Cultist","floor":3.0,"turns":4.0},{"damage":2.0,"enemies":"3 Louse","floor":4.0,"turns":6.0},{"damage":11.0,"enemies":"3 Sentries","floor":6.0,"turns":11.0},{"damage":44.0,"enemies":"Gremlin Nob","floor":8.0,"turns":4.0},{"damage":6.0,"enemies":"Lagavulin","floor":10.0,"turns":7.0},{"damage":6.0,"enemies":"Large Slime","floor":13.0,"turns":4.0},{"damage":4.0,"enemies":"Hexaghost","floor":16.0,"turns":7.0},{"damage":2.0,"enemies":"3 Byrds","floor":18.0,"turns":6.0},{"damage":0.0,"enemies":"Spheric Guardian","floor":19.0,"turns":4.0},{"damage":56.0,"enemies":"Cultist and Chosen","floor":21.0,"turns":8.0},{"damage":9,"enemies":"Book of Stabbing","floor":23,"turns":1}],"seed_played":"2140707422966272849","potions_obtained":[{"floor":1.0,"key":"Strength Potion"},{"floor":3.0,"key":"SkillPotion"},{"floor":4.0,"key":"Block Potion"},{"floor":6.0,"key":"SneckoOil"},{"floor":13.0,"key":"Poison Potion"},{"floor":21.0,"key":"SpeedPotion"}],"is_trial":false,"path_per_floor":["M","M","M","M","$","E","R","E","T","E","?","R","M","?","R","B",null,"M","M","?","M","?","E"],"character_chosen":"THE_SILENT","items_purchased":["Blade Dance","Footwork"],"campfire_rested":2,"item_purchase_floors":[5,5],"current_hp_per_floor":[59,55,55,53,53,42,61,19,19,15,15,34,30,24,24,22,55,55,57,57,3,3,0,0],"gold":214,"neow_bonus":"BOSS_RELIC","is_daily":false,"chose_seed":false,"campfire_upgraded":0,"win_rate":0.0,"timestamp":1613247242,"path_taken":["M","M","M","M","$","E","R","E","T","E","?","R","M","?","R","BOSS","M","?","?","M","?","E"],"items_purchased_type":["Card","Card"],"build_version":"2020-12-22","purchased_purges":0,"victory":false,"max_hp_per_floor":[66,66,66,66,66,66,66,66,66,66,66,66,66,66,66,66,66,66,66,66,66,66,66,66],"relic_stats":{"Blood Vial":16,"Centennial Puzzle":[18],"counters":[13,73],"Prayer Wheel":5,"Letter Opener":[65],"Cursed Key":0,"obtain_stats":[{"Blood Vial":6,"Centennial Puzzle":8,"Prayer Wheel":10,"Fusion Hammer":0,"Letter Opener":9,"Cursed Key":17,"Ring of the Snake":0},{"Blood Vial":5,"Centennial Puzzle":6,"Prayer Wheel":7,"Fusion Hammer":0,"Letter Opener":6,"Cursed Key":9,"Ring of the Snake":0},{"Blood Vial":32,"Centennial Puzzle":36,"Prayer Wheel":43,"Fusion Hammer":0,"Letter Opener":36,"Cursed Key":54,"Ring of the Snake":0}]},"card_choices":[{"not_picked":["Setup","Slice"],"picked":"Catalyst","floor":1.0},{"not_picked":["Heel Hook","Bane"],"picked":"Backflip","floor":2.0},{"not_picked":["Escape Plan","Heel Hook"],"picked":"Terror","floor":3.0},{"not_picked":["PiercingWail","Concentrate"],"picked":"Poisoned Stab","floor":4.0},{"not_picked":["Riddle With Holes","Quick Slash"],"picked":"Blur","floor":6.0},{"not_picked":["Outmaneuver","Deflect"],"picked":"Dash","floor":8.0},{"not_picked":["Sucker Punch","Deflect"],"picked":"Acrobatics","floor":10.0},{"not_picked":["PiercingWail","Dagger Throw"],"picked":"Predator","floor":13.0},{"not_picked":["Bane","Prepared","Underhanded Strike"],"picked":"SKIP","floor":13.0},{"not_picked":["Glass Knife","Wraith Form v2"],"picked":"Adrenaline","floor":16.0},{"not_picked":["Backflip","Deadly Poison"],"picked":"Noxious Fumes","floor":18.0},{"not_picked":["Dagger Throw","Accuracy"],"picked":"Blade Dance","floor":18.0},{"not_picked":["Outmaneuver","Deflect+1"],"picked":"A Thousand Cuts","floor":19.0},{"not_picked":["Poisoned Stab+1","Dagger Spray"],"picked":"Expertise","floor":19.0},{"not_picked":["Outmaneuver","Blade Dance"],"picked":"Expertise+1","floor":21.0},{"not_picked":["Calculated Gamble","Dodge and Roll","Underhanded Strike"],"picked":"SKIP","floor":21.0}],"player_experience":639069,"relics_obtained":[{"floor":6.0,"key":"Blood Vial"},{"floor":8.0,"key":"Centennial Puzzle"},{"floor":9.0,"key":"Letter Opener"},{"floor":10.0,"key":"Prayer Wheel"}],"event_choices":[{"cards_removed":["Strike_G"],"damage_healed":0.0,"max_hp_gain":0.0,"max_hp_loss":0.0,"gold_gain":0.0,"event_name":"The Cleric","player_choice":"Card Removal","floor":11.0,"gold_loss":75.0,"damage_taken":0.0},{"damage_healed":0.0,"max_hp_gain":0.0,"max_hp_loss":0.0,"gold_gain":50.0,"event_name":"FaceTrader","player_choice":"Touch","floor":14.0,"gold_loss":0.0,"damage_taken":6.0},{"damage_healed":0.0,"max_hp_gain":0.0,"max_hp_loss":0.0,"gold_gain":0.0,"cards_transformed":["Strike_G","Strike_G"],"event_name":"Drug Dealer","player_choice":"Became Test Subject","floor":20.0,"gold_loss":0.0,"damage_taken":0.0,"cards_obtained":["Calculated Gamble","Catalyst"]},{"damage_healed":0.0,"max_hp_gain":0.0,"max_hp_loss":0.0,"gold_gain":0.0,"event_name":"Back to Basics","player_choice":"Simplicity","floor":22.0,"gold_loss":0.0,"damage_taken":0.0,"cards_upgraded":["Strike_G","Strike_G","Defend_G","Defend_G","Defend_G","Defend_G","Defend_G"]}],"is_beta":false,"boss_relics":[{"not_picked":["Tiny House","Runic Dome"],"picked":"Cursed Key"}],"items_purged_floors":[],"is_endless":false,"potions_floor_spawned":[1,3,4,6,13,21],"killed_by":"Book of Stabbing","ascension_level":20}}