{"host":"xspno2hvvkg1vi3z","time":1613191412,"event":{"mods":["100% Spire Juice","BaseMod","Downfall","Energized Spire","Minty Spire (QoL Compilation)","StSLib"],"gold_per_floor":[115,115,134,153,78,78,100,116,198,210,210,210,237,251,251,251,251],"floor_reached":16,"language":"ZHS","playtime":522,"items_purged":["Pain"],"score":102,"play_id":"4c4c4320-cf3c-4da2-b6b7-fc9242693654","local_time":"20210213124332","is_ascension_mode":false,"campfire_choices":[{"data":"Moonworks:MixPhenomenon","floor":6,"key":"SMITH"},{"data":"Moonworks:Ambush","floor":15,"key":"SMITH"}],"circlet_count":0,"master_deck":["Moonworks:Strike","Moonworks:Strike","Moonworks:Strike","Moonworks:Strike","Moonworks:Defend","Moonworks:Defend","Moonworks:Defend","Moonworks:Defend","Moonworks:Ambush+1","Moonworks:LongDistanceShot","Moonworks:Dash","Moonworks:MixPhenomenon+1","Moonworks:EvilSpyWorkPreparation","Regret","Moonworks:DeployBits","Moonworks:DeployBits"],"relics":["Moonworks:BrokenBomb","Moonworks:Homemark","NeowsBlessing","WarpedTongs","Odd Mushroom","Matryoshka","Art of War","Happy Flower","PreservedInsect"],"acts_visited":["Exordium"],"potions_floor_usage":[7,13,16],"damage_taken":[{"damage":0,"enemies":"2 Louse","floor":1,"turns":1},{"damage":0,"enemies":"Cultist","floor":3,"turns":1},{"damage":0,"enemies":"Small Slimes","floor":4,"turns":1},{"damage":11,"enemies":"The Mushroom Lair","floor":7,"turns":3},{"damage":7,"enemies":"3 Louse","floor":8,"turns":3},{"damage":1,"enemies":"2 Fungi Beasts","floor":10,"turns":3},{"damage":11,"enemies":"3 Sentries","floor":13,"turns":4},{"damage":3,"enemies":"Red Slaver","floor":14,"turns":3},{"damage":18,"enemies":"Hexaghost","floor":16,"turns":7}],"seed_played":"-5408165674114370731","potions_obtained":[{"floor":1,"key":"Explosive Potion"},{"floor":7,"key":"DistilledChaos"},{"floor":8,"key":"CultistPotion"}],"is_trial":false,"path_per_floor":["M","?","M","M","$","R","?","M","T","M","?","?","E","M","R","B"],"character_chosen":"THE_STARBREAKER","items_purchased":[],"campfire_rested":0,"item_purchase_floors":[],"current_hp_per_floor":[60,60,60,60,60,60,49,42,42,41,41,29,18,15,15,0,0],"gold":251,"neow_bonus":"THREE_ENEMY_KILL","is_daily":false,"chose_seed":false,"campfire_upgraded":2,"win_rate":0.0,"timestamp":1613191412,"path_taken":["M","?","?","M","?","R","?","M","T","M","?","?","E","M","R","BOSS"],"items_purchased_type":[],"build_version":"2020-12-22","purchased_purges":1,"victory":false,"max_hp_per_floor":[60,60,60,60,60,60,60,60,60,60,60,60,60,60,60,60,60],"card_choices":[{"not_picked":["Moonworks:ImOnFire","Moonworks:BigMagnum"],"picked":"Moonworks:Dash","floor":1},{"not_picked":["Moonworks:LulusLuckyEgg","Moonworks:DeployBits","Moonworks:ImOnFire"],"picked":"SKIP","floor":3},{"not_picked":["Moonworks:JonathanRush","Moonworks:UnluckyCharm"],"picked":"Moonworks:MixPhenomenon","floor":4},{"not_picked":["Moonworks:SakisCookie","Moonworks:BigMagnum"],"picked":"Moonworks:EvilSpyWorkPreparation","floor":7},{"not_picked":["Moonworks:Assault","Moonworks:StarBlastingFuse","Moonworks:LulusLuckyEgg"],"picked":"SKIP","floor":8},{"not_picked":["Moonworks:Bloodlust","Moonworks:ImOnFire","Moonworks:ForcedRevival"],"picked":"SKIP","floor":10},{"not_picked":["Moonworks:CloudOfSeagulls","Moonworks:ExtendedPhotonRifle"],"picked":"Moonworks:DeployBits","floor":13},{"not_picked":["Moonworks:Assault","Moonworks:DevilHand"],"picked":"Moonworks:DeployBits","floor":14}],"player_experience":203312,"relics_obtained":[{"floor":7,"key":"Odd Mushroom"},{"floor":9,"key":"Matryoshka"},{"floor":13,"key":"PreservedInsect"}],"event_choices":[{"damage_healed":0,"gold_gain":0,"player_choice":"Rummage","damage_taken":0,"relics_obtained":["WarpedTongs"],"max_hp_gain":0,"max_hp_loss":0,"event_name":"Accursed Blacksmith","floor":2,"gold_loss":0,"cards_obtained":["Pain"]},{"damage_healed":0,"gold_gain":0,"player_choice":"Fought Mushrooms","damage_taken":0,"max_hp_gain":0,"max_hp_loss":0,"event_name":"Mushrooms","floor":7,"gold_loss":0},{"damage_healed":0,"gold_gain":0,"player_choice":"Box","damage_taken":0,"relics_obtained":["Art of War"],"max_hp_gain":0,"max_hp_loss":0,"event_name":"Big Fish","floor":11,"gold_loss":0,"cards_obtained":["Regret"]},{"damage_healed":0,"gold_gain":0,"player_choice":"Success","damage_taken":12,"relics_obtained":["Happy Flower"],"max_hp_gain":0,"max_hp_loss":0,"event_name":"Scrap Ooze","floor":12,"gold_loss":0}],"is_beta":false,"boss_relics":[],"items_purged_floors":[5],"is_endless":false,"potions_floor_spawned":[1,7,8],"killed_by":"Hexaghost","ascension_level":0}}