{"host":"8ztb9kwpjc2zof9s","time":1613252717,"event":{"mods":["BaseMod","Block Reminder","Curses Come First","Minty Spire (QoL Compilation)","Relic Stats","StSLib"],"gold_per_floor":[118,84,84,84,184,215,143,143,189,223,243,27,27,37,37,37,37],"floor_reached":16,"language":"ENG","playtime":265,"items_purged":["Strike_G"],"score":242,"play_id":"ad1ae783-fa61-4d14-adc0-11c51bc33af8","local_time":"20210213134517","is_ascension_mode":true,"campfire_choices":[{"data":"Footwork","floor":8,"key":"SMITH"},{"data":"Noxious Fumes","floor":13,"key":"SMITH"},{"data":"Catalyst","floor":15,"key":"SMITH"}],"circlet_count":0,"master_deck":["AscendersBane","Strike_G","Strike_G","Strike_G","Strike_G","Defend_G","Defend_G","Defend_G","Defend_G","Defend_G","Survivor","Neutralize","Deadly Poison","Footwork+1","Blur","Footwork+1","Wraith Form v2","Noxious Fumes+1","Catalyst+1","Leg Sweep"],"relics":["Ring of the Snake","NeowsBlessing","Du-Vu Doll","HornCleat","Potion Belt","Matryoshka"],"acts_visited":["Exordium"],"potions_floor_usage":[16],"damage_taken":[{"damage":0,"enemies":"Jaw Worm","floor":1,"turns":1},{"damage":0,"enemies":"Lagavulin","floor":6,"turns":1},{"damage":0,"enemies":"Gremlin Nob","floor":10,"turns":1},{"damage":0,"enemies":"2 Louse","floor":11,"turns":4},{"damage":0,"enemies":"Cultist","floor":14,"turns":5},{"damage":46,"enemies":"Slime Boss","floor":16,"turns":8}],"seed_played":"-8366558388098229219","potions_obtained":[{"floor":6,"key":"Swift Potion"},{"floor":14,"key":"Strength Potion"}],"is_trial":false,"path_per_floor":["M","$","?","?","?","E","$","R","T","E","M","$","R","M","R","B"],"character_chosen":"THE_SILENT","items_purchased":["Footwork","Footwork","Noxious Fumes","Catalyst"],"campfire_rested":0,"item_purchase_floors":[2,7,12,12],"current_hp_per_floor":[63,63,45,45,45,45,45,45,45,45,45,45,45,45,45,0,0],"gold":37,"neow_bonus":"THREE_ENEMY_KILL","is_daily":false,"chose_seed":false,"campfire_upgraded":3,"win_rate":0.0,"timestamp":1613252717,"path_taken":["M","$","?","?","?","E","$","R","T","E","?","?","R","M","R","BOSS"],"items_purchased_type":["Card","Card","Card","Card"],"build_version":"2020-12-22","purchased_purges":1,"victory":false,"max_hp_per_floor":[70,70,70,70,70,70,70,70,70,70,70,70,70,70,70,70,70],"relic_stats":{"counters":[6,20],"obtain_stats":[{"Du-Vu Doll":3,"Potion Belt":9,"HornCleat":6,"Matryoshka":10,"NeowsBlessing":0,"Ring of the Snake":0},{"Du-Vu Doll":1,"Potion Belt":2,"HornCleat":2,"Matryoshka":3,"NeowsBlessing":0,"Ring of the Snake":0},{"Du-Vu Doll":1,"Potion Belt":2,"HornCleat":2,"Matryoshka":3,"NeowsBlessing":0,"Ring of the Snake":0}],"Ring of the Snake":[12]},"card_choices":[{"not_picked":["Slice","Dagger Throw"],"picked":"Deadly Poison","floor":1},{"not_picked":["PiercingWail","Eviscerate"],"picked":"Blur","floor":6},{"not_picked":["Storm of Steel","Eviscerate"],"picked":"Wraith Form v2","floor":10},{"not_picked":["Underhanded Strike","Endless Agony","Quick Slash"],"picked":"SKIP","floor":11},{"not_picked":["Outmaneuver","Eviscerate"],"picked":"Leg Sweep","floor":14}],"player_experience":324570,"relics_obtained":[{"floor":6,"key":"HornCleat"},{"floor":9,"key":"Potion Belt"},{"floor":10,"key":"Matryoshka"}],"event_choices":[{"damage_healed":0,"gold_gain":0,"player_choice":"Success","damage_taken":18,"relics_obtained":["Du-Vu Doll"],"max_hp_gain":0,"max_hp_loss":0,"event_name":"Scrap Ooze","floor":3,"gold_loss":0},{"damage_healed":0,"gold_gain":0,"player_choice":"Grow","damage_taken":0,"max_hp_gain":0,"max_hp_loss":0,"event_name":"Living Wall","floor":4,"gold_loss":0,"cards_upgraded":["Footwork"]},{"damage_healed":0,"gold_gain":100,"player_choice":"Pray","damage_taken":0,"max_hp_gain":0,"max_hp_loss":0,"event_name":"Golden Shrine","floor":5,"gold_loss":0}],"is_beta":false,"boss_relics":[],"items_purged_floors":[12],"is_endless":false,"potions_floor_spawned":[6,14],"killed_by":"Slime Boss","ascension_level":11}}