{"host":"8u1cu4kisw6g21am","time":1613248356,"event":{"mods":["AchievementEnabler","BaseMod","Bestiary","BetterRewards","Minty Spire (QoL Compilation)","Quick Restart","Shop Mod","StSLib"],"gold_per_floor":[115,190,205,224,234,263,263,294,320,330,345,345,10,40,40,170,170,185,185,85,184,204,243,243,243,243,243,256,256,296,316,316,436,436,459,480,813,15,25,25,75,75,75],"floor_reached":42,"language":"ENG","playtime":19661,"items_purged":["Defend_B","Strike_B","Defend_B"],"score":496,"play_id":"12df9091-041e-435e-a81f-4c31df913d9e","local_time":"20210213153236","is_ascension_mode":false,"campfire_choices":[{"floor":7.0,"key":"REST"},{"floor":15.0,"key":"REST"},{"data":"Fission","floor":24.0,"key":"SMITH"},{"data":"Redo","floor":29.0,"key":"SMITH"},{"floor":32.0,"key":"REST"},{"data":"Dualcast","floor":40.0,"key":"SMITH"}],"circlet_count":0,"master_deck":["Zap","Dualcast+1","Hello World","All For One","Gash","Redo+1","Gash","Beam Cell","Go for the Eyes","Ball Lightning","Conserve Battery","Sadistic Nature","Fission+1","Go for the Eyes","Gash","Sweeping Beam","Go for the Eyes","Steam+1","Gash"],"relics":["Cracked Core","Orichalcum","Omamori","Toy Ornithopter","Nuclear Battery","Boot","Nilry\u0027s Codex","Blood Vial","MerchantsRug","Strawberry","ClockworkSouvenir","Pantograph","CaptainsWheel"],"acts_visited":["Exordium","TheCity","TheBeyond"],"potions_floor_usage":[42],"damage_taken":[{"damage":8.0,"enemies":"2 Louse","floor":1.0,"turns":2.0},{"damage":7.0,"enemies":"Small Slimes","floor":3.0,"turns":3.0},{"damage":1.0,"enemies":"Jaw Worm","floor":4.0,"turns":3.0},{"damage":16.0,"enemies":"Blue Slaver","floor":5.0,"turns":4.0},{"damage":18.0,"enemies":"3 Sentries","floor":6.0,"turns":6.0},{"damage":5.0,"enemies":"Lagavulin","floor":8.0,"turns":5.0},{"damage":4.0,"enemies":"Looter","floor":10.0,"turns":2.0},{"damage":10.0,"enemies":"Large Slime","floor":11.0,"turns":3.0},{"damage":27.0,"enemies":"The Guardian","floor":16.0,"turns":7.0},{"damage":4.0,"enemies":"3 Byrds","floor":18.0,"turns":4.0},{"damage":2.0,"enemies":"Shell Parasite","floor":22.0,"turns":3.0},{"damage":28.0,"enemies":"Slavers","floor":23.0,"turns":5.0},{"damage":0.0,"enemies":"Chosen and Byrds","floor":28.0,"turns":4.0},{"damage":6.0,"enemies":"Book of Stabbing","floor":30.0,"turns":3.0},{"damage":4.0,"enemies":"Centurion and Healer","floor":31.0,"turns":3.0},{"damage":23.0,"enemies":"Automaton","floor":33.0,"turns":8.0},{"damage":3.0,"enemies":"Orb Walker","floor":35.0,"turns":3.0},{"damage":35.0,"enemies":"3 Shapes","floor":36.0,"turns":3.0},{"damage":11.0,"enemies":"Jaw Worm Horde","floor":39.0,"turns":3.0},{"damage":17,"enemies":"Mind Bloom Boss Battle","floor":41,"turns":4},{"damage":66,"enemies":"Reptomancer","floor":42,"turns":5}],"seed_played":"2372709378239731048","potions_obtained":[{"floor":5.0,"key":"BlessingOfTheForge"},{"floor":6.0,"key":"FocusPotion"},{"floor":11.0,"key":"Strength Potion"},{"floor":16.0,"key":"EssenceOfSteel"},{"floor":18.0,"key":"Fire Potion"},{"floor":28.0,"key":"DuplicationPotion"},{"floor":33.0,"key":"Regen Potion"},{"floor":36.0,"key":"DistilledChaos"}],"is_trial":false,"path_per_floor":["M","?","M","M","M","E","R","E","T","M","M","?","$","?","R","B",null,"M","?","$","?","M","E","R","?","T","?","M","R","E","M","R","B",null,"M","M","?","$","M","R","?","E"],"character_chosen":"DEFECT","items_purchased":["Sadistic Nature","DuplicationPotion","MerchantsRug","Strawberry","ClockworkSouvenir","Pantograph"],"campfire_rested":3,"item_purchase_floors":[13,13,38,38,38,38],"current_hp_per_floor":[60,49,42,41,25,7,27,22,22,18,8,8,8,8,26,14,63,59,59,59,59,61,35,35,19,19,40,40,40,34,32,50,29,63,60,27,27,34,44,44,53,0,0],"gold":75,"neow_bonus":"TRANSFORM_TWO_CARDS","is_daily":false,"chose_seed":false,"campfire_upgraded":3,"win_rate":0.0,"timestamp":1613248356,"path_taken":["M","?","M","M","M","E","R","E","T","M","M","?","$","?","R","BOSS","M","?","$","?","M","E","R","?","T","?","M","R","E","M","R","BOSS","M","M","?","$","M","R","?","E"],"items_purchased_type":["Card","Potion","Relic","Relic","Relic","Relic"],"build_version":"2020-12-22","purchased_purges":3,"victory":false,"max_hp_per_floor":[68,68,68,68,68,68,68,68,68,68,68,63,63,63,63,63,63,63,63,63,63,63,63,63,63,63,63,63,63,63,63,63,63,63,63,63,63,70,70,70,70,70,70],"card_choices":[{"not_picked":["Barrage","Rebound"],"picked":"Gash","floor":1.0},{"not_picked":["Rebound","White Noise"],"picked":"Redo","floor":3.0},{"not_picked":["Auto Shields","Consume"],"picked":"Gash","floor":4.0},{"not_picked":["Coolheaded","Barrage"],"picked":"Beam Cell","floor":5.0},{"not_picked":["Reprogram","Multi-Cast"],"picked":"Go for the Eyes","floor":6.0},{"not_picked":["Auto Shields","Leap"],"picked":"Ball Lightning","floor":8.0},{"not_picked":["Sweeping Beam","Cold Snap"],"picked":"Conserve Battery","floor":10.0},{"not_picked":["Turbo","Consume","Streamline"],"picked":"SKIP","floor":11.0},{"not_picked":["Thunder Strike","Reboot"],"picked":"Fission","floor":16.0},{"not_picked":["Tempest","Barrage"],"picked":"Go for the Eyes","floor":18.0},{"not_picked":["Stack","Cold Snap","Conserve Battery"],"picked":"SKIP","floor":22.0},{"not_picked":["Go for the Eyes","Aggregate+1"],"picked":"Gash","floor":23.0},{"not_picked":["Leap","Steam"],"picked":"Sweeping Beam","floor":28.0},{"not_picked":["Reinforced Body","Chaos","Amplify"],"picked":"SKIP","floor":30.0},{"not_picked":["Redo","Recycle"],"picked":"Go for the Eyes","floor":31.0},{"not_picked":["Conserve Battery+1","Defragment","Leap+1"],"picked":"SKIP","floor":35.0},{"not_picked":["Steam","Ball Lightning+1","Loop"],"picked":"SKIP","floor":36.0},{"not_picked":["Coolheaded+1","Ball Lightning+1"],"picked":"Steam+1","floor":39.0},{"not_picked":["Genetic Algorithm+1","Go for the Eyes+1"],"picked":"Gash","floor":41}],"player_experience":214180,"relics_obtained":[{"floor":6.0,"key":"Orichalcum"},{"floor":8.0,"key":"Omamori"},{"floor":9.0,"key":"Toy Ornithopter"},{"floor":23.0,"key":"Boot"},{"floor":25.0,"key":"Nilry\u0027s Codex"},{"floor":30.0,"key":"Blood Vial"},{"floor":41,"key":"CaptainsWheel"}],"event_choices":[{"damage_healed":0.0,"max_hp_gain":0.0,"max_hp_loss":0.0,"gold_gain":75.0,"event_name":"World of Goop","player_choice":"Gather Gold","floor":2.0,"gold_loss":0.0,"damage_taken":11.0},{"damage_healed":0.0,"max_hp_gain":0.0,"max_hp_loss":5.0,"gold_gain":0.0,"event_name":"Golden Idol","player_choice":"Lose Max HP","floor":12.0,"gold_loss":0.0,"damage_taken":0.0,"relics_obtained":["Golden Idol"]},{"damage_healed":0.0,"max_hp_gain":0.0,"max_hp_loss":0.0,"gold_gain":30.0,"event_name":"Dead Adventurer","player_choice":"Searched \u00271\u0027 times","floor":14.0,"gold_loss":0.0,"damage_taken":0.0},{"cards_removed":["Strike_B"],"damage_healed":0.0,"max_hp_gain":0.0,"max_hp_loss":0.0,"gold_gain":0.0,"event_name":"Back to Basics","player_choice":"Elegance","floor":19.0,"gold_loss":0.0,"damage_taken":0.0},{"damage_healed":0.0,"max_hp_gain":0.0,"max_hp_loss":0.0,"gold_gain":99.0,"event_name":"Nest","player_choice":"Stole From Cult","floor":21.0,"gold_loss":0.0,"damage_taken":0.0},{"damage_healed":0.0,"max_hp_gain":0.0,"max_hp_loss":0.0,"gold_gain":0.0,"event_name":"Cursed Tome","player_choice":"Obtained Book","floor":25.0,"gold_loss":0.0,"damage_taken":16.0},{"damage_healed":21.0,"max_hp_gain":0.0,"max_hp_loss":0.0,"gold_gain":0.0,"event_name":"The Library","player_choice":"Heal","floor":27.0,"gold_loss":0.0,"damage_taken":0.0},{"damage_healed":0.0,"max_hp_gain":0.0,"max_hp_loss":0.0,"gold_gain":333.0,"event_name":"The Moai Head","player_choice":"Gave Idol","floor":37.0,"relics_lost":["Golden Idol"],"gold_loss":0.0,"damage_taken":0.0},{"damage_healed":0,"gold_gain":0,"player_choice":"Fight","damage_taken":0,"max_hp_gain":0,"max_hp_loss":0,"event_name":"MindBloom","floor":41,"gold_loss":0}],"is_beta":false,"boss_relics":[{"not_picked":["FrozenCore","Snecko Eye"],"picked":"Nuclear Battery"},{"not_picked":["Runic Pyramid","Busted Crown"],"picked":"Empty Cage"}],"items_purged_floors":[13,20,38],"is_endless":false,"potions_floor_spawned":[5,6,11,16,18,28,33,36],"killed_by":"Reptomancer","ascension_level":0}}