{"host":"wrdw6zkxuilnr6rg","time":1613210070,"event":{"mods":["BaseMod","Colored Powertips","Highlight Path","Minty Spire (QoL Compilation)","Quick Restart","StSLib"],"gold_per_floor":[119,294,3,3,3,30,30,65,65,80,7,7,41,51,51,156,156,168,188,62,137,236,236,264,264,264,264,174,174,253,271,271,374,374,390,440,226,275,285,319,21,40,93,173,173,203,250,261,261,291,291,291,41,66,66],"floor_reached":56,"language":"ENG","playtime":3644,"items_purged":["Doubt","Defend_P","Strike_P","Defend_P","Strike_P"],"score":1368,"play_id":"76eaa880-5d05-44e7-997f-9e93f573593c","local_time":"20210213125430","is_ascension_mode":false,"campfire_choices":[{"data":"Eruption","floor":7.0,"key":"SMITH"},{"data":"CrushJoints","floor":12.0,"key":"SMITH"},{"data":"Wish","floor":15.0,"key":"SMITH"},{"data":"Omniscience","floor":23.0,"key":"SMITH"},{"data":"Blind","floor":25.0,"key":"SMITH"},{"data":"Wallop","floor":27.0,"key":"SMITH"},{"data":"Adaptation","floor":32.0,"key":"SMITH"},{"floor":45,"key":"RECALL"},{"data":"TalkToTheHand","floor":49,"key":"SMITH"},{"data":"Tantrum","floor":52,"key":"SMITH"}],"circlet_count":0,"master_deck":["Strike_P","Eruption+1","Vigilance+1","EmptyFist","Adaptation+1","Wallop+1","Blind+1","ThirdEye","EmptyBody","CrushJoints+1","BowlingBash","Evaluate","Sanctity","Wish+1","FlurryOfBlows","Omniscience+1","Consecrate","EmptyMind+1","DevaForm","Evaluate+1","InnerPeace+1","DeusExMachina","MentalFortress+1","Wallop+1","LikeWater+1","SandsOfTime","InnerPeace+1","SashWhip+1","TalkToTheHand+1","MentalFortress+1","Tantrum+1","Finesse"],"relics":["PureWater","Membership Card","Tiny Chest","Mercury Hourglass","Strawberry","Letter Opener","Orrery","Regal Pillow","Sozu","Oddly Smooth Stone","Question Card","Darkstone Periapt","FossilizedHelix","Philosopher\u0027s Stone","Bird Faced Urn","ClockworkSouvenir","Omamori","Happy Flower","CaptainsWheel","Lee\u0027s Waffle","TungstenRod","The Courier","Mango","Blood Vial"],"acts_visited":["Exordium","TheCity","TheBeyond","TheEnding"],"potions_floor_usage":[55],"damage_taken":[{"damage":7.0,"enemies":"Small Slimes","floor":1.0,"turns":3.0},{"damage":14.0,"enemies":"Lagavulin","floor":6.0,"turns":10.0},{"damage":3.0,"enemies":"3 Sentries","floor":8.0,"turns":5.0},{"damage":0.0,"enemies":"Jaw Worm","floor":10.0,"turns":2.0},{"damage":15.0,"enemies":"Gremlin Nob","floor":13.0,"turns":4.0},{"damage":0.0,"enemies":"Cultist","floor":14.0,"turns":3.0},{"damage":9.0,"enemies":"The Guardian","floor":16.0,"turns":7.0},{"damage":1.0,"enemies":"Shell Parasite","floor":18.0,"turns":6.0},{"damage":0.0,"enemies":"Spheric Guardian","floor":19.0,"turns":3.0},{"damage":0.0,"enemies":"Centurion and Healer","floor":21.0,"turns":5.0},{"damage":13.0,"enemies":"Slavers","floor":24.0,"turns":4.0},{"damage":0.0,"enemies":"Snake Plant","floor":30.0,"turns":5.0},{"damage":0.0,"enemies":"Cultist and Chosen","floor":31.0,"turns":4.0},{"damage":0.0,"enemies":"Automaton","floor":33.0,"turns":6.0},{"damage":0.0,"enemies":"3 Shapes","floor":35.0,"turns":15.0},{"damage":41.0,"enemies":"2 Orb Walkers","floor":36.0,"turns":5.0},{"damage":0.0,"enemies":"Orb Walker","floor":38.0,"turns":3.0},{"damage":0.0,"enemies":"Maw","floor":39.0,"turns":5.0},{"damage":0.0,"enemies":"Reptomancer","floor":40.0,"turns":7.0},{"damage":0.0,"enemies":"Spire Growth","floor":42.0,"turns":4.0},{"damage":12,"enemies":"Mind Bloom Boss Battle","floor":44,"turns":5},{"damage":0,"enemies":"Nemesis","floor":46,"turns":9},{"damage":0,"enemies":"Sphere and 2 Shapes","floor":47,"turns":4},{"damage":0,"enemies":"4 Shapes","floor":48,"turns":4},{"damage":29,"enemies":"Time Eater","floor":50,"turns":11},{"damage":0,"enemies":"Shield and Spear","floor":54,"turns":5},{"damage":7,"enemies":"The Heart","floor":55,"turns":9}],"seed_played":"-7355150056296787678","potions_obtained":[{"floor":10.0,"key":"EntropicBrew"},{"floor":16.0,"key":"DuplicationPotion"}],"is_trial":false,"path_per_floor":["M","?","$","?","T","E","R","E","T","M","$","R","E","M","R","B",null,"M","M","$","M","?","R","E","R","T","R","?","T","M","M","R","B",null,"M","?","$","M","M","E","$","M","T","?","R","E","M","M","R","B",null,"R","$","E","B",null],"character_chosen":"WATCHER","items_purchased":["Membership Card","Adaptation","Wallop","Blind","Orrery","Oddly Smooth Stone","ClockworkSouvenir","Omamori","CaptainsWheel","Lee\u0027s Waffle","Mango","Finesse"],"campfire_rested":0,"item_purchase_floors":[3,3,3,3,11,20,37,37,41,41,53,53],"current_hp_per_floor":[58,58,58,63,63,49,49,53,53,53,53,53,38,38,38,29,77,76,76,76,76,76,76,63,63,63,63,63,63,63,63,63,63,77,77,36,36,36,42,52,84,84,84,78,78,84,84,84,84,57,84,84,98,98,98],"gold":66,"neow_bonus":"REMOVE_TWO","is_daily":false,"chose_seed":false,"campfire_upgraded":9,"win_rate":0.0,"timestamp":1613210070,"path_taken":["M","?","$","?","?","E","R","E","T","M","$","R","E","?","R","BOSS","M","M","$","M","?","R","E","R","T","R","?","?","?","M","R","BOSS","M","?","$","M","M","E","$","M","T","?","R","E","M","M","R","BOSS","R","$","E","BOSS"],"items_purchased_type":["Relic","Card","Card","Card","Relic","Relic","Relic","Relic","Relic","Relic","Relic","Card"],"build_version":"2020-12-22","purchased_purges":5,"victory":true,"max_hp_per_floor":[65,65,65,70,70,70,70,77,77,77,77,77,77,77,77,77,77,77,77,77,77,77,77,77,77,77,77,77,77,77,77,77,77,77,77,77,77,77,77,77,84,84,84,84,84,84,84,84,84,84,84,84,98,98,98],"card_choices":[{"not_picked":["Protect","ClearTheMind"],"picked":"EmptyFist","floor":1.0},{"not_picked":["ConjureBlade","EmptyFist"],"picked":"ThirdEye","floor":6.0},{"not_picked":["Fasting2","Collect"],"picked":"EmptyBody","floor":8.0},{"not_picked":["EmptyBody","LikeWater"],"picked":"CrushJoints","floor":10.0},{"not_picked":["Wireheading","Scrawl"],"picked":"BowlingBash","floor":11.0},{"not_picked":["FollowUp","Protect"],"picked":"Evaluate","floor":11.0},{"not_picked":["EmptyFist","JustLucky"],"picked":"Sanctity","floor":11.0},{"not_picked":["EmptyBody","SignatureMove"],"picked":"Wish","floor":13.0},{"not_picked":["Crescendo","CrushJoints"],"picked":"FlurryOfBlows","floor":14.0},{"not_picked":["Vault","Establishment"],"picked":"Omniscience","floor":16.0},{"not_picked":["EmptyFist","JustLucky"],"picked":"Consecrate","floor":18.0},{"not_picked":["Nirvana+1","BowlingBash"],"picked":"EmptyMind+1","floor":19.0},{"not_picked":["WheelKick","Fasting2+1"],"picked":"DevaForm","floor":21.0},{"not_picked":["Protect","FlyingSleeves"],"picked":"Evaluate+1","floor":24.0},{"not_picked":["WaveOfTheHand","ThirdEye+1","EmptyMind"],"picked":"InnerPeace+1","floor":30.0},{"not_picked":["PathToVictory+1","Halt","SashWhip","ForeignInfluence+1"],"picked":"SKIP","floor":31.0},{"not_picked":["Devotion","Blasphemy","Brilliance"],"picked":"DeusExMachina","floor":33.0},{"not_picked":["PathToVictory+1","Adaptation","CarveReality+1"],"picked":"MentalFortress+1","floor":35.0},{"not_picked":["CutThroughFate","Pray+1","FollowUp"],"picked":"Wallop+1","floor":38.0},{"not_picked":["WheelKick+1","Prostrate+1","SignatureMove"],"picked":"LikeWater+1","floor":39.0},{"not_picked":["ThirdEye+1","Wireheading","Fasting2+1"],"picked":"SandsOfTime","floor":40.0},{"not_picked":["EmptyMind","WindmillStrike","ThirdEye+1"],"picked":"InnerPeace+1","floor":42.0},{"not_picked":["SandsOfTime+1","PathToVictory+1","CutThroughFate"],"picked":"SashWhip+1","floor":44},{"not_picked":["FlurryOfBlows+1","FlyingSleeves+1","Wallop"],"picked":"TalkToTheHand","floor":46},{"not_picked":["WreathOfFlame","CarveReality+1","SandsOfTime"],"picked":"MentalFortress+1","floor":47},{"not_picked":["Judgement","FlyingSleeves+1","Conclude"],"picked":"Tantrum","floor":48},{"not_picked":["BattleHymn","FlurryOfBlows+1","Establishment","ConjureBlade"],"picked":"SKIP","floor":54}],"player_experience":1433460,"relics_obtained":[{"floor":5.0,"key":"Tiny Chest"},{"floor":6.0,"key":"Mercury Hourglass"},{"floor":8.0,"key":"Strawberry"},{"floor":9.0,"key":"Letter Opener"},{"floor":13.0,"key":"Regal Pillow"},{"floor":24.0,"key":"Question Card"},{"floor":26.0,"key":"Darkstone Periapt"},{"floor":29.0,"key":"FossilizedHelix"},{"floor":36.0,"key":"Bird Faced Urn"},{"floor":40.0,"key":"Happy Flower"},{"floor":44,"key":"TungstenRod"},{"floor":46,"key":"The Courier"},{"floor":54,"key":"Blood Vial"}],"event_choices":[{"damage_healed":0.0,"max_hp_gain":0.0,"max_hp_loss":0.0,"gold_gain":175.0,"event_name":"Liars Game","player_choice":"AGREE","floor":2.0,"gold_loss":0.0,"damage_taken":0.0,"cards_obtained":["Doubt"]},{"damage_healed":0.0,"max_hp_gain":5.0,"max_hp_loss":0.0,"gold_gain":0.0,"event_name":"Big Fish","player_choice":"Donut","floor":4.0,"gold_loss":0.0,"damage_taken":0.0},{"damage_healed":0.0,"max_hp_gain":0.0,"max_hp_loss":0.0,"gold_gain":99.0,"event_name":"Nest","player_choice":"Stole From Cult","floor":22.0,"gold_loss":0.0,"damage_taken":0.0},{"cards_removed":["Defend_P"],"damage_healed":0.0,"max_hp_gain":0.0,"max_hp_loss":0.0,"gold_gain":0.0,"event_name":"Designer","player_choice":"Upgrade and Remove","floor":28.0,"gold_loss":90.0,"damage_taken":0.0,"cards_upgraded":["Vigilance"]},{"damage_healed":0.0,"max_hp_gain":0.0,"max_hp_loss":0.0,"gold_gain":0.0,"event_name":"Mysterious Sphere","player_choice":"Fight","floor":36.0,"gold_loss":0.0,"damage_taken":0.0},{"damage_healed":0,"gold_gain":0,"player_choice":"Fight","damage_taken":0,"max_hp_gain":0,"max_hp_loss":0,"event_name":"MindBloom","floor":44,"gold_loss":0}],"is_beta":false,"boss_relics":[{"not_picked":["Calling Bell","Tiny House"],"picked":"Sozu"},{"not_picked":["Pandora\u0027s Box","Fusion Hammer"],"picked":"Philosopher\u0027s Stone"}],"items_purged_floors":[3,20,37,41,53],"is_endless":false,"potions_floor_spawned":[10,16,21,24,30,33,36,38,39,40,42,48,54],"ascension_level":0}}