{"host":"nlbr7nnijupf3yfg","time":1613189817,"event":{"mods":["AchievementEnabler","BaseMod","Colored Powertips","Hubris","Minty Spire (QoL Compilation)","Replay The Spire","StSLib","SuperFastMode"],"gold_per_floor":[113,77,90,90,108,119,137,137,137,170,170,185,42,42,42,0,0],"floor_reached":16,"language":"ENG","playtime":191,"items_purged":["Injury"],"score":148,"play_id":"9ab12629-61c0-4442-8e07-416fc06f2b5b","local_time":"20210212231657","is_ascension_mode":true,"campfire_choices":[{"data":"Infernal Blade","floor":8,"key":"SMITH"},{"data":"Infernal Blade","floor":15,"key":"SMITH"}],"circlet_count":0,"master_deck":["Strike_R","Strike_R","Strike_R","Strike_R","Defend_R","Defend_R","Defend_R","Defend_R","Bash","Thunderclap","Infernal Blade+1","Twin Strike","Havoc","Cleave","Infernal Blade+1","Perfected Strike","Flame Barrier","Whirlwind"],"relics":["Burning Blood","NeowsBlessing","hubris:Icosahedron","Blood Vial","hubris:DisguiseKit","Golden Idol"],"acts_visited":["Exordium"],"potions_floor_usage":[12,16],"damage_taken":[{"damage":0,"enemies":"Cultist","floor":1,"turns":1},{"damage":0,"enemies":"Small Slimes","floor":3,"turns":1},{"damage":0,"enemies":"Jaw Worm","floor":5,"turns":1},{"damage":7,"enemies":"Large Slime","floor":6,"turns":5},{"damage":14,"enemies":"Red Slaver","floor":7,"turns":2},{"damage":40,"enemies":"Lagavulin","floor":10,"turns":4},{"damage":12,"enemies":"Lots of Slimes","floor":12,"turns":3},{"damage":27,"enemies":"Hexaghost","floor":16,"turns":7}],"seed_played":"4452159504493198723","potions_obtained":[{"floor":1,"key":"LifebloodPotion"},{"floor":5,"key":"Ancient Potion"},{"floor":10,"key":"DuplicationPotion"}],"is_trial":false,"path_per_floor":["M","$","M","?","M","M","M","R","T","E","?","M","$","?","R","B"],"character_chosen":"IRONCLAD","items_purchased":["Infernal Blade","Whirlwind"],"campfire_rested":0,"item_purchase_floors":[2,13],"current_hp_per_floor":[78,78,80,80,80,79,71,71,71,39,39,35,35,35,35,10,10],"gold":0,"neow_bonus":"THREE_ENEMY_KILL","is_daily":false,"chose_seed":false,"campfire_upgraded":2,"win_rate":0.0,"timestamp":1613189817,"path_taken":["M","$","?","?","M","M","M","R","T","E","?","M","$","?","R","BOSS"],"items_purchased_type":["Card","Card"],"build_version":"2020-12-22","purchased_purges":1,"victory":false,"max_hp_per_floor":[80,80,80,80,80,80,80,80,80,80,80,80,80,80,80,80,80],"card_choices":[{"not_picked":["ReplayTheSpireMod:LeadingStrike","Wild Strike"],"picked":"Thunderclap","floor":1},{"not_picked":["Headbutt","Replay:Undeath\u0027s Touch"],"picked":"Twin Strike","floor":3},{"not_picked":["Massacre","ReplayTheSpireMod:Muscle Training"],"picked":"Havoc","floor":5},{"not_picked":["Battle Trance","ReplayTheSpireMod:Stacked"],"picked":"Cleave","floor":6},{"not_picked":["ReplayTheSpireMod:LeadingStrike","Heavy Blade"],"picked":"Infernal Blade","floor":7},{"not_picked":["Power Through","Clothesline"],"picked":"Perfected Strike","floor":10},{"not_picked":["Pommel Strike","Headbutt","Prostrate"],"picked":"Flame Barrier","floor":12}],"player_experience":53338,"relics_obtained":[{"floor":9,"key":"Blood Vial"},{"floor":10,"key":"hubris:DisguiseKit"}],"event_choices":[{"damage_healed":0,"gold_gain":0,"player_choice":"Take Wound","damage_taken":0,"relics_obtained":["Golden Idol"],"max_hp_gain":0,"max_hp_loss":0,"event_name":"Golden Idol","floor":11,"gold_loss":0,"cards_obtained":["Injury"]},{"cards_removed":["Strike_R"],"damage_healed":0,"gold_gain":0,"player_choice":"Offered Basic","damage_taken":0,"max_hp_gain":0,"max_hp_loss":0,"event_name":"Bonfire Elementals","floor":14,"gold_loss":0}],"is_beta":false,"boss_relics":[],"items_purged_floors":[13],"is_endless":false,"potions_floor_spawned":[1,5,10],"killed_by":"Hexaghost","ascension_level":9}}