{"host":"0vi0gkvt1l5rvyqa","time":1613234070,"event":{"mods":["BaseMod","Minty Spire (QoL Compilation)","Remove Card Discount Mod","StSLib","Treasure Hunter"],"gold_per_floor":[111,124,138,213,123,153,153,165,190,190,37,66,78,108,108,207,207,224,169,169,179,193,226,226,226,249,249,164,191,208,258,258,356,356,371,371,384,384,397,397,430,430,454,454,454],"floor_reached":44,"language":"DEU","playtime":3568,"items_purged":["Strike_B","Strike_B","Defend_B","Defend_B","Defend_B","Regret","Defend_B","TH:EnergyPotion","TH:CursedSword","TH:TreasureMap"],"score":532,"play_id":"33241862-ed30-4544-bb94-210647e7582c","local_time":"20210213173430","is_ascension_mode":true,"campfire_choices":[{"floor":7,"key":"REST"},{"floor":15,"key":"REST"},{"data":"Buffer","floor":25,"key":"SMITH"},{"data":"Redo","floor":27,"key":"SMITH"},{"floor":32,"key":"REST"},{"data":"Self Repair","floor":40,"key":"SMITH"},{"data":"Conserve Battery","floor":42,"key":"SMITH"}],"circlet_count":0,"master_deck":["Strike_B+1","Strike_B+1","Zap","Dualcast","Electrodynamics","Genetic Algorithm","Conserve Battery+1","Conserve Battery","Leap","Lockon","Self Repair+1","Buffer+1","Leap","Redo+1","Tempest","Redo","Leap+1","Multi-Cast","Defragment+1","Writhe","Hologram+1","Consume+1"],"relics":["Cracked Core","Whetstone","Ancient Tea Set","Lantern","Bag of Preparation","Odd Mushroom","Potion Belt","Sozu","Bottled Lightning","Dream Catcher","Juzu Bracelet","Anchor","Inserter","Question Card","Happy Flower","Smiling Mask"],"acts_visited":["Exordium","TheCity","TheBeyond"],"potions_floor_usage":[8],"damage_taken":[{"damage":4,"enemies":"Jaw Worm","floor":1,"turns":3},{"damage":2,"enemies":"2 Louse","floor":2,"turns":2},{"damage":0,"enemies":"Small Slimes","floor":3,"turns":3},{"damage":15,"enemies":"3 Sentries","floor":6,"turns":4},{"damage":1,"enemies":"3 Louse","floor":8,"turns":2},{"damage":0,"enemies":"The Mushroom Lair","floor":12,"turns":2},{"damage":7,"enemies":"Gremlin Gang","floor":13,"turns":2},{"damage":22,"enemies":"Gremlin Nob","floor":14,"turns":4},{"damage":11,"enemies":"The Guardian","floor":16,"turns":11},{"damage":4,"enemies":"3 Byrds","floor":18,"turns":3},{"damage":11,"enemies":"Spheric Guardian","floor":21,"turns":4},{"damage":8,"enemies":"Shelled Parasite and Fungi","floor":22,"turns":5},{"damage":15,"enemies":"Slavers","floor":23,"turns":5},{"damage":9,"enemies":"Gremlin Leader","floor":29,"turns":5},{"damage":8,"enemies":"Snake Plant","floor":30,"turns":3},{"damage":16,"enemies":"Automaton","floor":33,"turns":12},{"damage":18,"enemies":"3 Darklings","floor":35,"turns":4},{"damage":22,"enemies":"Orb Walker","floor":37,"turns":5},{"damage":20,"enemies":"3 Darklings","floor":39,"turns":4},{"damage":17,"enemies":"Nemesis","floor":41,"turns":9},{"damage":42,"enemies":"Reptomancer","floor":44,"turns":3}],"seed_played":"-2510738883840827197","potions_obtained":[{"floor":3,"key":"DuplicationPotion"},{"floor":12,"key":"PotionOfCapacity"},{"floor":14,"key":"Regen Potion"}],"is_trial":false,"path_per_floor":["M","M","M","?","$","E","R","M","T","?","$","?","M","E","R","B",null,"M","$","?","M","M","E","?","R","T","R","?","E","M","T","R","B",null,"M","?","M","T","M","R","E","R","T","E"],"character_chosen":"DEFECT","items_purchased":["Conserve Battery","Leap","Bag of Preparation","Leap"],"campfire_rested":3,"item_purchase_floors":[5,5,11,19],"current_hp_per_floor":[71,69,69,58,58,43,65,64,64,64,64,64,57,35,57,53,75,71,71,71,67,66,58,58,58,58,58,58,56,55,55,75,66,75,64,75,60,60,47,47,40,40,40,0,0],"gold":454,"neow_bonus":"ONE_RANDOM_RARE_CARD","is_daily":false,"chose_seed":false,"campfire_upgraded":4,"win_rate":0.0,"timestamp":1613234070,"path_taken":["M","M","M","?","$","E","R","M","T","?","$","?","M","E","R","BOSS","M","$","?","?","M","E","?","R","T","R","?","E","M","?","R","BOSS","M","?","M","?","M","R","E","R","T","E"],"items_purchased_type":["Card","Card","Relic","Card"],"build_version":"2020-12-22","purchased_purges":10,"victory":false,"max_hp_per_floor":[75,75,75,75,75,75,75,75,75,75,75,75,75,75,75,75,75,75,75,75,75,75,75,75,75,75,75,75,75,75,75,75,75,75,75,75,75,75,75,75,75,75,75,75,75],"card_choices":[{"not_picked":["Sweeping Beam","Beam Cell","Chaos"],"picked":"SKIP","floor":1},{"not_picked":["Skim","Sweeping Beam"],"picked":"Genetic Algorithm","floor":2},{"not_picked":["FTL","BootSequence"],"picked":"Conserve Battery","floor":3},{"not_picked":["TH:CursedSword"],"picked":"TH:EnergyPotion","floor":6},{"not_picked":["Compile Driver","Amplify","Beam Cell"],"picked":"SKIP","floor":6},{"not_picked":["Cold Snap","Go for the Eyes","Rebound"],"picked":"SKIP","floor":8},{"not_picked":["TH:PixieDust","TH:TreasureMap"],"picked":"SKIP","floor":9},{"not_picked":["Coolheaded","FTL"],"picked":"Lockon","floor":12},{"not_picked":["Sunder","Rebound","Sweeping Beam"],"picked":"SKIP","floor":13},{"not_picked":["TH:Mimic"],"picked":"TH:TreasureMap","floor":14},{"not_picked":["Cold Snap","Go for the Eyes"],"picked":"Self Repair","floor":14},{"not_picked":["TH:PixieDust"],"picked":"TH:CursedSword","floor":16},{"not_picked":["Reboot","Multi-Cast"],"picked":"Buffer","floor":16},{"not_picked":["Turbo+1","Heatsinks","Barrage+1"],"picked":"SKIP","floor":18},{"not_picked":["Sweeping Beam","Gash"],"picked":"Redo","floor":21},{"not_picked":["Sweeping Beam+1","Creative AI"],"picked":"Tempest","floor":22},{"not_picked":["TH:TreasureMap","TH:CopperCoins"],"picked":"SKIP","floor":23},{"not_picked":["Chaos","Sunder","Heatsinks+1"],"picked":"SKIP","floor":23},{"not_picked":["TH:TreasureMap","TH:CursedSword"],"picked":"SKIP","floor":26},{"not_picked":["Compile Driver","Beam Cell+1"],"picked":"Redo","floor":29},{"not_picked":["TH:TreasureMap","TH:CopperCoins"],"picked":"SKIP","floor":29},{"not_picked":["Biased Cognition","Gash"],"picked":"Leap+1","floor":30},{"not_picked":["TH:BikiniMail","TH:ArmorSpikes"],"picked":"SKIP","floor":31},{"not_picked":["Reboot","Biased Cognition"],"picked":"Multi-Cast","floor":33},{"not_picked":["Redo+1","Reprogram+1"],"picked":"Defragment+1","floor":35},{"not_picked":["Ball Lightning","Capacitor"],"picked":"Hologram+1","floor":37},{"not_picked":["TH:BikiniMail","TH:DeckOfManyThings"],"picked":"SKIP","floor":38},{"not_picked":["Rebound+1","Hello World","Streamline","Barrage+1"],"picked":"SKIP","floor":39},{"not_picked":["Fission","Fusion","Barrage"],"picked":"Consume+1","floor":41},{"not_picked":["TH:BikiniMail","TH:ElvenBoots","TH:TreasureMap"],"picked":"SKIP","floor":41},{"not_picked":["TH:ElvenBoots","TH:CopperCoins","TH:ArmorSpikes"],"picked":"SKIP","floor":43}],"player_experience":43565,"relics_obtained":[{"floor":6,"key":"Whetstone"},{"floor":9,"key":"Ancient Tea Set"},{"floor":12,"key":"Odd Mushroom"},{"floor":14,"key":"Potion Belt"},{"floor":23,"key":"Bottled Lightning"},{"floor":29,"key":"Juzu Bracelet"},{"floor":31,"key":"Anchor"},{"floor":38,"key":"Question Card"},{"floor":41,"key":"Happy Flower"},{"floor":43,"key":"Smiling Mask"}],"event_choices":[{"damage_healed":0,"gold_gain":75,"player_choice":"Gather Gold","damage_taken":11,"max_hp_gain":0,"max_hp_loss":0,"event_name":"World of Goop","floor":4,"gold_loss":0},{"damage_healed":0,"gold_gain":0,"player_choice":"Box","damage_taken":0,"relics_obtained":["Lantern"],"max_hp_gain":0,"max_hp_loss":0,"event_name":"Big Fish","floor":10,"gold_loss":0,"cards_obtained":["Regret"]},{"damage_healed":0,"gold_gain":0,"player_choice":"Fought Mushrooms","damage_taken":0,"max_hp_gain":0,"max_hp_loss":0,"event_name":"Mushrooms","floor":12,"gold_loss":0},{"damage_healed":0,"gold_gain":0,"player_choice":"Bought 0 Potions","damage_taken":0,"max_hp_gain":0,"max_hp_loss":0,"event_name":"The Woman in Blue","floor":20,"gold_loss":0},{"damage_healed":0,"gold_gain":0,"player_choice":"Ignored","damage_taken":0,"max_hp_gain":0,"max_hp_loss":0,"event_name":"Ghosts","floor":24,"gold_loss":0},{"damage_healed":0,"gold_gain":0,"player_choice":"Obtained Relic","damage_taken":0,"relics_obtained":["Dream Catcher"],"max_hp_gain":0,"max_hp_loss":0,"event_name":"Addict","floor":28,"gold_loss":85},{"damage_healed":19,"gold_gain":0,"player_choice":"Writhe","damage_taken":0,"max_hp_gain":0,"max_hp_loss":0,"event_name":"Winding Halls","floor":36,"gold_loss":0,"cards_obtained":["Writhe"]}],"is_beta":false,"boss_relics":[{"not_picked":["FrozenCore","Velvet Choker"],"picked":"Sozu"},{"not_picked":["Busted Crown","Black Star"],"picked":"Inserter"}],"items_purged_floors":[5,5,5,5,5,11,11,19,19,19],"is_endless":false,"potions_floor_spawned":[2,3,12,14,22,23],"killed_by":"Reptomancer","ascension_level":2}}