{"host":"m4pe905ae9bldoe7","time":1613247123,"event":{"mods":["BaseMod","Bestiary","Block Reminder","Downfall","Minty Spire (QoL Compilation)","StSLib"],"gold_per_floor":[110,123,177,190,23,23,53,53,53,70,70,70,82,102,102,179,179,198,198,212,212,137,137,151,184,184,184,230,244,259,259,259,259,259],"floor_reached":33,"language":"ENG","playtime":877,"items_purged":["downfall:Bewildered"],"score":583,"play_id":"02807d1c-157e-4ac2-a7e6-34602213f249","local_time":"20210213211203","is_ascension_mode":true,"campfire_choices":[{"data":"Bash","floor":6,"key":"SMITH"},{"data":"Heavy Blade","floor":8,"key":"SMITH"},{"data":"Heavy Blade","floor":12,"key":"SMITH"},{"floor":15,"key":"REST"},{"data":"Shockwave","floor":23,"key":"SMITH"},{"floor":27,"key":"REST"},{"floor":32,"key":"REST"}],"circlet_count":0,"master_deck":["AscendersBane","Strike_R","Strike_R+1","Strike_R","Strike_R","Strike_R","Defend_R","Defend_R","Defend_R","Bash+1","Perfected Strike+1","Heavy Blade+1","Headbutt","Perfected Strike","Offering","Warcry","Double Tap","Armaments","Heavy Blade+1","Disarm","Berserk","Shockwave+1","Decay","True Grit+1","Twin Strike","Spot Weakness","Spot Weakness"],"relics":["Burning Blood","NeowsBlessing","Orrery","Odd Mushroom","Pear","Sozu","sneckomod:BabySnecko","Magic Flower","StrikeDummy","Whetstone"],"acts_visited":["Exordium","TheCity"],"potions_floor_usage":[16,25,25],"damage_taken":[{"damage":0,"enemies":"Cultist","floor":1,"turns":1},{"damage":0,"enemies":"Jaw Worm","floor":2,"turns":1},{"damage":0,"enemies":"2 Louse","floor":4,"turns":1},{"damage":29,"enemies":"The Mushroom Lair","floor":7,"turns":4},{"damage":19,"enemies":"Exordium Thugs","floor":10,"turns":3},{"damage":12,"enemies":"2 Fungi Beasts","floor":13,"turns":4},{"damage":18,"enemies":"Blue Slaver","floor":14,"turns":3},{"damage":6,"enemies":"Slime Boss","floor":16,"turns":3},{"damage":33,"enemies":"2 Thieves","floor":18,"turns":3},{"damage":0,"enemies":"Chosen","floor":20,"turns":3},{"damage":13,"enemies":"Snake Plant","floor":24,"turns":4},{"damage":41,"enemies":"Slavers","floor":25,"turns":4},{"damage":16,"enemies":"Snecko","floor":29,"turns":3},{"damage":22,"enemies":"Centurion and Healer","floor":30,"turns":3},{"damage":88,"enemies":"Automaton","floor":33,"turns":6}],"seed_played":"6236403099793188963","potions_obtained":[{"floor":1,"key":"Fire Potion"},{"floor":10,"key":"Swift Potion"},{"floor":16,"key":"sneckomod:MuddlingPotion"}],"is_trial":false,"path_per_floor":["M","M","?","M","$","R","?","R","T","M","?","R","M","M","R","B",null,"M","?","M","?","$","R","M","E","T","R","T","M","M","?","R","B"],"character_chosen":"IRONCLAD","items_purchased":["Orrery"],"campfire_rested":3,"item_purchase_floors":[5],"current_hp_per_floor":[74,75,75,75,75,75,52,52,62,49,49,49,43,31,56,56,78,51,51,57,57,57,57,50,15,15,40,40,33,20,20,45,0,0],"gold":259,"neow_bonus":"THREE_ENEMY_KILL","is_daily":false,"chose_seed":false,"campfire_upgraded":4,"win_rate":0.0,"timestamp":1613247123,"path_taken":["M","?","?","M","$","R","?","R","T","M","?","R","M","M","R","BOSS","M","?","M","?","$","R","M","E","T","R","?","M","?","?","R","BOSS"],"items_purchased_type":["Relic"],"build_version":"2020-12-22","purchased_purges":1,"victory":false,"max_hp_per_floor":[75,75,75,75,75,75,75,75,85,85,85,85,85,85,85,85,85,85,85,85,85,85,85,85,85,85,85,85,85,85,85,85,85,85],"card_choices":[{"not_picked":["Evolve","Searing Blow"],"picked":"Perfected Strike","floor":1},{"not_picked":["Sword Boomerang","Pommel Strike"],"picked":"Heavy Blade","floor":2},{"not_picked":["Flame Barrier","Anger"],"picked":"Headbutt","floor":4},{"not_picked":["Rage","Reckless Charge"],"picked":"Perfected Strike","floor":5},{"not_picked":["Iron Wave","True Grit"],"picked":"Offering","floor":5},{"not_picked":["Clash","Anger"],"picked":"Warcry","floor":5},{"not_picked":["Feed","True Grit"],"picked":"Double Tap","floor":5},{"not_picked":["Warcry","Anger"],"picked":"Armaments","floor":5},{"not_picked":["Iron Wave","Havoc"],"picked":"Heavy Blade","floor":7},{"not_picked":["Headbutt","Rampage"],"picked":"Disarm","floor":10},{"not_picked":["Dark Embrace","Infernal Blade","Warcry"],"picked":"SKIP","floor":13},{"not_picked":["Headbutt","Entrench","Whirlwind"],"picked":"SKIP","floor":14},{"not_picked":["Barricade","Offering"],"picked":"Berserk","floor":16},{"not_picked":["Wild Strike","Headbutt"],"picked":"Shockwave","floor":18},{"not_picked":["Sever Soul","Infernal Blade"],"picked":"True Grit+1","floor":20},{"not_picked":["Barricade","Iron Wave"],"picked":"Twin Strike","floor":24},{"not_picked":["Shockwave","Flex","Shrug It Off"],"picked":"SKIP","floor":25},{"not_picked":["True Grit","Flex"],"picked":"Spot Weakness","floor":29},{"not_picked":["Anger","Havoc","Blood for Blood"],"picked":"SKIP","floor":30}],"player_experience":595046,"relics_obtained":[{"floor":7,"key":"Odd Mushroom"},{"floor":9,"key":"Pear"},{"floor":25,"key":"Magic Flower"},{"floor":26,"key":"StrikeDummy"},{"floor":28,"key":"Whetstone"}],"event_choices":[{"damage_healed":0,"gold_gain":54,"player_choice":"Gained Gold","damage_taken":0,"max_hp_gain":0,"max_hp_loss":0,"event_name":"Golden Wing","floor":3,"gold_loss":0},{"damage_healed":0,"gold_gain":0,"player_choice":"Fought Mushrooms","damage_taken":0,"max_hp_gain":0,"max_hp_loss":0,"event_name":"Mushrooms","floor":7,"gold_loss":0},{"cards_removed":["Defend_R"],"damage_healed":0,"gold_gain":0,"player_choice":"Offered Basic","damage_taken":0,"max_hp_gain":0,"max_hp_loss":0,"event_name":"Bonfire Elementals","floor":11,"gold_loss":0},{"damage_healed":0,"gold_gain":0,"player_choice":"Smashed Altar","damage_taken":0,"max_hp_gain":0,"max_hp_loss":0,"event_name":"Forgotten Altar","floor":19,"gold_loss":0,"cards_obtained":["Decay"]},{"damage_healed":0,"gold_gain":0,"player_choice":"Read","damage_taken":0,"max_hp_gain":0,"max_hp_loss":0,"event_name":"The Library","floor":31,"gold_loss":0,"cards_obtained":["Spot Weakness"]}],"is_beta":false,"boss_relics":[{"not_picked":["Snecko Eye","Fusion Hammer"],"picked":"Sozu"}],"items_purged_floors":[22],"is_endless":false,"potions_floor_spawned":[1,10,16,18,24,29],"killed_by":"Automaton","ascension_level":18}}