{"host":"pj7egx7jkoz18hom","time":1613187586,"event":{"mods":["AchievementEnabler","BaseMod","Keyboard Shortcuts","Minty Spire (QoL Compilation)","SuperFastMode"],"gold_per_floor":[114,64,81,81,91,124,124,124,124,124,139,139,15,15,15,143,143,163,11,42,67,93,93,128,148,202,202,227,127,107,37,37,163,163,183,183,196,196,0,33,54,54,54,123,141,141,141,141,141],"floor_reached":48,"language":"KOR","playtime":2291,"items_purged":["Defend_G","Envenom","Strike_G"],"score":499,"play_id":"647bcd93-a5ef-4358-8bb5-f8b209fc608d","local_time":"20210213123946","is_ascension_mode":false,"campfire_choices":[{"data":"Noxious Fumes","floor":7,"key":"SMITH"},{"data":"Noxious Fumes","floor":10,"key":"SMITH"},{"floor":12,"key":"REST"},{"data":"Deadly Poison","floor":15,"key":"SMITH"},{"floor":23,"key":"REST"},{"floor":27,"key":"REST"},{"floor":32,"key":"REST"},{"floor":42,"key":"REST"},{"floor":46,"key":"REST"}],"circlet_count":0,"master_deck":["Strike_G","Defend_G","Defend_G","Defend_G","Survivor","Neutralize","Noxious Fumes+1","Backflip","Noxious Fumes+1","Quick Slash","Dagger Throw","Deadly Poison+1","Prepared+1","Tactician","Dodge and Roll+1","Blur","Adrenaline","Reflex+1","Bouncing Flask","Footwork+1"],"relics":["Ring of the Snake","Bottled Flame","Golden Idol","Omamori","Calling Bell","Snake Skull","Letter Opener","Unceasing Top","Toolbox","Red Mask","PreservedInsect","StoneCalendar","Bag of Preparation","HoveringKite","Gremlin Horn","Tough Bandages","Tingsha"],"acts_visited":["Exordium","TheCity","TheBeyond"],"potions_floor_usage":[16,16,16,33,33,40,44],"damage_taken":[{"damage":5,"enemies":"Small Slimes","floor":1,"turns":4},{"damage":2,"enemies":"Jaw Worm","floor":3,"turns":5},{"damage":4,"enemies":"Cultist","floor":5,"turns":4},{"damage":13,"enemies":"Lagavulin","floor":6,"turns":7},{"damage":21,"enemies":"Exordium Thugs","floor":11,"turns":4},{"damage":34,"enemies":"Slime Boss","floor":16,"turns":8},{"damage":2,"enemies":"Chosen","floor":18,"turns":4},{"damage":26,"enemies":"Masked Bandits","floor":20,"turns":3},{"damage":7,"enemies":"Shell Parasite","floor":21,"turns":5},{"damage":0,"enemies":"Gremlin Leader","floor":24,"turns":5},{"damage":23,"enemies":"Cultist and Chosen","floor":25,"turns":5},{"damage":7,"enemies":"Sentry and Sphere","floor":28,"turns":5},{"damage":31,"enemies":"Collector","floor":33,"turns":7},{"damage":56,"enemies":"Orb Walker","floor":35,"turns":7},{"damage":5,"enemies":"3 Darklings","floor":37,"turns":3},{"damage":40,"enemies":"Reptomancer","floor":40,"turns":5},{"damage":17,"enemies":"Sphere and 2 Shapes","floor":41,"turns":5},{"damage":19,"enemies":"2 Orb Walkers","floor":44,"turns":4},{"damage":0,"enemies":"Spire Growth","floor":45,"turns":4},{"damage":40,"enemies":"4 Shapes","floor":48,"turns":3}],"seed_played":"8737228008591160305","potions_obtained":[{"floor":1,"key":"Strength Potion"},{"floor":3,"key":"Explosive Potion"},{"floor":6,"key":"Block Potion"},{"floor":21,"key":"Dexterity Potion"},{"floor":24,"key":"Dexterity Potion"},{"floor":25,"key":"SteroidPotion"},{"floor":30,"key":"Regen Potion"},{"floor":35,"key":"FearPotion"},{"floor":41,"key":"DistilledChaos"},{"floor":44,"key":"FearPotion"},{"floor":45,"key":"Dexterity Potion"}],"is_trial":false,"path_per_floor":["M","?","M","?","M","E","R","?","T","R","M","R","$","?","R","B",null,"M","$","?","M","T","R","E","M","T","R","M","$","?","$","R","B",null,"M","?","M","?","$","E","M","R","T","?","M","R","?","M"],"character_chosen":"THE_SILENT","items_purchased":["Deadly Poison","Toolbox","Blur","Bouncing Flask"],"campfire_rested":6,"item_purchase_floors":[13,19,31,39],"current_hp_per_floor":[65,65,63,56,52,39,39,39,39,39,18,37,37,37,37,3,65,63,63,37,30,30,49,49,26,26,45,38,38,38,38,57,26,65,9,25,20,57,57,29,12,29,29,10,10,27,27,0,0],"gold":141,"neow_bonus":"THREE_CARDS","is_daily":false,"chose_seed":false,"campfire_upgraded":3,"win_rate":0.0,"timestamp":1613187586,"path_taken":["M","?","M","?","M","E","R","?","T","R","M","R","?","?","R","BOSS","M","$","?","M","?","R","E","?","T","R","M","$","?","?","R","BOSS","M","?","M","?","$","E","M","R","T","?","M","R","?","M"],"items_purchased_type":["Card","Relic","Card","Card"],"build_version":"2020-12-22","purchased_purges":3,"victory":false,"max_hp_per_floor":[70,70,70,70,70,70,70,65,65,65,65,65,65,65,65,65,65,65,65,65,65,65,65,65,65,65,65,65,65,65,65,65,65,65,65,65,65,57,57,57,57,57,57,57,57,57,57,57,57],"card_choices":[{"not_picked":["Riddle With Holes","Leg Sweep"],"picked":"Noxious Fumes","floor":0},{"not_picked":["Dash","Choke"],"picked":"Backflip","floor":1},{"not_picked":["Backflip","Expertise"],"picked":"Noxious Fumes","floor":3},{"not_picked":["Reflex","Sucker Punch"],"picked":"Quick Slash","floor":5},{"not_picked":["Caltrops","Blade Dance"],"picked":"Dagger Throw","floor":6},{"not_picked":["Quick Slash","Calculated Gamble","Wraith Form v2"],"picked":"SKIP","floor":11},{"not_picked":["A Thousand Cuts","Wraith Form v2"],"picked":"Envenom","floor":16},{"not_picked":["Acrobatics+1","Infinite Blades+1"],"picked":"Prepared+1","floor":18},{"not_picked":["Skewer+1","Prepared"],"picked":"Tactician","floor":20},{"not_picked":["PiercingWail","Doppelganger","Dodge and Roll"],"picked":"SKIP","floor":21},{"not_picked":["Flechettes","Acrobatics","Dagger Throw"],"picked":"SKIP","floor":24},{"not_picked":["Slice","Terror"],"picked":"Dodge and Roll+1","floor":25},{"not_picked":["Terror","Sucker Punch","Masterful Stab+1"],"picked":"SKIP","floor":28},{"not_picked":["Envenom","After Image"],"picked":"Adrenaline","floor":33},{"not_picked":["Poisoned Stab+1","Dash+1","Outmaneuver+1"],"picked":"SKIP","floor":35},{"not_picked":["Backflip","Prepared+1"],"picked":"Reflex+1","floor":37},{"not_picked":["After Image","Heel Hook","Blade Dance+1"],"picked":"SKIP","floor":40},{"not_picked":["Flying Knee","Calculated Gamble","Blade Dance"],"picked":"SKIP","floor":41},{"not_picked":["Noxious Fumes","Dodge and Roll"],"picked":"Footwork+1","floor":44},{"not_picked":["Dodge and Roll+1","Expertise+1","Sucker Punch"],"picked":"SKIP","floor":45}],"player_experience":19489,"relics_obtained":[{"floor":6,"key":"Bottled Flame"},{"floor":9,"key":"Omamori"},{"floor":17,"key":"Snake Skull"},{"floor":17,"key":"Letter Opener"},{"floor":17,"key":"Unceasing Top"},{"floor":20,"key":"Red Mask"},{"floor":22,"key":"PreservedInsect"},{"floor":24,"key":"StoneCalendar"},{"floor":26,"key":"Bag of Preparation"},{"floor":40,"key":"Gremlin Horn"},{"floor":43,"key":"Tough Bandages"},{"floor":44,"key":"Tingsha"}],"event_choices":[{"cards_removed":["Strike_G"],"damage_healed":0,"gold_gain":0,"player_choice":"Card Removal","damage_taken":0,"max_hp_gain":0,"max_hp_loss":0,"event_name":"The Cleric","floor":2,"gold_loss":50},{"cards_removed":["Defend_G"],"damage_healed":0,"gold_gain":0,"player_choice":"Card Removal","damage_taken":7,"max_hp_gain":0,"max_hp_loss":0,"event_name":"Golden Wing","floor":4,"gold_loss":0},{"damage_healed":0,"gold_gain":0,"player_choice":"Lose Max HP","damage_taken":0,"relics_obtained":["Golden Idol"],"max_hp_gain":0,"max_hp_loss":5,"event_name":"Golden Idol","floor":8,"gold_loss":0},{"cards_removed":["Strike_G"],"damage_healed":0,"gold_gain":0,"player_choice":"Purged","damage_taken":0,"max_hp_gain":0,"max_hp_loss":0,"event_name":"Purifier","floor":14,"gold_loss":0},{"damage_healed":0,"gold_gain":0,"player_choice":"Fought Bandits","damage_taken":0,"max_hp_gain":0,"max_hp_loss":0,"event_name":"Masked Bandits","floor":20,"gold_loss":0},{"damage_healed":0,"gold_gain":0,"player_choice":"Bought 1 Potion","damage_taken":0,"max_hp_gain":0,"max_hp_loss":0,"event_name":"The Woman in Blue","floor":30,"gold_loss":0},{"damage_healed":16,"gold_gain":0,"player_choice":"Writhe","damage_taken":0,"max_hp_gain":0,"max_hp_loss":0,"event_name":"Winding Halls","floor":36,"gold_loss":0,"cards_obtained":["Writhe"]},{"damage_healed":57,"gold_gain":0,"player_choice":"Heal","damage_taken":0,"max_hp_gain":0,"max_hp_loss":8,"event_name":"The Moai Head","floor":38,"gold_loss":0},{"damage_healed":0,"gold_gain":0,"player_choice":"Fight","damage_taken":0,"max_hp_gain":0,"max_hp_loss":0,"event_name":"Mysterious Sphere","floor":44,"gold_loss":0},{"cards_removed":["Strike_G"],"damage_healed":0,"gold_gain":0,"player_choice":"Removed Attack","damage_taken":0,"max_hp_gain":0,"max_hp_loss":0,"event_name":"Falling","floor":47,"gold_loss":0}],"is_beta":false,"boss_relics":[{"not_picked":["Velvet Choker","Runic Pyramid"],"picked":"Calling Bell"},{"not_picked":["SacredBark","Fusion Hammer"],"picked":"HoveringKite"}],"items_purged_floors":[13,29,39],"is_endless":false,"potions_floor_spawned":[1,3,6,21,24,25,35,41,44,45],"killed_by":"4 Shapes","ascension_level":0}}