{"host":"f6f8cjhjgha9mpdq","time":1613213818,"event":{"mods":["BaseMod","Colored Map","DeckTracker","Keyboard Shortcuts","Minty Spire (QoL Compilation)","Permanent Neow","Quick Restart","Random Character Button","Relic Stats","StSLib","SuperFastMode"],"gold_per_floor":[110,125,125,143,157,157,167,167,191,223,223,95,135,154,154,154,154],"floor_reached":16,"language":"KOR","playtime":943,"items_purged":["Strike_R"],"score":224,"play_id":"bcdf99c3-4f6e-4c44-96ce-91a3916997d0","local_time":"20210213195658","is_ascension_mode":true,"campfire_choices":[{"data":"Sever Soul","floor":6.0,"key":"SMITH"},{"data":"Pommel Strike","floor":15,"key":"SMITH"}],"circlet_count":0,"master_deck":["AscendersBane","Strike_R","Defend_R","Defend_R","Defend_R","Defend_R","Bash","Pommel Strike+1","Sever Soul+1","Whirlwind","Ghostly Armor","Shrug It Off","Sentinel"],"relics":["Burning Blood","Tiny Chest","Blood Vial","Golden Idol","Smiling Mask"],"acts_visited":["Exordium"],"potions_floor_usage":[],"damage_taken":[{"damage":2.0,"enemies":"2 Louse","floor":1.0,"turns":3.0},{"damage":1.0,"enemies":"Cultist","floor":2.0,"turns":3.0},{"damage":2.0,"enemies":"Jaw Worm","floor":4.0,"turns":4.0},{"damage":12.0,"enemies":"Looter","floor":5.0,"turns":3.0},{"damage":10.0,"enemies":"Exordium Wildlife","floor":7.0,"turns":4.0},{"damage":45.0,"enemies":"3 Sentries","floor":10.0,"turns":10.0},{"damage":31.0,"enemies":"Gremlin Nob","floor":13.0,"turns":4.0},{"damage":0,"enemies":"Large Slime","floor":14,"turns":7},{"damage":23,"enemies":"Hexaghost","floor":16,"turns":7}],"seed_played":"-5958759567590541009","potions_obtained":[{"floor":1.0,"key":"BloodPotion"},{"floor":4.0,"key":"DistilledChaos"}],"is_trial":false,"path_per_floor":["M","M","?","M","M","R","M","?","T","E","?","$","E","M","R","B"],"character_chosen":"IRONCLAD","items_purchased":["Shrug It Off"],"campfire_rested":0,"item_purchase_floors":[12],"current_hp_per_floor":[54,59,59,63,57,57,53,58,58,19,19,33,10,18,18,0,0],"gold":154,"neow_bonus":"TRANSFORM_TWO_CARDS","is_daily":false,"chose_seed":false,"campfire_upgraded":2,"win_rate":0.0,"timestamp":1613213818,"path_taken":["M","M","?","M","M","R","?","?","T","E","?","?","E","M","R","BOSS"],"items_purchased_type":["Card"],"build_version":"2020-12-22","purchased_purges":1,"victory":false,"max_hp_per_floor":[75,75,75,75,75,75,75,80,80,80,72,72,72,72,72,72,72],"relic_stats":{"Blood Vial":6,"counters":[9,45],"Golden Idol":12,"Tiny Chest":0,"Smiling Mask":0,"obtain_stats":[{"Blood Vial":10,"Golden Idol":11,"Tiny Chest":9,"Smiling Mask":13,"Burning Blood":0},{"Blood Vial":6,"Golden Idol":6,"Tiny Chest":5,"Smiling Mask":7,"Burning Blood":0},{"Blood Vial":27,"Golden Idol":27,"Tiny Chest":17,"Smiling Mask":31,"Burning Blood":0}],"Burning Blood":48},"card_choices":[{"not_picked":["Body Slam","Warcry"],"picked":"Whirlwind","floor":1.0},{"not_picked":["Clothesline","Perfected Strike","Warcry"],"picked":"SKIP","floor":2.0},{"not_picked":["Perfected Strike","Twin Strike","Headbutt"],"picked":"SKIP","floor":4.0},{"not_picked":["Second Wind","Warcry"],"picked":"Ghostly Armor","floor":5.0},{"not_picked":["Wild Strike","Pommel Strike","Warcry"],"picked":"SKIP","floor":7.0},{"not_picked":["Sever Soul","Juggernaut","Body Slam"],"picked":"SKIP","floor":10.0},{"not_picked":["Intimidate","Havoc"],"picked":"Sentinel","floor":13.0},{"not_picked":["Pummel","Blood for Blood","Wild Strike"],"picked":"SKIP","floor":14},{"not_picked":["Pummel","Blood for Blood","Wild Strike"],"picked":"SKIP","floor":14}],"player_experience":589914,"relics_obtained":[{"floor":9.0,"key":"Tiny Chest"},{"floor":10.0,"key":"Blood Vial"},{"floor":13.0,"key":"Smiling Mask"}],"event_choices":[{"cards_removed":["Strike_R"],"damage_healed":0.0,"max_hp_gain":0.0,"max_hp_loss":0.0,"gold_gain":0.0,"event_name":"Bonfire Elementals","player_choice":"Offered Basic","floor":3.0,"gold_loss":0.0,"damage_taken":0.0},{"damage_healed":0.0,"max_hp_gain":5.0,"max_hp_loss":0.0,"gold_gain":0.0,"event_name":"Big Fish","player_choice":"Donut","floor":8.0,"gold_loss":0.0,"damage_taken":0.0},{"damage_healed":0.0,"max_hp_gain":0.0,"max_hp_loss":8.0,"gold_gain":0.0,"event_name":"Golden Idol","player_choice":"Lose Max HP","floor":11.0,"gold_loss":0.0,"damage_taken":0.0,"relics_obtained":["Golden Idol"]}],"is_beta":false,"boss_relics":[],"items_purged_floors":[12],"is_endless":false,"potions_floor_spawned":[1,4],"killed_by":"Hexaghost","ascension_level":20}}