{"host":"v9duy90nce28uent","time":1613229904,"event":{"mods":["BaseMod","Colored Map","Colored Powertips","Conspire","Downfall","Hermit","Highlight Path","Infinite Spire","Minty Spire (QoL Compilation)","Quick Restart","Rare Cards Sparkle","Replay The Spire","StSLib","The Cursed","The Disciple","The Hierophant","The Runesmith"],"gold_per_floor":[114,132,132,144,164,164,194,208,234,234,250,267,267,281,281,281,281,281],"floor_reached":16,"language":"ENG","playtime":2057,"items_purged":[],"score":106,"play_id":"5eb055ae-e751-4262-b3e4-f75edd4b67af","local_time":"20210213102504","is_ascension_mode":false,"campfire_choices":[{"data":"champ:Taunt","floor":6,"key":"SMITH"},{"floor":10,"key":"REST"},{"floor":15,"key":"DIG"}],"circlet_count":0,"master_deck":["champ:Strike","champ:Strike","champ:Strike","champ:Strike","champ:Defend","champ:Defend","champ:Defend","champ:Defend","champ:Execute","champ:Taunt+1","champ:Backstep","champ:DefensiveShout","champ:Circumvent","champ:TornadoPunch","champ:PreciseThrust","champ:StanceDance","champ:DefensiveShout","champ:BringItOn","champ:BringItOn"],"relics":["m_DevilBlood","Ornamental Fan","ReplayTheSpireMod:Ninjato","Pen Nib","infinitespire:Cubic Diamond","Incense Burner"],"acts_visited":["Exordium"],"potions_floor_usage":[7],"damage_taken":[{"damage":15,"enemies":"conspire:RoseBush","floor":1,"turns":4},{"damage":15,"enemies":"Cultist","floor":2,"turns":5},{"damage":1,"enemies":"Small Slimes","floor":4,"turns":4},{"damage":17,"enemies":"3 Louse","floor":5,"turns":4},{"damage":31,"enemies":"Gremlin Nob","floor":7,"turns":5},{"damage":2,"enemies":"Looter","floor":8,"turns":3},{"damage":6,"enemies":"2 Fungi Beasts","floor":11,"turns":3},{"damage":35,"enemies":"Exordium Wildlife","floor":12,"turns":6},{"damage":10,"enemies":"Large Slime","floor":14,"turns":8},{"damage":82,"enemies":"Slime Boss","floor":16,"turns":9}],"seed_played":"2028069688212267322","potions_obtained":[{"floor":1,"key":"PowerPotion"},{"floor":4,"key":"champ:CounterPotion"},{"floor":5,"key":"hexamod:SoulburnPotion"},{"floor":14,"key":"Fire Potion"}],"is_trial":false,"path_per_floor":["M","M","T","M","M","R","E","M","T","R","M","M","?","M","R_BF","B"],"character_chosen":"THE_CHAMP","items_purchased":[],"campfire_rested":1,"item_purchase_floors":[],"current_hp_per_floor":[94,89,89,88,86,86,55,53,53,82,76,51,51,51,51,0,0,0],"gold":281,"neow_bonus":"TEN_PERCENT_HP_BONUS","is_daily":false,"chose_seed":false,"campfire_upgraded":1,"win_rate":0.0,"timestamp":1613229904,"path_taken":["M","?","?","M","M","R","E","?","T","R","M","M","?","M","R_BF","BOSS"],"items_purchased_type":[],"build_version":"2020-12-22","purchased_purges":0,"victory":false,"max_hp_per_floor":[99,99,99,99,99,99,99,99,99,99,99,99,99,99,99,99,99,99],"card_choices":[{"not_picked":["champ:CrookedStrike","champ:Shatter"],"picked":"champ:Backstep","floor":1},{"not_picked":["champ:Lariat","champ:Backstep"],"picked":"champ:DefensiveShout","floor":2},{"not_picked":["champ:RapidStrikes","champ:CalledShot"],"picked":"champ:Circumvent","floor":4},{"not_picked":["champ:RapidStrikes","champ:Shatter"],"picked":"champ:TornadoPunch","floor":5},{"not_picked":["champ:BringItOn","champ:Devastate"],"picked":"champ:PreciseThrust","floor":7},{"not_picked":["champ:RapidStrikes","champ:PerfectedStrike"],"picked":"champ:StanceDance","floor":8},{"not_picked":["champ:CrownThrow","champ:Backstep"],"picked":"champ:DefensiveShout","floor":11},{"not_picked":["champ:Duel","champ:Shatter"],"picked":"champ:BringItOn","floor":12},{"not_picked":["hexamod:NightmareStrike","champ:Backstep"],"picked":"champ:BringItOn","floor":14}],"player_experience":90474,"relics_obtained":[{"floor":3,"key":"Ornamental Fan"},{"floor":7,"key":"ReplayTheSpireMod:Ninjato"},{"floor":9,"key":"Pen Nib"},{"floor":15,"key":"Incense Burner"}],"event_choices":[],"is_beta":false,"boss_relics":[],"items_purged_floors":[],"is_endless":false,"potions_floor_spawned":[1,4,5,14],"killed_by":"Slime Boss","ascension_level":0}}