{"host":"gjfulft9y42c2y2c","time":1613216537,"event":{"mods":["AchievementEnabler","BaseMod","Colored Map","DeckTracker","Keyboard Shortcuts","Minty Spire (QoL Compilation)","Permanent Neow","StSLib","SuperFastMode","everything is the same but u backflip on backflip"],"gold_per_floor":[366,376,392,404,404,404,432,432,432,432,432],"floor_reached":10,"language":"KOR","playtime":236,"items_purged":[],"score":144,"play_id":"aca6d45e-ee1b-4f93-ac04-562b57093268","local_time":"20210213204217","is_ascension_mode":true,"campfire_choices":[{"data":"Bouncing Flask","floor":6.0,"key":"SMITH"},{"data":"Prepared","floor":8.0,"key":"SMITH"}],"circlet_count":0,"master_deck":["AscendersBane","Strike_G","Strike_G","Strike_G","Strike_G","Strike_G","Defend_G","Defend_G","Defend_G","Defend_G","Defend_G","Survivor","Neutralize","Dagger Spray","Bouncing Flask+1","Terror+1","Corpse Explosion","Prepared+1"],"relics":["Ring of the Snake","Juzu Bracelet","Frozen Egg 2"],"acts_visited":["Exordium"],"potions_floor_usage":[],"damage_taken":[{"damage":0.0,"enemies":"Small Slimes","floor":1.0,"turns":3.0},{"damage":0.0,"enemies":"2 Louse","floor":2.0,"turns":3.0},{"damage":6.0,"enemies":"Jaw Worm","floor":3.0,"turns":3.0},{"damage":7.0,"enemies":"Large Slime","floor":4.0,"turns":5.0},{"damage":0.0,"enemies":"Lagavulin","floor":7.0,"turns":7.0},{"damage":35,"enemies":"Gremlin Nob","floor":10,"turns":3}],"seed_played":"6067602157737733324","potions_obtained":[{"floor":1.0,"key":"DistilledChaos"},{"floor":2.0,"key":"DuplicationPotion"}],"is_trial":false,"path_per_floor":["M","M","M","M","?","R","E","R","T","E"],"character_chosen":"THE_SILENT","items_purchased":[],"campfire_rested":0,"item_purchase_floors":[],"current_hp_per_floor":[45,45,39,32,32,32,32,32,32,0,0],"gold":432,"neow_bonus":"TWO_FIFTY_GOLD","is_daily":false,"chose_seed":false,"campfire_upgraded":2,"win_rate":0.0,"timestamp":1613216537,"path_taken":["M","M","M","M","?","R","E","R","T","E"],"items_purchased_type":[],"build_version":"2020-12-22","purchased_purges":0,"victory":false,"max_hp_per_floor":[70,70,70,70,70,70,70,70,70,70,70],"card_choices":[{"not_picked":["Crippling Poison","Blade Dance"],"picked":"Dagger Spray","floor":1.0},{"not_picked":["Bane","Reflex"],"picked":"Bouncing Flask","floor":2.0},{"not_picked":["Choke","Blade Dance"],"picked":"Terror","floor":3.0},{"not_picked":["Underhanded Strike","Poisoned Stab"],"picked":"Corpse Explosion","floor":4.0},{"not_picked":["Finisher","Doppelganger"],"picked":"Prepared","floor":7.0}],"player_experience":285386,"relics_obtained":[{"floor":7.0,"key":"Juzu Bracelet"},{"floor":9.0,"key":"Frozen Egg 2"}],"event_choices":[{"damage_healed":0.0,"max_hp_gain":0.0,"max_hp_loss":0.0,"gold_gain":0.0,"event_name":"Living Wall","player_choice":"Grow","floor":5.0,"gold_loss":0.0,"damage_taken":0.0,"cards_upgraded":["Terror"]}],"is_beta":false,"boss_relics":[],"items_purged_floors":[],"is_endless":false,"potions_floor_spawned":[1,2],"killed_by":"Gremlin Nob","ascension_level":11}}