{"host":"erh089znuovh6twj","time":1613223074,"event":{"mods":["AchievementEnabler","Act Like it!","Aspiration","BaseMod","Better Note","Better Skull","Better Third Choice","BetterRewards","DeckTracker","Defuse TimeMaze Blight","Energized Spire","Hermit","Highlight Path","Hubris","Infinite Spire","Minty Spire (QoL Compilation)","Permanent Neow","Quick Restart","Replay The Spire","StSLib","The Jungle","everything is the same but u backflip on backflip"],"gold_per_floor":[114,128,186,202,163,163,163,163,163,21,21,21,21,45,45,165,165,178,105,123,137,137,137,180,180,180,180,106,25,25,25,25,144,144,163,177,236,251,1250,1250,1293,1347,1374,1374,1399,929,929,942,942,942,942],"floor_reached":50,"language":"ENG","playtime":1735,"items_purged":["Burn","Normality"],"score":574,"play_id":"7e28ca12-77a8-4f89-95ae-a2dcff9566c9","local_time":"20210213083114","is_ascension_mode":false,"campfire_choices":[{"floor":6,"key":"REST"},{"floor":8,"key":"REST"},{"data":"Storm","floor":11,"key":"SMITH"},{"data":"Electrodynamics","floor":15,"key":"SMITH"},{"floor":23,"key":"RECALL"},{"data":"hubris:Rewind","floor":25,"key":"SMITH"},{"floor":27,"key":"REST"},{"data":"Static Discharge","floor":30,"key":"SMITH"},{"data":"Self Repair","floor":32,"key":"SMITH"},{"floor":40,"key":"REST"},{"floor":44,"key":"REST"},{"floor":49,"key":"REST"}],"circlet_count":0,"master_deck":["Strike_B","Strike_B","Strike_B","Defend_B","Defend_B","Defend_B","Defend_B","Zap","Dualcast","Turbo","Electrodynamics+1","Redo","Steam Power","Storm+1","hubris:Ukulele","ReplaySolidLightProjector","Steam","hubris:SpecializedCircuitry+1","Melter+1","Self Repair","Coolheaded","Compile Driver","hubris:Rewind+1","Heatsinks","Self Repair+1","Static Discharge+1","Biased Cognition","Glacier+1","Turbo","Cold Snap+1","Static Discharge","Normality","Compile Driver+1","Steam+1","FIFO Queue","Chrysalis","Magnetism","Chrysalis","Mind Blast","Loop+1"],"relics":["Cracked Core","Bag of Marbles","ReplayTheSpireMod:TigerMarble","Mirror","Golden Idol","Snecko Eye","aspiration:KaomsHeart"],"acts_visited":["Exordium","TheCity","TheBeyond"],"potions_floor_usage":[16,16,24,33,37,46,50],"damage_taken":[{"damage":8,"enemies":"Small Slimes","floor":1,"turns":2},{"damage":11,"enemies":"Jaw Worm","floor":2,"turns":3},{"damage":0,"enemies":"2 Louse","floor":4,"turns":1},{"damage":7,"enemies":"Lots of Slimes","floor":14,"turns":3},{"damage":8,"enemies":"Slime Boss","floor":16,"turns":6},{"damage":19,"enemies":"2 Thieves","floor":18,"turns":3},{"damage":11,"enemies":"Shell Parasite","floor":20,"turns":3},{"damage":15,"enemies":"Snake Plant","floor":21,"turns":3},{"damage":30,"enemies":"Book of Stabbing","floor":24,"turns":3},{"damage":34,"enemies":"Automaton","floor":33,"turns":5},{"damage":39,"enemies":"3 Darklings","floor":35,"turns":3},{"damage":13,"enemies":"3 Shapes","floor":36,"turns":3},{"damage":56,"enemies":"2 Orb Walkers","floor":37,"turns":3},{"damage":22,"enemies":"3 Darklings","floor":38,"turns":3},{"damage":75,"enemies":"Reptomancer","floor":41,"turns":4},{"damage":7,"enemies":"Transient","floor":45,"turns":5},{"damage":46,"enemies":"4 Shapes","floor":48,"turns":5},{"damage":89,"enemies":"Replay:Hell Engine","floor":50,"turns":8}],"seed_played":"-6487077420087860141","potions_obtained":[{"floor":2,"key":"CultistPotion"},{"floor":3,"key":"Reflective Coating"},{"floor":3,"key":"Elixir"},{"floor":14,"key":"infinitespire:BlackPotion"},{"floor":21,"key":"Swift Potion"},{"floor":24,"key":"Elixir"},{"floor":37,"key":"LiquidMemories"}],"is_trial":false,"path_per_floor":["M","M","?","M","$","R","?","R","T","$","R","?","?","M","R","B",null,"M","$","M","M","AVR","R","E","R","T","R","$","$","R","?","R","B",null,"M","M","?","M","?","R","E","T","T","R","M","$","?","M","R","B"],"character_chosen":"DEFECT","items_purchased":["Storm","hubris:Ukulele","Self Repair","Self Repair","Static Discharge","FIFO Queue","Fruit Juice","Chrysalis"],"campfire_rested":6,"item_purchase_floors":[5,10,19,28,29,46,46,46],"current_hp_per_floor":[67,56,26,26,26,48,48,70,70,70,70,69,69,62,62,54,69,50,50,46,31,131,131,108,108,108,158,158,158,158,158,158,124,169,140,127,81,59,59,109,41,41,41,91,84,89,79,33,85,0,0],"gold":942,"neow_bonus":"RANDOM_COMMON_RELIC","is_daily":false,"chose_seed":false,"campfire_upgraded":5,"win_rate":0.0,"timestamp":1613223074,"path_taken":["M","M","?","M","$","R","?","R","T","?","R","?","?","M","R","BOSS","M","?","?","M","AVR","R","E","R","T","R","?","$","R","?","R","BOSS","M","M","?","M","?","R","E","?","T","R","?","$","?","M","R","BOSS"],"items_purchased_type":["Card","Card","Card","Card","Card","Card","Potion","Card"],"build_version":"2020-12-22","purchased_purges":2,"victory":false,"max_hp_per_floor":[75,75,75,75,75,75,75,75,75,75,75,69,69,69,69,69,69,69,69,69,69,169,169,169,169,169,169,169,169,169,169,169,169,169,169,169,169,169,169,169,169,169,169,169,169,174,174,174,174,174,174],"card_choices":[{"not_picked":["Conserve Battery","Chaos"],"picked":"Turbo","floor":1},{"not_picked":["Steam","Gash"],"picked":"Electrodynamics","floor":2},{"not_picked":["Sunder","Streamline"],"picked":"Redo","floor":3},{"not_picked":["Leap","Redo"],"picked":"Steam Power","floor":4},{"not_picked":["Coolheaded","Leap"],"picked":"Steam","floor":14},{"not_picked":["Echo Form","Thunder Strike"],"picked":"hubris:SpecializedCircuitry","floor":16},{"not_picked":["Barrage","Gash+1"],"picked":"Melter+1","floor":18},{"not_picked":["Leap","Cold Snap"],"picked":"Coolheaded","floor":20},{"not_picked":["Steam+1","Turbo+1"],"picked":"Compile Driver","floor":21},{"not_picked":["Darkness+1","Capacitor"],"picked":"Heatsinks","floor":24},{"not_picked":["Mirror Shield","ReplayTheSpireMod:Fabricate Wheel"],"picked":"Biased Cognition","floor":33},{"not_picked":["Cold Snap","Beam Cell+1"],"picked":"Glacier+1","floor":35},{"not_picked":["Go for the Eyes+1","Reinforced Body"],"picked":"Turbo","floor":36},{"not_picked":["Hologram","hubris:Prefetch"],"picked":"Cold Snap+1","floor":37},{"not_picked":["Cold Snap+1","Panic Button"],"picked":"Static Discharge","floor":38},{"not_picked":["Go for the Eyes","Coolheaded+1"],"picked":"Compile Driver+1","floor":41},{"not_picked":["Melter+1","ReplayGash"],"picked":"Steam+1","floor":45},{"not_picked":["Replay:Sssssssssstrike","Secret Weapon"],"picked":"Magnetism","floor":47},{"not_picked":["Flash of Steel","Midas Touch"],"picked":"Chrysalis","floor":47},{"not_picked":["Replay:BasicMightCard","Replay:Sssssssssshield"],"picked":"Mind Blast","floor":47},{"not_picked":["Go for the Eyes+1","Coolheaded+1"],"picked":"Loop+1","floor":48}],"player_experience":327465,"relics_obtained":[{"floor":3,"key":"ReplayTheSpireMod:TigerMarble"},{"floor":9,"key":"Mirror"},{"floor":24,"key":"aspiration:Stabinomicon"},{"floor":37,"key":"aspiration:KMNothing"},{"floor":41,"key":"aspiration:KMNothing"},{"floor":42,"key":"aspiration:KMNothing"},{"floor":43,"key":"aspiration:KMNothing"}],"event_choices":[{"damage_healed":48,"gold_gain":0,"player_choice":"Embrace Burn","damage_taken":0,"max_hp_gain":0,"max_hp_loss":75,"event_name":"betterThird:BetterShining","floor":7,"gold_loss":0},{"damage_healed":0,"gold_gain":0,"player_choice":"Lose Max HP","damage_taken":0,"relics_obtained":["Golden Idol"],"max_hp_gain":0,"max_hp_loss":6,"event_name":"Golden Idol","floor":12,"gold_loss":0},{"damage_healed":0,"gold_gain":0,"cards_transformed":["Strike_B"],"player_choice":"Transformed","damage_taken":0,"max_hp_gain":0,"max_hp_loss":0,"event_name":"Transmorgrifier","floor":13,"gold_loss":0,"cards_obtained":["ReplaySolidLightProjector"]},{"damage_healed":0,"gold_gain":0,"player_choice":"Forge","damage_taken":0,"max_hp_gain":0,"max_hp_loss":0,"event_name":"Accursed Blacksmith","floor":31,"gold_loss":0,"cards_upgraded":["hubris:SpecializedCircuitry"]},{"damage_healed":0,"gold_gain":0,"player_choice":"Fight","damage_taken":0,"max_hp_gain":0,"max_hp_loss":0,"event_name":"Mysterious Sphere","floor":37,"gold_loss":0},{"damage_healed":0,"gold_gain":999,"player_choice":"Gold","damage_taken":0,"max_hp_gain":0,"max_hp_loss":0,"event_name":"MindBloom","floor":39,"gold_loss":0,"cards_obtained":["Normality","Normality"]},{"damage_healed":0,"gold_gain":0,"player_choice":"Memory 3","damage_taken":10,"max_hp_gain":0,"max_hp_loss":0,"event_name":"SensoryStone","floor":47,"gold_loss":0}],"is_beta":false,"boss_relics":[{"not_picked":["Pandora\u0027s Box","Runic Pyramid"],"picked":"Snecko Eye"},{"not_picked":["aspiration:KMNothing","aspiration:KMNothing"],"picked":"aspiration:KMNothing"}],"items_purged_floors":[10,46],"is_endless":false,"potions_floor_spawned":[2,14,21,24,37],"killed_by":"Replay:Hell Engine","ascension_level":0}}