{"host":"af1kf8gfe86ugcx8","time":1613178584,"event":{"mods":["2.2 Compatiblity","BaseMod","Better Altar","Better Match","Better Sensory Stone","Better Skull","Better Vampires","BetterRewards","Card Filter","Colored Map","Conspire","Defuse TimeMaze Blight","Downfall","Energized Spire","Friendly Minions","Glutton Mod","Infinite Spire","Mad Scientist","Minty Spire (QoL Compilation)","Permanent Neow","Quick Restart","Random Character Button","SOS???????","Shop Mod","Spikes Relics","StSLib","The Construct","The Death Knight","The Disciple","The Necromancer","Transform Curses","UnlockEverythingMod"],"gold_per_floor":[99,119,119,119,132,132,132,166,166,180,203,203,203,240,254,366,316,316,328,46,67,52,64,90,90,111,123,148,193,193,193,217,337,337,337,361,394,354,362,362,362],"floor_reached":39,"language":"ENG","playtime":3394,"items_purged":["hexamod:Strike","hexamod:Strike"],"score":538,"play_id":"a06b1b10-a60f-4879-911b-66fbdc426e78","local_time":"20210212170944","is_ascension_mode":false,"campfire_choices":[{"data":"hexamod:Float","floor":1,"key":"SMITH"},{"data":"infinitespire:Collect","floor":6,"key":"SMITH"},{"floor":9,"key":"REST"},{"floor":13,"key":"REST"},{"data":"hexamod:ForkedFlame","floor":18,"key":"SMITH"},{"data":"hexamod:ChargedBarrage","floor":25,"key":"SMITH"},{"data":"expansioncontent:DashGenerateEvil","floor":35,"key":"SMITH"}],"circlet_count":0,"master_deck":["hexamod:Strike","hexamod:Defend+1","hexamod:Defend","hexamod:Defend","hexamod:Defend","hexamod:Sear","hexamod:Float+1","hexamod:FourthSeal","infinitespire:Collect+1","hexamod:StepThrough","hexamod:WildfireWeapon","hexamod:ForkedFlame+1","hexamod:Strike+1","hexamod:ChargedBarrage","hexamod:ChargedBarrage+1","expansioncontent:DashGenerateEvil+1","hexamod:ChargedBarrage+1","hexamod:VolcanoVisage","hexamod:SecondSeal","hexamod:GhostLash","hexamod:ExtraCrispy","hexamod:SixthSeal","hexamod:FirstSeal","hexamod:ThirdSeal"],"relics":["hexamod:SpiritBrand","Strawberry","infinitespire:Midas Blood","DeathKnight:PutricidesVial","energizedSpire:HugeHouse","Bag of Marbles","Juzu Bracelet","SlaversCollar","Rawhide"],"acts_visited":["Exordium","TheCity","TheBeyond"],"potions_floor_usage":[11,11,16,16,16,22,22,23,26,27,27,28,28,29,29,32,33,33,36,37,37,39,39],"damage_taken":[{"damage":0,"enemies":"Cultist","floor":2,"turns":3},{"damage":3,"enemies":"Small Slimes","floor":5,"turns":3},{"damage":14,"enemies":"Lagavulin","floor":8,"turns":4},{"damage":0,"enemies":"Jaw Worm","floor":10,"turns":3},{"damage":10,"enemies":"Exordium Wildlife","floor":11,"turns":5},{"damage":20,"enemies":"3 Sentries","floor":14,"turns":8},{"damage":6,"enemies":"Lots of Slimes","floor":15,"turns":5},{"damage":29,"enemies":"WA_ARCHETYPE_RETAIN","floor":16,"turns":10},{"damage":0,"enemies":"conspire:FuzzyDice","floor":19,"turns":4},{"damage":0,"enemies":"downfall:FleeingMerchant","floor":20,"turns":4},{"damage":2,"enemies":"Shell Parasite","floor":21,"turns":4},{"damage":0,"enemies":"downfall:FleeingMerchant","floor":22,"turns":4},{"damage":0,"enemies":"Chosen and Byrds","floor":23,"turns":4},{"damage":3,"enemies":"conspire:HollyBat","floor":26,"turns":6},{"damage":10,"enemies":"Centurion and Healer","floor":27,"turns":5},{"damage":6,"enemies":"3 Cultists","floor":28,"turns":4},{"damage":0,"enemies":"conspire:Head Lice","floor":29,"turns":7},{"damage":1,"enemies":"Snecko","floor":32,"turns":4},{"damage":45,"enemies":"IC_MUSHROOM_ARCHETYPE","floor":33,"turns":6},{"damage":25,"enemies":"3 Shapes","floor":36,"turns":4},{"damage":29,"enemies":"3 Darklings","floor":37,"turns":5},{"damage":0,"enemies":"downfall:FleeingMerchant","floor":38,"turns":4},{"damage":109,"enemies":"Transient","floor":39,"turns":5}],"seed_played":"4860026587784762237","potions_obtained":[{"floor":5,"key":"Weak Potion"},{"floor":5,"key":"Strength Potion"},{"floor":10,"key":"bronze:BurnAndBuffPotion"},{"floor":11,"key":"Weak Potion"},{"floor":14,"key":"PowerPotion"},{"floor":15,"key":"Slimebound:ThreeZeroPotion"},{"floor":16,"key":"hexamod:EctoCoolerPotion"},{"floor":19,"key":"Dexterity Potion"},{"floor":20,"key":"hexamod:DoubleChargePotion"},{"floor":21,"key":"DistilledChaos"},{"floor":22,"key":"EssenceOfSteel"},{"floor":23,"key":"SkillPotion"},{"floor":23,"key":"Dexterity Potion"},{"floor":26,"key":"hexamod:EctoCoolerPotion"},{"floor":26,"key":"hexamod:DoubleChargePotion"},{"floor":27,"key":"Fruit Juice"},{"floor":28,"key":"DeathKnight:BottledBloodEchoes"},{"floor":28,"key":"Ancient Potion"},{"floor":29,"key":"Fruit Juice"},{"floor":29,"key":"hexamod:SoulburnPotion"},{"floor":32,"key":"Explosive Potion"},{"floor":33,"key":"hexamod:InfernoChargePotion"},{"floor":33,"key":"conspire:TimeTravelPotion"},{"floor":36,"key":"hexamod:EctoCoolerPotion"},{"floor":37,"key":"Fruit Juice"},{"floor":38,"key":"champ:CounterPotion"}],"is_trial":false,"path_per_floor":["R","M","?","?","M","R","T","E","R","M","M","?","R","E","M","B",null,"R","M","$","M","$","M","T","R","M","M","M","E","?","?","M","B",null,"R","M","M","$","M"],"character_chosen":"THE_SPIRIT","items_purchased":["expansioncontent:DashGenerateEvil","hexamod:ThirdSeal","Rawhide"],"campfire_rested":2,"item_purchase_floors":[20,38,38],"current_hp_per_floor":[63,63,68,45,42,42,49,35,63,63,53,53,81,61,55,26,91,91,91,91,89,91,91,91,91,88,83,77,82,111,111,110,65,111,111,86,62,69,0,0,0],"gold":362,"neow_bonus":"TWENTY_PERCENT_HP_BONUS","is_daily":false,"chose_seed":false,"campfire_upgraded":5,"win_rate":0.0,"timestamp":1613178584,"path_taken":["R","M","?","?","M","R","T","E","R","?","M","?","R","E","M","BOSS","R","M","?","M","$","M","T","R","?","M","M","E","?","?","M","BOSS","R","M","M","?","M"],"items_purchased_type":["Card","Card","Relic"],"build_version":"2020-12-22","purchased_purges":2,"victory":false,"max_hp_per_floor":[84,84,89,89,89,89,96,96,96,96,96,96,96,96,96,96,91,91,91,91,91,91,91,91,91,91,96,96,101,111,111,111,111,111,111,111,116,116,116,116,116],"card_choices":[{"not_picked":["hexamod:GhostOfSpireFuture","hexamod:SoulSteal"],"picked":"hexamod:FourthSeal","floor":2},{"not_picked":["infinitespire:FinalStrike","infinitespire:Punishment"],"picked":"infinitespire:Collect","floor":4},{"not_picked":["hexamod:Haunt","hexamod:HeatShield"],"picked":"hexamod:StepThrough","floor":5},{"not_picked":["hexamod:NightmareGuise","hexamod:BurningTouch","hexamod:GhostLash"],"picked":"SKIP","floor":8},{"not_picked":["hexamod:SpectersWail","hexamod:HeatMetal","hexamod:ThermalTransfer"],"picked":"SKIP","floor":10},{"not_picked":["hexamod:RetreatToShadows","hexamod:BurningTouch"],"picked":"hexamod:WildfireWeapon","floor":11},{"not_picked":["hexamod:AdvancingGuard","hexamod:RetreatToShadows"],"picked":"hexamod:WildfireWeapon","floor":14},{"not_picked":["hexamod:FourthSeal","hexamod:SkipABeat","hexamod:HauntingEcho"],"picked":"SKIP","floor":14},{"not_picked":["hexamod:RecurringNightmare","hexamod:NecessarySacrifice","hexamod:AdvancingGuard"],"picked":"SKIP","floor":15},{"not_picked":["hexamod:NightmareStrike","hexamod:ThermalTransfer","hexamod:FastForward"],"picked":"SKIP","floor":15},{"not_picked":["hexamod:UnlimitedPower","hexamod:UnleashSpirits"],"picked":"hexamod:ForkedFlame","floor":16},{"not_picked":["hexamod:BacktrackSmack","hexamod:PhantomCloak"],"picked":"hexamod:ChargedBarrage","floor":19},{"not_picked":["hexamod:FourthSeal","hexamod:EtherealExpedition","hexamod:NightmareGuise"],"picked":"SKIP","floor":20},{"not_picked":["hexamod:RainOfEmbers","hexamod:GhostflameBarrier"],"picked":"hexamod:ChargedBarrage+1","floor":21},{"not_picked":["hexamod:UnlimitedPower","hexamod:GhostLash","hexamod:EtherealExpedition+1"],"picked":"SKIP","floor":22},{"not_picked":["hexamod:Hexaguard","hexamod:GhostOfSpireFuture+1","hexamod:ThermalTransfer"],"picked":"SKIP","floor":23},{"not_picked":["hexamod:PhantomCloak+1","hexamod:ShieldOfDarkness"],"picked":"hexamod:VolcanoVisage","floor":26},{"not_picked":["hexamod:BacktrackSmack","hexamod:Hexaguard"],"picked":"hexamod:SecondSeal","floor":27},{"not_picked":["hexamod:HeatMetal","hexamod:Incineration","hexamod:GhostShield"],"picked":"SKIP","floor":28},{"not_picked":["hexamod:FourthSeal","hexamod:BurningTouch","hexamod:Incineration"],"picked":"SKIP","floor":29},{"not_picked":["hexamod:NightmareGuise","hexamod:GhostflameBarrier"],"picked":"hexamod:ExtraCrispy","floor":32},{"not_picked":["hexamod:TimeOfNeed","hexamod:SearingWound"],"picked":"hexamod:SixthSeal","floor":33},{"not_picked":["hexamod:Firestarter+1","hexamod:HauntingEcho"],"picked":"hexamod:FirstSeal","floor":36},{"not_picked":["hexamod:Incineration+1","hexamod:GhostLash","hexamod:SpectersWail"],"picked":"SKIP","floor":37},{"not_picked":["hexamod:GhostflameInferno","hexamod:SkipABeat+1","hexamod:BacktrackSmack"],"picked":"SKIP","floor":38}],"player_experience":334452,"relics_obtained":[{"floor":7,"key":"Strawberry"},{"floor":8,"key":"infinitespire:Midas Blood"},{"floor":14,"key":"DeathKnight:PutricidesVial"},{"floor":24,"key":"Bag of Marbles"},{"floor":29,"key":"Juzu Bracelet"}],"event_choices":[{"damage_healed":0,"gold_gain":0,"player_choice":"Donut","damage_taken":0,"max_hp_gain":5,"max_hp_loss":0,"event_name":"Big Fish","floor":3,"gold_loss":0},{"cards_removed":["hexamod:WildfireWeapon"],"damage_healed":19,"gold_gain":0,"player_choice":"Offered Rare","damage_taken":0,"max_hp_gain":10,"max_hp_loss":0,"event_name":"Bonfire Elementals","floor":30,"gold_loss":0}],"is_beta":false,"boss_relics":[{"not_picked":["conspire:SpecialSausage","Fusion Hammer"],"picked":"energizedSpire:HugeHouse"},{"not_picked":["energizedSpire:EnergizedDie","construct:ClawGrip"],"picked":"SlaversCollar"}],"items_purged_floors":[20,38],"is_endless":false,"potions_floor_spawned":[5,10,14,15,23,26,28,29,33,37],"killed_by":"Transient","ascension_level":0}}