{"host":"anl785ehjgcmdvvq","time":1613206739,"event":{"mods":["AchievementEnabler","BaseMod","Minty Spire (QoL Compilation)"],"gold_per_floor":[114,126,142,142,142,181,181,181,207,207,240,253,297,80,80,209,209,232,245,269,269,292,292,292],"floor_reached":23,"language":"ENG","playtime":820,"items_purged":[],"score":232,"play_id":"b17baa4c-3889-48bf-ac77-3c36cea83cc3","local_time":"20210213115859","is_ascension_mode":true,"campfire_choices":[{"floor":8.0,"key":"REST"},{"floor":10.0,"key":"REST"},{"floor":15.0,"key":"REST"}],"circlet_count":0,"master_deck":["Strike_G","Strike_G","Strike_G","Strike_G","Defend_G","Defend_G","Defend_G","Defend_G","Defend_G","Survivor","Neutralize","Infinite Blades+1","Choke","PiercingWail","Accuracy","Phantasmal Killer","Blade Dance","Leg Sweep","Cloak And Dagger"],"relics":["Philosopher\u0027s Stone","Golden Idol","Nunchaku","Calipers","Sundial","Bag of Marbles","TwistedFunnel","SacredBark"],"acts_visited":["Exordium","TheCity"],"potions_floor_usage":[22],"damage_taken":[{"damage":0.0,"enemies":"Cultist","floor":1.0,"turns":4.0},{"damage":9.0,"enemies":"Jaw Worm","floor":2.0,"turns":4.0},{"damage":4.0,"enemies":"Small Slimes","floor":3.0,"turns":4.0},{"damage":29.0,"enemies":"Lagavulin","floor":6.0,"turns":11.0},{"damage":7.0,"enemies":"Gremlin Nob","floor":11.0,"turns":3.0},{"damage":4.0,"enemies":"Looter","floor":12.0,"turns":3.0},{"damage":20.0,"enemies":"Lagavulin","floor":13.0,"turns":6.0},{"damage":33.0,"enemies":"Hexaghost","floor":16.0,"turns":10.0},{"damage":13,"enemies":"Spheric Guardian","floor":18,"turns":4},{"damage":17,"enemies":"3 Byrds","floor":19,"turns":4},{"damage":0,"enemies":"Centurion and Healer","floor":20,"turns":5},{"damage":23,"enemies":"Cultist and Chosen","floor":22,"turns":5},{"damage":23,"enemies":"Book of Stabbing","floor":23,"turns":4}],"seed_played":"4558580652523650422","potions_obtained":[{"floor":2.0,"key":"SpeedPotion"},{"floor":3.0,"key":"Dexterity Potion"},{"floor":11.0,"key":"Ancient Potion"},{"floor":13.0,"key":"Energy Potion"},{"floor":20,"key":"FearPotion"}],"is_trial":false,"path_per_floor":["M","M","M","?","?","E","?","R","T","R","E","M","E","$","R","B",null,"M","M","M","?","M","E"],"character_chosen":"THE_SILENT","items_purchased":["TwistedFunnel","Accuracy"],"campfire_rested":3,"item_purchase_floors":[14,14],"current_hp_per_floor":[70,61,57,40,40,11,11,32,32,53,46,42,22,22,43,10,70,57,40,40,40,17,0,0],"gold":292,"neow_bonus":"BOSS_RELIC","is_daily":false,"chose_seed":false,"campfire_upgraded":0,"win_rate":0.0,"timestamp":1613206739,"path_taken":["M","?","M","?","?","E","?","R","T","R","E","M","E","$","R","BOSS","M","M","M","?","M","E"],"items_purchased_type":["Relic","Card"],"build_version":"2020-12-22","purchased_purges":0,"victory":false,"max_hp_per_floor":[70,70,70,70,70,70,70,70,70,70,70,70,70,70,70,70,70,70,70,70,70,70,70,70],"card_choices":[{"not_picked":["Outmaneuver","Heel Hook"],"picked":"Infinite Blades","floor":1.0},{"not_picked":["Deadly Poison","Prepared"],"picked":"Choke","floor":2.0},{"not_picked":["Choke","Dodge and Roll","Bane"],"picked":"SKIP","floor":3.0},{"not_picked":["Outmaneuver","Sucker Punch","Prepared"],"picked":"SKIP","floor":6.0},{"not_picked":["Night Terror","Acrobatics","Outmaneuver"],"picked":"SKIP","floor":11.0},{"not_picked":["Skewer","Terror"],"picked":"PiercingWail","floor":12.0},{"not_picked":["Blur","Expertise","Leg Sweep"],"picked":"SKIP","floor":13.0},{"not_picked":["Die Die Die","Envenom"],"picked":"Phantasmal Killer","floor":16.0},{"not_picked":["Eviscerate+1","Flying Knee"],"picked":"Blade Dance","floor":18},{"not_picked":["Reflex","Expertise+1","Terror"],"picked":"SKIP","floor":19},{"not_picked":["Deadly Poison","Poisoned Stab"],"picked":"Leg Sweep","floor":20},{"not_picked":["All Out Attack","Reflex+1"],"picked":"Cloak And Dagger","floor":22}],"player_experience":132032,"relics_obtained":[{"floor":6.0,"key":"Nunchaku"},{"floor":11.0,"key":"Sundial"},{"floor":13.0,"key":"Bag of Marbles"}],"event_choices":[{"damage_healed":0.0,"max_hp_gain":0.0,"max_hp_loss":0.0,"gold_gain":0.0,"event_name":"Golden Idol","player_choice":"Take Damage","floor":4.0,"gold_loss":0.0,"damage_taken":17.0,"relics_obtained":["Golden Idol"]},{"damage_healed":0.0,"max_hp_gain":0.0,"max_hp_loss":0.0,"gold_gain":0.0,"event_name":"Living Wall","player_choice":"Grow","floor":5.0,"gold_loss":0.0,"damage_taken":0.0,"cards_upgraded":["Infinite Blades"]},{"damage_healed":0.0,"max_hp_gain":0.0,"max_hp_loss":0.0,"gold_gain":0.0,"event_name":"WeMeetAgain","player_choice":"Gave Potion","floor":7.0,"gold_loss":0.0,"damage_taken":0.0,"relics_obtained":["Calipers"]},{"cards_removed":["Strike_G"],"damage_healed":0,"gold_gain":0,"player_choice":"Purged","damage_taken":0,"max_hp_gain":0,"max_hp_loss":0,"event_name":"Purifier","floor":21,"gold_loss":0}],"is_beta":false,"boss_relics":[{"not_picked":["Tiny House","Runic Dome"],"picked":"SacredBark"}],"items_purged_floors":[],"is_endless":false,"potions_floor_spawned":[2,3,11,13,20],"killed_by":"Book of Stabbing","ascension_level":2}}