{"host":"lv7etzzgwahaenh9","time":1613176645,"event":{"mods":["AchievementEnabler","BaseMod","Colored Map","Colored Powertips","Highlight Path","Minty Spire (QoL Compilation)","Permanent Neow","Quick Restart","Random Character Button","StSLib"],"gold_per_floor":[110,128,128,144,155,155,182,182,182,200,217,247,247,247,247,350,350,361,361,361,361],"floor_reached":20,"language":"ENG","playtime":1066,"items_purged":[],"score":319,"play_id":"f4b283ca-9e43-46b8-8780-1f69fa968b2c","local_time":"20210212163725","is_ascension_mode":true,"campfire_choices":[{"data":"Sunder","floor":6.0,"key":"SMITH"},{"floor":8.0,"key":"REST"},{"floor":15.0,"key":"REST"}],"circlet_count":0,"master_deck":["AscendersBane","Defend_B","Defend_B","Defend_B","Defend_B","Zap","Dualcast","Gash","Ball Lightning","Redo","Sunder+1","Leap","Glacier","Electrodynamics","Hologram+1","Seek","Turbo","Bite","Bite","Bite","Bite","Bite"],"relics":["FrozenCore","Calipers","Gambling Chip","Pear","Meat on the Bone","Matryoshka"],"acts_visited":["Exordium","TheCity"],"potions_floor_usage":[16],"damage_taken":[{"damage":1.0,"enemies":"Cultist","floor":1.0,"turns":3.0},{"damage":10.0,"enemies":"Small Slimes","floor":2.0,"turns":4.0},{"damage":7.0,"enemies":"Jaw Worm","floor":4.0,"turns":2.0},{"damage":7.0,"enemies":"3 Louse","floor":5.0,"turns":2.0},{"damage":21.0,"enemies":"Gremlin Nob","floor":7.0,"turns":4.0},{"damage":0.0,"enemies":"Blue Slaver","floor":10.0,"turns":4.0},{"damage":0.0,"enemies":"Large Slime","floor":11.0,"turns":7.0},{"damage":30.0,"enemies":"Lagavulin","floor":12.0,"turns":5.0},{"damage":28,"enemies":"The Guardian","floor":16,"turns":13},{"damage":7,"enemies":"Chosen","floor":18,"turns":6},{"damage":11,"enemies":"Shell Parasite","floor":20,"turns":6}],"seed_played":"616730750367794534","potions_obtained":[{"floor":5.0,"key":"Block Potion"},{"floor":7.0,"key":"PotionOfCapacity"},{"floor":16,"key":"Energy Potion"}],"is_trial":false,"path_per_floor":["M","M","?","M","M","R","E","R","T","M","M","E","?","?","R","B",null,"M","?","M"],"character_chosen":"DEFECT","items_purchased":[],"campfire_rested":2,"item_purchase_floors":[],"current_hp_per_floor":[67,57,57,50,43,43,22,42,52,52,52,22,22,22,45,29,66,59,54,45,45],"gold":361,"neow_bonus":"ONE_RARE_RELIC","is_daily":false,"chose_seed":false,"campfire_upgraded":1,"win_rate":0.0,"timestamp":1613176645,"path_taken":["M","M","?","M","M","R","E","R","T","?","M","E","?","?","R","BOSS","M","?","M"],"items_purchased_type":[],"build_version":"2020-12-22","purchased_purges":0,"victory":false,"max_hp_per_floor":[68,68,68,68,68,68,68,68,78,78,78,78,78,78,78,78,78,78,54,54,54],"card_choices":[{"not_picked":["Go for the Eyes","Stack"],"picked":"Gash","floor":1.0},{"not_picked":["Hologram","Steam"],"picked":"Ball Lightning","floor":2.0},{"not_picked":["Rebound","Double Energy"],"picked":"Sunder","floor":4.0},{"not_picked":["Loop","Go for the Eyes"],"picked":"Leap","floor":5.0},{"not_picked":["Redo","Hologram"],"picked":"Glacier","floor":7.0},{"not_picked":["Redo","Go for the Eyes","Sunder"],"picked":"SKIP","floor":10.0},{"not_picked":["Genetic Algorithm","Coolheaded"],"picked":"Electrodynamics","floor":11.0},{"not_picked":["Compile Driver","Rip and Tear"],"picked":"Hologram","floor":12.0},{"not_picked":["Fission","Biased Cognition"],"picked":"Seek","floor":16},{"not_picked":["Sweeping Beam","Streamline"],"picked":"Turbo","floor":18}],"player_experience":348239,"relics_obtained":[{"floor":7.0,"key":"Gambling Chip"},{"floor":9.0,"key":"Pear"},{"floor":12.0,"key":"Meat on the Bone"}],"event_choices":[{"damage_healed":0.0,"max_hp_gain":0.0,"max_hp_loss":0.0,"gold_gain":0.0,"event_name":"Match and Keep!","player_choice":"1 cards matched","floor":3.0,"gold_loss":0.0,"damage_taken":0.0,"cards_obtained":["Redo"]},{"damage_healed":0.0,"max_hp_gain":0.0,"max_hp_loss":0.0,"gold_gain":0.0,"event_name":"Dead Adventurer","player_choice":"Searched \u00272\u0027 times","floor":13.0,"gold_loss":0.0,"damage_taken":0.0,"relics_obtained":["Matryoshka"]},{"damage_healed":0.0,"max_hp_gain":0.0,"max_hp_loss":0.0,"gold_gain":0.0,"event_name":"Upgrade Shrine","player_choice":"Upgraded","floor":14.0,"gold_loss":0.0,"damage_taken":0.0,"cards_upgraded":["Hologram"]},{"damage_healed":0,"gold_gain":0,"player_choice":"Became a vampire","damage_taken":0,"max_hp_gain":0,"max_hp_loss":24,"event_name":"Vampires","floor":19,"gold_loss":0,"cards_obtained":["Bite","Bite","Bite","Bite","Bite"]}],"is_beta":false,"boss_relics":[{"not_picked":["Philosopher\u0027s Stone","Runic Dome"],"picked":"FrozenCore"}],"items_purged_floors":[],"is_endless":false,"potions_floor_spawned":[5,7,16],"killed_by":"Shell Parasite","ascension_level":12}}