{"host":"fa35vd3kig5td25x","time":1613219180,"event":{"mods":["BaseMod","Colored Powertips","Minty Spire (QoL Compilation)","Relic Stats","Slay the Relics Exporter"],"gold_per_floor":[99,99,99,24,24,24,24,24,24,24,0,0,0,0,0,0,0],"floor_reached":16,"language":"ENG","playtime":590,"items_purged":[],"score":220,"play_id":"6632d882-5b83-437f-abe2-58096391d0bd","local_time":"20210213132620","is_ascension_mode":true,"campfire_choices":[{"data":"Neutralize","floor":7,"key":"SMITH"},{"data":"Noxious Fumes","floor":15,"key":"SMITH"}],"circlet_count":0,"master_deck":["AscendersBane","Strike_G","Strike_G","Strike_G","Strike_G","Defend_G","Defend_G","Defend_G","Defend_G","Defend_G","Survivor","Neutralize+1","Dagger Spray","Noxious Fumes+1","Dagger Spray","Footwork+1","Blur","Footwork+1"],"relics":["Ectoplasm","Frozen Egg 2","InkBottle","Centennial Puzzle","Mercury Hourglass"],"acts_visited":["Exordium"],"potions_floor_usage":[3,8,16],"damage_taken":[{"damage":4,"enemies":"Cultist","floor":1,"turns":5},{"damage":0,"enemies":"2 Louse","floor":2,"turns":3},{"damage":5,"enemies":"Jaw Worm","floor":3,"turns":4},{"damage":22,"enemies":"3 Sentries","floor":6,"turns":8},{"damage":11,"enemies":"Lagavulin","floor":8,"turns":11},{"damage":2,"enemies":"Looter","floor":11,"turns":4},{"damage":1,"enemies":"Blue Slaver","floor":13,"turns":4},{"damage":17,"enemies":"Hexaghost","floor":16,"turns":10}],"seed_played":"-2302313095648910707","potions_obtained":[{"floor":1,"key":"Block Potion"},{"floor":3,"key":"CunningPotion"},{"floor":13,"key":"Strength Potion"}],"is_trial":false,"path_per_floor":["M","M","M","?","T","E","R","E","T","$","M","?","M","$","R","B"],"character_chosen":"THE_SILENT","items_purchased":[],"campfire_rested":0,"item_purchase_floors":[],"current_hp_per_floor":[55,55,50,50,50,28,28,17,17,17,15,15,14,14,14,0,0],"gold":0,"neow_bonus":"BOSS_RELIC","is_daily":false,"chose_seed":false,"campfire_upgraded":2,"win_rate":0.0,"timestamp":1613219180,"path_taken":["M","M","?","?","?","E","R","E","T","$","M","?","M","?","R","BOSS"],"items_purchased_type":[],"build_version":"2020-12-22","purchased_purges":0,"victory":false,"max_hp_per_floor":[66,66,66,66,66,66,66,66,66,66,66,66,66,66,66,66,66],"relic_stats":{"Centennial Puzzle":[9],"counters":[8,48],"Ectoplasm":164,"obtain_stats":[{"Centennial Puzzle":8,"Ectoplasm":0,"Frozen Egg 2":5,"InkBottle":6,"Ring of the Snake":0,"Mercury Hourglass":9},{"Centennial Puzzle":5,"Ectoplasm":0,"Frozen Egg 2":3,"InkBottle":4,"Ring of the Snake":0,"Mercury Hourglass":5},{"Centennial Puzzle":31,"Ectoplasm":0,"Frozen Egg 2":12,"InkBottle":20,"Ring of the Snake":0,"Mercury Hourglass":31}],"InkBottle":[10],"Mercury Hourglass":[49]},"card_choices":[{"not_picked":["Infinite Blades","Cloak And Dagger"],"picked":"Dagger Spray","floor":1},{"not_picked":["Masterful Stab","Sucker Punch"],"picked":"Noxious Fumes","floor":2},{"not_picked":["Cloak And Dagger","Endless Agony"],"picked":"Dagger Spray","floor":3},{"not_picked":["Caltrops+1","Sucker Punch"],"picked":"Footwork+1","floor":6},{"not_picked":["Accuracy+1","Bane"],"picked":"Blur","floor":8},{"not_picked":["Prepared","Sucker Punch","Dagger Throw"],"picked":"SKIP","floor":11},{"not_picked":["Dagger Throw","Well Laid Plans+1"],"picked":"Footwork+1","floor":13}],"player_experience":3130862,"relics_obtained":[{"floor":5,"key":"Frozen Egg 2"},{"floor":6,"key":"InkBottle"},{"floor":8,"key":"Centennial Puzzle"},{"floor":9,"key":"Mercury Hourglass"}],"event_choices":[{"cards_removed":["Strike_G"],"damage_healed":0,"gold_gain":0,"player_choice":"Card Removal","damage_taken":0,"max_hp_gain":0,"max_hp_loss":0,"event_name":"The Cleric","floor":4,"gold_loss":75},{"damage_healed":0,"gold_gain":0,"player_choice":"Ignored","damage_taken":0,"max_hp_gain":0,"max_hp_loss":0,"event_name":"Liars Game","floor":12,"gold_loss":0}],"is_beta":false,"boss_relics":[],"items_purged_floors":[],"is_endless":false,"potions_floor_spawned":[1,3,13],"killed_by":"Hexaghost","ascension_level":20}}