{"host":"7j2n82b2zha9fuyn","time":1613193677,"event":{"mods":["BaseMod","Block Reminder","Minty Spire (QoL Compilation)","StSLib"],"gold_per_floor":[114,128,128,205,216,247,16,16,69,144,163,189,199,224,224,224,224],"floor_reached":16,"language":"ENG","playtime":2280,"items_purged":["Strike_R"],"score":192,"play_id":"219d7a2d-3d3e-4a9d-b35b-d42d4c837222","local_time":"20210212222117","is_ascension_mode":true,"campfire_choices":[{"data":"Shockwave","floor":8,"key":"SMITH"},{"data":"1","floor":15,"key":"LIFT"}],"circlet_count":0,"master_deck":["AscendersBane","Strike_R","Strike_R","Strike_R","Defend_R","Defend_R","Defend_R","Defend_R","Bash","Cleave","Clothesline","Shockwave+1","Anger","Shrug It Off","Armaments"],"relics":["Burning Blood","Bird Faced Urn","MealTicket","Toolbox","Orichalcum","Girya","Lantern"],"acts_visited":["Exordium"],"potions_floor_usage":[12,14],"damage_taken":[{"damage":11,"enemies":"Small Slimes","floor":1,"turns":4},{"damage":4,"enemies":"Jaw Worm","floor":2,"turns":4},{"damage":3,"enemies":"2 Louse","floor":5,"turns":3},{"damage":26,"enemies":"Gremlin Nob","floor":6,"turns":5},{"damage":19,"enemies":"Large Slime","floor":11,"turns":7},{"damage":18,"enemies":"3 Sentries","floor":12,"turns":6},{"damage":2,"enemies":"Looter","floor":13,"turns":3},{"damage":2,"enemies":"Gremlin Nob","floor":14,"turns":3},{"damage":19,"enemies":"The Guardian","floor":16,"turns":15}],"seed_played":"-6181371042447881495","potions_obtained":[{"floor":11,"key":"SkillPotion"},{"floor":12,"key":"Explosive Potion"},{"floor":13,"key":"Fire Potion"},{"floor":14,"key":"SkillPotion"}],"is_trial":false,"path_per_floor":["M","M","?","?","M","E","$","R","T","?","M","E","M","E","R","B"],"character_chosen":"IRONCLAD","items_purchased":["Toolbox"],"campfire_rested":0,"item_purchase_floors":[7],"current_hp_per_floor":[46,48,48,48,51,31,46,46,46,35,22,10,14,18,18,0,0],"gold":224,"neow_bonus":"ONE_RARE_RELIC","is_daily":false,"chose_seed":false,"campfire_upgraded":1,"win_rate":0.0,"timestamp":1613193677,"path_taken":["M","M","?","?","M","E","$","R","T","?","M","E","M","E","R","BOSS"],"items_purchased_type":["Relic"],"build_version":"2020-12-22","purchased_purges":1,"victory":false,"max_hp_per_floor":[80,80,80,80,80,80,80,80,80,80,80,80,80,80,80,80,80],"card_choices":[{"not_picked":["Twin Strike","Sword Boomerang"],"picked":"Cleave","floor":1},{"not_picked":["Anger","Infernal Blade"],"picked":"Clothesline","floor":2},{"not_picked":["Perfected Strike","Rage"],"picked":"Anger","floor":5},{"not_picked":["Searing Blow","Perfected Strike","Flex"],"picked":"SKIP","floor":6},{"not_picked":["Rampage","Anger","Reckless Charge"],"picked":"SKIP","floor":11},{"not_picked":["Intimidate","Headbutt"],"picked":"Shrug It Off","floor":12},{"not_picked":["Combust","Thunderclap"],"picked":"Armaments","floor":13},{"not_picked":["Iron Wave","Hemokinesis","Berserk"],"picked":"SKIP","floor":14}],"player_experience":2024421,"relics_obtained":[{"floor":6,"key":"MealTicket"},{"floor":9,"key":"Orichalcum"},{"floor":12,"key":"Girya"},{"floor":14,"key":"Lantern"}],"event_choices":[{"damage_healed":0,"gold_gain":0,"cards_transformed":["Strike_R"],"player_choice":"Change","damage_taken":0,"max_hp_gain":0,"max_hp_loss":0,"event_name":"Living Wall","floor":3,"gold_loss":0,"cards_obtained":["Shockwave"]},{"damage_healed":0,"gold_gain":77,"player_choice":"Gained Gold","damage_taken":0,"max_hp_gain":0,"max_hp_loss":0,"event_name":"Golden Wing","floor":4,"gold_loss":0},{"damage_healed":0,"gold_gain":75,"player_choice":"Gather Gold","damage_taken":11,"max_hp_gain":0,"max_hp_loss":0,"event_name":"World of Goop","floor":10,"gold_loss":0}],"is_beta":false,"boss_relics":[],"items_purged_floors":[7],"is_endless":false,"potions_floor_spawned":[11,12,13,14],"killed_by":"The Guardian","ascension_level":12}}