{"host":"dw8ij7emqco3quom","time":1613175286,"event":{"mods":["BaseMod","Minty Spire (QoL Compilation)"],"gold_per_floor":[116,116,116,216,66,78,97,129,129,129,146,146,164,192,192,192,192],"floor_reached":16,"language":"FRA","playtime":1173,"items_purged":[],"score":182,"play_id":"3d250cf9-03c4-4c2a-ba87-5f5458191973","local_time":"20210213011446","is_ascension_mode":true,"campfire_choices":[{"floor":10,"key":"RECALL"},{"data":"Flame Barrier","floor":12,"key":"SMITH"},{"data":"Sentinel","floor":15,"key":"SMITH"}],"circlet_count":0,"master_deck":["Strike_R","Strike_R","Strike_R","Strike_R","Strike_R","Defend_R","Defend_R","Defend_R","Bash","Sentinel+1","Combust","Burning Pact","Bloodletting","Flame Barrier+1","Sentinel","Pommel Strike"],"relics":["Burning Blood","PreservedInsect","Matryoshka","Blood Vial","Centennial Puzzle","Akabeko","Oddly Smooth Stone","Dream Catcher"],"acts_visited":["Exordium"],"potions_floor_usage":[8,13,13,14],"damage_taken":[{"damage":7,"enemies":"2 Louse","floor":1,"turns":4},{"damage":5,"enemies":"Small Slimes","floor":6,"turns":3},{"damage":5,"enemies":"Cultist","floor":7,"turns":4},{"damage":0,"enemies":"Gremlin Nob","floor":8,"turns":2},{"damage":9,"enemies":"2 Fungi Beasts","floor":11,"turns":2},{"damage":5,"enemies":"Lots of Slimes","floor":13,"turns":4},{"damage":4,"enemies":"3 Sentries","floor":14,"turns":6},{"damage":80,"enemies":"The Guardian","floor":16,"turns":15}],"seed_played":"2860791747690404221","potions_obtained":[{"floor":1,"key":"AttackPotion"},{"floor":6,"key":"EssenceOfSteel"},{"floor":8,"key":"Energy Potion"},{"floor":13,"key":"Explosive Potion"}],"is_trial":false,"path_per_floor":["M","?","?","?","$","M","M","E","T","R","M","R","M","E","R","B"],"character_chosen":"IRONCLAD","items_purchased":["Blood Vial"],"campfire_rested":0,"item_purchase_floors":[5],"current_hp_per_floor":[71,64,64,64,64,67,70,78,78,78,77,77,80,80,80,0,0],"gold":192,"neow_bonus":"RANDOM_COMMON_RELIC","is_daily":false,"chose_seed":false,"campfire_upgraded":2,"win_rate":0.0,"timestamp":1613175286,"path_taken":["M","?","?","?","$","M","M","E","T","R","M","R","?","E","R","BOSS"],"items_purchased_type":["Relic"],"build_version":"2020-12-22","purchased_purges":0,"victory":false,"max_hp_per_floor":[80,80,80,80,80,80,80,80,80,80,80,80,80,80,80,80,80],"card_choices":[{"not_picked":["Dark Embrace","True Grit"],"picked":"Sentinel","floor":1},{"not_picked":["Body Slam","Headbutt"],"picked":"Burning Pact","floor":6},{"not_picked":["Perfected Strike","Dark Embrace"],"picked":"Bloodletting","floor":7},{"not_picked":["Sever Soul","Inflame"],"picked":"Flame Barrier","floor":8},{"not_picked":["Pommel Strike","Burning Pact"],"picked":"Sentinel","floor":11},{"not_picked":["Anger","Hemokinesis"],"picked":"Pommel Strike","floor":13},{"not_picked":["Reckless Charge","Battle Trance","Havoc"],"picked":"SKIP","floor":14}],"player_experience":731192,"relics_obtained":[{"floor":8,"key":"Centennial Puzzle"},{"floor":9,"key":"Akabeko"},{"floor":9,"key":"Oddly Smooth Stone"},{"floor":14,"key":"Dream Catcher"}],"event_choices":[{"damage_healed":0,"gold_gain":0,"player_choice":"Success","damage_taken":7,"relics_obtained":["Matryoshka"],"max_hp_gain":0,"max_hp_loss":0,"event_name":"Scrap Ooze","floor":2,"gold_loss":0},{"damage_healed":0,"gold_gain":0,"cards_transformed":["Defend_R"],"player_choice":"Change","damage_taken":0,"max_hp_gain":0,"max_hp_loss":0,"event_name":"Living Wall","floor":3,"gold_loss":0,"cards_obtained":["Combust"]},{"damage_healed":0,"gold_gain":100,"player_choice":"Pray","damage_taken":0,"max_hp_gain":0,"max_hp_loss":0,"event_name":"Golden Shrine","floor":4,"gold_loss":0}],"is_beta":false,"boss_relics":[],"items_purged_floors":[],"is_endless":false,"potions_floor_spawned":[1,6,8,13],"killed_by":"The Guardian","ascension_level":7}}