{"host":"hcfgv6p6h0ubjkk0","time":1613233033,"event":{"mods":["AchievementEnabler","BaseMod","Highlight Path","Minty Spire (QoL Compilation)","Quick Restart","Replay The Spire","StSLib"],"gold_per_floor":[113,131,131,131,152,152,187,201,274,292,292,310,333,369,369,369,369],"floor_reached":16,"language":"ENG","playtime":444,"items_purged":[],"score":137,"play_id":"c09adaf4-d595-4e12-bd62-383ca4fa1d4e","local_time":"20210213161713","is_ascension_mode":true,"campfire_choices":[{"data":"Bash","floor":6,"key":"SMITH"},{"floor":11,"key":"REST"},{"floor":15,"key":"REST"}],"circlet_count":0,"master_deck":["Strike_R","Strike_R","Strike_R","Strike_R","Strike_R","Defend_R","Defend_R","Defend_R","Defend_R","Bash+1","Cleave","Hemokinesis","Combust","Battle Trance","Ghostly Armor","ReplayTheSpireMod:Stacked"],"relics":["Burning Blood","NeowsBlessing","Golden Idol","Incense Burner","Regal Pillow","Replay:Bottled Steam","Onion Ring"],"acts_visited":["Exordium"],"potions_floor_usage":[14,16],"damage_taken":[{"damage":0,"enemies":"2 Louse","floor":1,"turns":1},{"damage":0,"enemies":"Cultist","floor":2,"turns":1},{"damage":0,"enemies":"Jaw Worm","floor":5,"turns":1},{"damage":44,"enemies":"Lagavulin","floor":7,"turns":4},{"damage":8,"enemies":"3 Louse","floor":8,"turns":3},{"damage":20,"enemies":"Blue Slaver","floor":10,"turns":3},{"damage":6,"enemies":"Exordium Wildlife","floor":12,"turns":3},{"damage":22,"enemies":"Large Slime","floor":13,"turns":5},{"damage":14,"enemies":"Replay:BlueRogue","floor":14,"turns":6},{"damage":60,"enemies":"The Guardian","floor":16,"turns":14}],"seed_played":"1720382337451267340","potions_obtained":[{"floor":2,"key":"FearPotion"},{"floor":7,"key":"Block Potion"},{"floor":14,"key":"LifebloodPotion"}],"is_trial":false,"path_per_floor":["M","M","?","?","M","R","E","M","T","M","R","M","M","E","R","B"],"character_chosen":"IRONCLAD","items_purchased":[],"campfire_rested":2,"item_purchase_floors":[],"current_hp_per_floor":[80,80,60,60,66,66,28,26,26,12,51,51,35,27,66,6,6],"gold":369,"neow_bonus":"THREE_ENEMY_KILL","is_daily":false,"chose_seed":false,"campfire_upgraded":1,"win_rate":0.0,"timestamp":1613233033,"path_taken":["M","M","?","?","M","R","E","M","T","?","R","M","M","E","R","BOSS"],"items_purchased_type":[],"build_version":"2020-12-22","purchased_purges":0,"victory":false,"max_hp_per_floor":[80,80,80,80,80,80,80,80,80,80,80,80,80,80,80,80,80],"card_choices":[{"not_picked":["Headbutt","Body Slam","ReplayTheSpireMod:Corrosion Curse"],"picked":"SKIP","floor":1},{"not_picked":["Sentinel","Perfected Strike"],"picked":"Cleave","floor":2},{"not_picked":["Replay:Undeath\u0027s Touch","Havoc"],"picked":"Hemokinesis","floor":5},{"not_picked":["ReplayTheSpireMod:Strike From Hell","Warcry"],"picked":"Combust","floor":7},{"not_picked":["Reckless Charge","Second Wind","Perfected Strike"],"picked":"SKIP","floor":8},{"not_picked":["Dark Embrace","Anger","Perfected Strike"],"picked":"SKIP","floor":10},{"not_picked":["Fire Breathing","Eclipse"],"picked":"Battle Trance","floor":12},{"not_picked":["Warcry","Cleave"],"picked":"Ghostly Armor","floor":13},{"not_picked":["Inflame","Pommel Strike"],"picked":"ReplayTheSpireMod:Stacked","floor":14}],"player_experience":201333,"relics_obtained":[{"floor":7,"key":"Regal Pillow"},{"floor":9,"key":"Replay:Bottled Steam"},{"floor":14,"key":"Onion Ring"}],"event_choices":[{"damage_healed":0,"gold_gain":0,"player_choice":"Take Damage","damage_taken":20,"relics_obtained":["Golden Idol"],"max_hp_gain":0,"max_hp_loss":0,"event_name":"Golden Idol","floor":3,"gold_loss":0},{"damage_healed":0,"gold_gain":0,"player_choice":"Gave Potion","damage_taken":0,"relics_obtained":["Incense Burner"],"max_hp_gain":0,"max_hp_loss":0,"event_name":"WeMeetAgain","floor":4,"gold_loss":0}],"is_beta":false,"boss_relics":[],"items_purged_floors":[],"is_endless":false,"potions_floor_spawned":[2,7,14],"killed_by":"The Guardian","ascension_level":4}}