{"host":"dcj2yvrgcvh5dl2s","time":1613178687,"event":{"mods":["BaseMod","Bestiary","Better Note","Block Reminder","Colored Powertips","Curses Come First","DeckTracker","Displayed Cursed Tome","Minty Spire (QoL Compilation)","Quick Restart","Rare Cards Sparkle","Relic Stats","StSLib"],"gold_per_floor":[111,68,68,29,29,29,29,44,44,44,55,80,80,100,100,174,174,194,22,22,22,46,46,62,62,86,117,134,145,20,20,20],"floor_reached":31,"language":"ENG","playtime":2009,"items_purged":["Regret"],"score":592,"play_id":"19ee4759-a6ce-47af-8d37-2756ead40142","local_time":"20210213111127","is_ascension_mode":true,"campfire_choices":[{"data":"Whirlwind","floor":6,"key":"SMITH"},{"floor":13,"key":"REST"},{"floor":15,"key":"REST"},{"floor":25,"key":"REST"}],"circlet_count":0,"master_deck":["AscendersBane","Strike_R","Strike_R","Strike_R","Strike_R","Strike_R","Defend_R","Defend_R","Defend_R","Defend_R+1","Bash","Shame","Apotheosis","Carnage","Whirlwind+1","Metallicize+1","Shrug It Off","Heavy Blade+1","Battle Trance","Feed+1","Inflame","Shrug It Off","Flex"],"relics":["Burning Blood","White Beast Statue","StrikeDummy","Molten Egg 2","Lantern","Ancient Tea Set","Sozu","PreservedInsect","MutagenicStrength","Bag of Preparation","Regal Pillow","InkBottle"],"acts_visited":["Exordium","TheCity"],"potions_floor_usage":[12,12,16,16,23],"damage_taken":[{"damage":6,"enemies":"Cultist","floor":1,"turns":4},{"damage":1,"enemies":"2 Louse","floor":8,"turns":2},{"damage":12,"enemies":"Small Slimes","floor":11,"turns":2},{"damage":6,"enemies":"Lagavulin","floor":12,"turns":7},{"damage":12,"enemies":"2 Fungi Beasts","floor":14,"turns":3},{"damage":56,"enemies":"Slime Boss","floor":16,"turns":7},{"damage":5,"enemies":"3 Byrds","floor":18,"turns":4},{"damage":38,"enemies":"Book of Stabbing","floor":23,"turns":4},{"damage":2,"enemies":"Spheric Guardian","floor":24,"turns":3},{"damage":25,"enemies":"Slavers","floor":27,"turns":4},{"damage":14,"enemies":"Snake Plant","floor":28,"turns":4},{"damage":22,"enemies":"Sentry and Sphere","floor":29,"turns":4},{"damage":27,"enemies":"Shelled Parasite and Fungi","floor":31,"turns":1}],"seed_played":"-5004691368898469473","potions_obtained":[{"floor":8,"key":"SteroidPotion"},{"floor":11,"key":"SteroidPotion"},{"floor":12,"key":"PowerPotion"},{"floor":14,"key":"PowerPotion"},{"floor":16,"key":"SmokeBomb"}],"is_trial":false,"path_per_floor":["M","$","?","$","?","R","?","M","T","T","M","E","R","M","R","B",null,"M","$","?","?","T","E","M","R","T","E","M","M","$","M"],"character_chosen":"IRONCLAD","items_purchased":["Whirlwind","Metallicize","PreservedInsect","Flex"],"campfire_rested":3,"item_purchase_floors":[2,4,19,30],"current_hp_per_floor":[68,68,68,68,57,57,34,39,39,39,33,33,55,49,71,21,62,67,67,67,67,67,35,39,62,62,47,43,27,27,0,0],"gold":20,"neow_bonus":"RANDOM_COLORLESS_2","is_daily":false,"chose_seed":false,"campfire_upgraded":1,"win_rate":0.0,"timestamp":1613178687,"path_taken":["M","?","?","$","?","R","?","M","T","?","M","E","R","M","R","BOSS","M","$","?","?","?","E","M","R","T","E","M","M","$","M"],"items_purchased_type":["Card","Card","Relic","Card"],"build_version":"2020-12-22","purchased_purges":1,"victory":false,"max_hp_per_floor":[75,75,75,75,75,75,75,75,75,75,75,75,75,75,75,75,75,79,79,79,79,79,79,79,79,79,83,87,87,87,87,87],"relic_stats":{"Sozu":5,"Regal Pillow":0,"counters":[13,49],"PreservedInsect":84,"Bag of Preparation":[12],"obtain_stats":[{"Sozu":17,"Lantern":10,"Regal Pillow":26,"MutagenicStrength":21,"Molten Egg 2":9,"PreservedInsect":19,"Bag of Preparation":22,"StrikeDummy":5,"Ancient Tea Set":12,"Burning Blood":0,"White Beast Statue":3,"InkBottle":27},{"Sozu":6,"Lantern":2,"Regal Pillow":9,"MutagenicStrength":7,"Molten Egg 2":2,"PreservedInsect":7,"Bag of Preparation":7,"StrikeDummy":1,"Ancient Tea Set":4,"Burning Blood":0,"White Beast Statue":1,"InkBottle":10},{"Sozu":25,"Lantern":6,"Regal Pillow":36,"MutagenicStrength":29,"Molten Egg 2":6,"PreservedInsect":29,"Bag of Preparation":29,"StrikeDummy":4,"Ancient Tea Set":15,"Burning Blood":0,"White Beast Statue":4,"InkBottle":40}],"Burning Blood":72,"InkBottle":[2]},"card_choices":[{"not_picked":["Mayhem","Metamorphosis"],"picked":"Apotheosis","floor":0},{"not_picked":["Headbutt","Sword Boomerang"],"picked":"Carnage","floor":1},{"not_picked":["Thunderclap","Feel No Pain"],"picked":"Shrug It Off","floor":8},{"not_picked":["Thunderclap+1","Twin Strike+1"],"picked":"Heavy Blade+1","floor":11},{"not_picked":["Havoc","Sword Boomerang+1"],"picked":"Battle Trance","floor":12},{"not_picked":["Heavy Blade+1","Iron Wave+1","Clash+1"],"picked":"SKIP","floor":14},{"not_picked":["Exhume","Demon Form"],"picked":"Feed+1","floor":16},{"not_picked":["Shockwave","Spot Weakness"],"picked":"Inflame","floor":18},{"not_picked":["Pommel Strike+1","Wild Strike+1"],"picked":"Shrug It Off","floor":24},{"not_picked":["Pommel Strike+1","Clash+1","Sword Boomerang+1"],"picked":"SKIP","floor":27},{"not_picked":["Immolate+1","Clothesline+1","Pommel Strike+1"],"picked":"SKIP","floor":28},{"not_picked":["Second Wind","Havoc","Iron Wave+1"],"picked":"SKIP","floor":29}],"player_experience":2393764,"relics_obtained":[{"floor":9,"key":"Molten Egg 2"},{"floor":10,"key":"Lantern"},{"floor":12,"key":"Ancient Tea Set"},{"floor":22,"key":"Bag of Preparation"},{"floor":26,"key":"Regal Pillow"},{"floor":27,"key":"InkBottle"}],"event_choices":[{"damage_healed":0,"gold_gain":0,"player_choice":"Box","damage_taken":0,"relics_obtained":["White Beast Statue"],"max_hp_gain":0,"max_hp_loss":0,"event_name":"Big Fish","floor":3,"gold_loss":0,"cards_obtained":["Regret"]},{"damage_healed":0,"gold_gain":0,"player_choice":"Success","damage_taken":11,"relics_obtained":["StrikeDummy"],"max_hp_gain":0,"max_hp_loss":0,"event_name":"Scrap Ooze","floor":5,"gold_loss":0},{"damage_healed":0,"gold_gain":0,"player_choice":"Entered Light","damage_taken":23,"max_hp_gain":0,"max_hp_loss":0,"event_name":"Shining Light","floor":7,"gold_loss":0,"cards_upgraded":["Metallicize","Defend_R"]},{"damage_healed":0,"gold_gain":0,"player_choice":"Inject Mutagens","damage_taken":0,"relics_obtained":["MutagenicStrength"],"max_hp_gain":0,"max_hp_loss":0,"event_name":"Drug Dealer","floor":21,"gold_loss":0}],"is_beta":false,"boss_relics":[{"not_picked":["Calling Bell","Black Star"],"picked":"Sozu"}],"items_purged_floors":[30],"is_endless":false,"potions_floor_spawned":[8,11,12,14,16,18,23,24,27,28,29],"killed_by":"Shelled Parasite and Fungi","ascension_level":20}}