{"host":"oq9vgnvl0fi8z8ha","time":1613201824,"event":{"mods":["BaseMod","Block Reminder","ChefMod","Curses Come First","Evolution","Fox Events","Highlight Path","Minty Spire (QoL Compilation)","Relic Stats","Robot Space Explorer","Smile Girya","StSLib","The Bug Knight","The Runesmith","Treasure Hunter","Unceasing Turn Reminder"],"gold_per_floor":[214,289,289,289,303,303,331,331,331,331,358,358,371,406,406,406,406],"floor_reached":16,"language":"ENG","playtime":1220,"items_purged":[],"score":148,"play_id":"af45face-df90-4f37-bb6d-5c145f68d395","local_time":"20210213003704","is_ascension_mode":true,"campfire_choices":[{"floor":6,"key":"RECALL"},{"data":"HollowMod:CycloneSlash","floor":8,"key":"SMITH"},{"data":"HollowMod:DashSlash","floor":10,"key":"SMITH"},{"data":"HollowMod:FocusHealStart","floor":12,"key":"SMITH"},{"floor":15,"key":"REST"}],"circlet_count":0,"master_deck":["HollowMod:DashSlash+1","HollowMod:InfectedAttack","HollowMod:SoulStrike","HollowMod:NailStrikeStart","HollowMod:QuickDashStart","HollowMod:QuickDashStart","HollowMod:QuickDashStart","HollowMod:QuickDashStart","HollowMod:FocusHealStart+1","HollowMod:PogoStrike","HollowMod:HuntersJournal","HollowMod:CycloneSlash+1","TH:PixieDust","HollowMod:NewJinnsSoul+1","TH:TreasureMap","TH:ArmorSpikes","HollowMod:CornifersMapStart+1","HollowMod:CycloneSlash","TH:BikiniMail","HollowMod:HeavyBlow"],"relics":["HollowMod:VesselMask","EVO:Axolotl","Potion Belt","Toxic Egg 2","Strawberry","Juzu Bracelet","Happy Flower"],"acts_visited":["Exordium"],"potions_floor_usage":[],"damage_taken":[{"damage":0,"enemies":"2 Louse","floor":1,"turns":4},{"damage":5,"enemies":"Small Slimes","floor":5,"turns":4},{"damage":28,"enemies":"Gremlin Nob","floor":7,"turns":5},{"damage":0,"enemies":"HollowMod:MossKnight","floor":11,"turns":11},{"damage":0,"enemies":"Jaw Worm","floor":13,"turns":4},{"damage":24,"enemies":"Gremlin Nob","floor":14,"turns":5},{"damage":89,"enemies":"The Guardian","floor":16,"turns":16}],"seed_played":"-8007206560607976524","potions_obtained":[{"floor":1,"key":"BlessingOfTheForge"},{"floor":11,"key":"FearPotion"}],"is_trial":false,"path_per_floor":["M","?","?","?","M","R","E","R","T","R","E","R","M","E","R","B"],"character_chosen":"THE_BUGKNIGHT","items_purchased":[],"campfire_rested":1,"item_purchase_floors":[],"current_hp_per_floor":[75,64,57,57,62,62,47,47,47,47,59,59,69,51,75,0,0],"gold":406,"neow_bonus":"RANDOM_COMMON_RELIC","is_daily":false,"chose_seed":false,"campfire_upgraded":3,"win_rate":0.0,"timestamp":1613201824,"path_taken":["M","?","?","?","M","R","E","R","T","R","E","R","M","E","R","BOSS"],"items_purchased_type":[],"build_version":"2020-12-22","purchased_purges":0,"victory":false,"max_hp_per_floor":[75,75,75,75,75,75,82,82,82,82,82,82,82,82,82,82,82],"relic_stats":{"Happy Flower":[5],"counters":[7,49],"Juzu Bracelet":0,"obtain_stats":[{"Potion Belt":0,"Happy Flower":14,"Strawberry":7,"HollowMod:VesselMask":0,"Juzu Bracelet":11,"EVO:Axolotl":0,"Toxic Egg 2":3},{"Potion Belt":0,"Happy Flower":6,"Strawberry":3,"HollowMod:VesselMask":0,"Juzu Bracelet":4,"EVO:Axolotl":0,"Toxic Egg 2":1},{"Potion Belt":0,"Happy Flower":33,"Strawberry":13,"HollowMod:VesselMask":0,"Juzu Bracelet":24,"EVO:Axolotl":0,"Toxic Egg 2":4}]},"card_choices":[{"not_picked":["HollowMod:DreamGate","HollowMod:InfectedAttack"],"picked":"HollowMod:HuntersJournal","floor":1},{"not_picked":["HollowMod:SoulSplash+1","HollowMod:CrystalDash+1"],"picked":"HollowMod:CycloneSlash","floor":5},{"not_picked":["TH:BikiniMail"],"picked":"TH:PixieDust","floor":7},{"not_picked":["HollowMod:ShapeofUnn","HollowMod:Grubsong"],"picked":"HollowMod:NewJinnsSoul+1","floor":7},{"not_picked":["TH:PixieDust"],"picked":"TH:TreasureMap","floor":9},{"not_picked":["TH:BikiniMail"],"picked":"TH:ArmorSpikes","floor":11},{"not_picked":["HollowMod:CoiledNail","HollowMod:InfectionAssault"],"picked":"HollowMod:CornifersMapStart+1","floor":11},{"not_picked":["HollowMod:SoulStrike","HollowMod:Grubsong"],"picked":"HollowMod:CycloneSlash","floor":13},{"not_picked":["TH:Mimic"],"picked":"TH:BikiniMail","floor":14},{"not_picked":["HollowMod:ShadowDash+1","HollowMod:InfectedCysts"],"picked":"HollowMod:HeavyBlow","floor":14}],"player_experience":219049,"relics_obtained":[{"floor":7,"key":"Strawberry"},{"floor":11,"key":"Juzu Bracelet"},{"floor":14,"key":"Happy Flower"}],"event_choices":[{"damage_healed":0,"gold_gain":75,"player_choice":"Gather Gold","damage_taken":11,"max_hp_gain":0,"max_hp_loss":0,"event_name":"World of Goop","floor":2,"gold_loss":0},{"damage_healed":0,"gold_gain":0,"player_choice":"Success","damage_taken":7,"relics_obtained":["Toxic Egg 2"],"max_hp_gain":0,"max_hp_loss":0,"event_name":"Scrap Ooze","floor":3,"gold_loss":0},{"damage_healed":0,"gold_gain":0,"player_choice":"Ignored","damage_taken":0,"max_hp_gain":0,"max_hp_loss":0,"event_name":"Liars Game","floor":4,"gold_loss":0}],"is_beta":false,"boss_relics":[],"items_purged_floors":[],"is_endless":false,"potions_floor_spawned":[1,11],"killed_by":"The Guardian","ascension_level":1}}