{"host":"y0i0tbisecj7yjyn","time":1613198305,"event":{"mods":["AchievementEnabler","AlwaysNeverKeys","BaseMod","BetterRewards","Colored Map","Colored Powertips","Curses Come First","Disable Question Mark Monsters","Displayed Cursed Tome","Highlight Path","Keyboard Shortcuts","Minty Spire (QoL Compilation)","Quick Restart","Random Character Button","Rare Cards Sparkle","StSLib","SuperFastMode","Transform Curses","Weighted Paths"],"gold_per_floor":[116,37,37,49,49,82,97,122,176,176,141,167,167,198,198,297,347,358,378,378,378,378,409,409,409,409],"floor_reached":25,"language":"ENG","playtime":1450,"items_purged":[],"score":297,"play_id":"d0db3647-5c66-4267-9107-65091bed3be0","local_time":"20210213003825","is_ascension_mode":true,"campfire_choices":[{"floor":10.0,"key":"REST"},{"data":"Caltrops","floor":13.0,"key":"SMITH"},{"data":"A Thousand Cuts","floor":15.0,"key":"SMITH"},{"floor":24,"key":"REST"}],"circlet_count":0,"master_deck":["Strike_G","Strike_G","Strike_G","Strike_G+1","Strike_G","Defend_G","Defend_G","Defend_G","Defend_G","Defend_G","Survivor","Neutralize","Underhanded Strike","Caltrops+1","Terror","Flying Knee","Backstab","Flechettes","Sucker Punch","A Thousand Cuts+1","A Thousand Cuts","Sucker Punch","Cloak And Dagger","Blade Dance+1","Accuracy","Flechettes+1","Underhanded Strike"],"relics":["Ring of the Snake","Shuriken","Happy Flower","FossilizedHelix","Snake Skull","Strawberry","Dream Catcher","The Courier","Tiny House","Matryoshka","Pen Nib"],"acts_visited":["Exordium","TheCity"],"potions_floor_usage":[],"damage_taken":[{"damage":0.0,"enemies":"Small Slimes","floor":1.0,"turns":5.0},{"damage":13.0,"enemies":"2 Louse","floor":4.0,"turns":3.0},{"damage":28.0,"enemies":"Gremlin Nob","floor":6.0,"turns":4.0},{"damage":0.0,"enemies":"Cultist","floor":7.0,"turns":3.0},{"damage":16.0,"enemies":"3 Sentries","floor":8.0,"turns":8.0},{"damage":5.0,"enemies":"Gremlin Nob","floor":12.0,"turns":3.0},{"damage":10.0,"enemies":"Lagavulin","floor":14.0,"turns":6.0},{"damage":36.0,"enemies":"The Guardian","floor":16.0,"turns":8.0},{"damage":5,"enemies":"3 Byrds","floor":18,"turns":2},{"damage":25,"enemies":"2 Thieves","floor":19,"turns":4},{"damage":36,"enemies":"Centurion and Healer","floor":21,"turns":6},{"damage":18,"enemies":"Gremlin Leader","floor":23,"turns":7},{"damage":41,"enemies":"Slavers","floor":25,"turns":2}],"seed_played":"4111430839126177486","potions_obtained":[{"floor":4.0,"key":"PowerPotion"},{"floor":6.0,"key":"CunningPotion"},{"floor":12.0,"key":"SteroidPotion"},{"floor":14.0,"key":"SpeedPotion"},{"floor":17.0,"key":"Fruit Juice"},{"floor":19,"key":"SpeedPotion"},{"floor":21,"key":"SpeedPotion"},{"floor":23,"key":"GamblersBrew"}],"is_trial":false,"path_per_floor":["M","$","?","M","?","E","M","E","T","R","?","E","R","E","R","B",null,"M","M","?","M","?","E","R","E"],"character_chosen":"THE_SILENT","items_purchased":["Caltrops"],"campfire_rested":2,"item_purchase_floors":[2],"current_hp_per_floor":[77,77,77,64,64,36,36,20,27,52,73,68,68,58,58,22,94,89,64,64,28,28,10,38,0,0],"gold":409,"neow_bonus":"TEN_PERCENT_HP_BONUS","is_daily":false,"chose_seed":false,"campfire_upgraded":2,"win_rate":0.0,"timestamp":1613198305,"path_taken":["M","$","?","M","?","E","?","E","T","R","?","E","R","E","R","BOSS","M","M","?","?","?","E","R","E"],"items_purchased_type":["Card"],"build_version":"2020-12-22","purchased_purges":0,"victory":false,"max_hp_per_floor":[77,77,77,77,77,77,77,77,84,84,84,84,84,84,84,84,94,94,94,94,94,94,94,94,94,94],"card_choices":[{"not_picked":["Dagger Spray","Terror"],"picked":"Underhanded Strike","floor":1.0},{"not_picked":["Calculated Gamble","Prepared"],"picked":"Terror","floor":4.0},{"not_picked":["Crippling Poison","Cloak And Dagger"],"picked":"Flying Knee","floor":6.0},{"not_picked":["Poisoned Stab","Deflect"],"picked":"Backstab","floor":7.0},{"not_picked":["Infinite Blades","Cloak And Dagger"],"picked":"Flechettes","floor":8.0},{"not_picked":["Underhanded Strike","Accuracy"],"picked":"Sucker Punch","floor":12.0},{"not_picked":["Deadly Poison","Slice"],"picked":"A Thousand Cuts","floor":14.0},{"not_picked":["Venomology","Grand Finale"],"picked":"A Thousand Cuts","floor":16.0},{"not_picked":["Dagger Spray","Poisoned Stab"],"picked":"Sucker Punch","floor":17.0},{"not_picked":["Backflip","Quick Slash+1"],"picked":"Cloak And Dagger","floor":18},{"not_picked":["Bane","Acrobatics+1"],"picked":"Blade Dance+1","floor":19},{"not_picked":["Dodge and Roll","Deadly Poison"],"picked":"Accuracy","floor":21},{"not_picked":["Bouncing Flask","Terror+1"],"picked":"Flechettes+1","floor":23},{"not_picked":["Bane","Deflect"],"picked":"Underhanded Strike","floor":24}],"player_experience":443876,"relics_obtained":[{"floor":5.0,"key":"Happy Flower"},{"floor":6.0,"key":"FossilizedHelix"},{"floor":8.0,"key":"Snake Skull"},{"floor":9.0,"key":"Strawberry"},{"floor":12.0,"key":"Dream Catcher"},{"floor":14.0,"key":"The Courier"},{"floor":23,"key":"Pen Nib"}],"event_choices":[{"damage_healed":0.0,"max_hp_gain":0.0,"max_hp_loss":0.0,"gold_gain":0.0,"event_name":"Big Fish","player_choice":"Box","floor":3.0,"gold_loss":0.0,"damage_taken":0.0,"relics_obtained":["Shuriken"],"cards_obtained":["Regret"]},{"damage_healed":0.0,"max_hp_gain":0.0,"max_hp_loss":0.0,"gold_gain":0.0,"event_name":"Wheel of Change","player_choice":"Relic","floor":5.0,"gold_loss":0.0,"damage_taken":0.0},{"damage_healed":21.0,"max_hp_gain":0.0,"max_hp_loss":0.0,"gold_gain":0.0,"event_name":"The Cleric","player_choice":"Healed","floor":11.0,"gold_loss":35.0,"damage_taken":0.0},{"cards_removed":["Regret"],"damage_healed":0,"gold_gain":0,"player_choice":"Purged","damage_taken":0,"max_hp_gain":0,"max_hp_loss":0,"event_name":"Purifier","floor":20,"gold_loss":0},{"damage_healed":0,"gold_gain":0,"player_choice":"Opened","damage_taken":0,"relics_obtained":["Matryoshka"],"max_hp_gain":0,"max_hp_loss":0,"event_name":"The Mausoleum","floor":22,"gold_loss":0}],"is_beta":false,"boss_relics":[{"not_picked":["HoveringKite","Runic Dome"],"picked":"Tiny House"}],"items_purged_floors":[],"is_endless":false,"potions_floor_spawned":[4,6,12,14,19,21,23],"killed_by":"Slavers","ascension_level":2}}