{"host":"5jdby9iqu3ct6557","time":1613175322,"event":{"mods":["BaseMod","DeckTracker","Highlight Path","Minty Spire (QoL Compilation)","Relic Stats","StSLib","ojb\u0027s Info Mod"],"gold_per_floor":[114,39,51,51,70,104,119,145,198,198,273,273,292,323,323,400,400,412,412,412,431,28,53,76,88,172,197,209,221,262,291,303,393,405,433,445,472,484,44,72,72,90,143,174,34,50,50,84,84,84,84,84,84,38,38,38],"floor_reached":55,"language":"ENG","playtime":11886,"items_purged":["Strike_G","Strike_G+1"],"score":2151,"play_id":"80ffc93e-5d71-47f3-99ee-952a7f5cfb74","local_time":"20210212191522","is_ascension_mode":true,"campfire_choices":[{"data":"Predator","floor":10.0,"key":"SMITH"},{"floor":12.0,"key":"REST"},{"data":"Burst","floor":15.0,"key":"SMITH"},{"floor":25.0,"key":"REST"},{"floor":32.0,"key":"RECALL"},{"floor":47,"key":"DIG"},{"floor":49,"key":"REST"},{"floor":53,"key":"DIG"}],"circlet_count":0,"master_deck":["AscendersBane","Strike_G+1","Strike_G+1","Defend_G+1","Defend_G+1","Defend_G+1","Defend_G+1","Defend_G+1","Survivor","Neutralize","Glass Knife+1","Backstab","Masterful Stab","Predator+1","Burst+1","Malaise","Terror","Acrobatics","Die Die Die","Deadly Poison+1","RitualDagger","Backflip","Well Laid Plans","Night Terror","Catalyst","Corpse Explosion","Footwork","Venomology+1","Catalyst+1","Calculated Gamble+1","Leg Sweep+1","Backflip+1","Prepared+1"],"relics":["Ring of the Snake","Blood Vial","Ninja Scroll","Omamori","Nunchaku","Fusion Hammer","Eternal Feather","Gambling Chip","MawBank","HornCleat","Cursed Key","Toxic Egg 2","Shovel","Centennial Puzzle","The Specimen","CeramicFish","Mercury Hourglass","White Beast Statue"],"acts_visited":["Exordium","TheCity","TheBeyond","TheEnding"],"potions_floor_usage":[40,44,46,46,48,51,55,55],"damage_taken":[{"damage":0.0,"enemies":"Cultist","floor":1.0,"turns":4.0},{"damage":0.0,"enemies":"Small Slimes","floor":3.0,"turns":2.0},{"damage":0.0,"enemies":"Jaw Worm","floor":5.0,"turns":2.0},{"damage":25.0,"enemies":"3 Sentries","floor":6.0,"turns":8.0},{"damage":0.0,"enemies":"Blue Slaver","floor":7.0,"turns":2.0},{"damage":8.0,"enemies":"Gremlin Nob","floor":8.0,"turns":3.0},{"damage":0.0,"enemies":"Looter","floor":13.0,"turns":1.0},{"damage":5.0,"enemies":"Lagavulin","floor":14.0,"turns":3.0},{"damage":28.0,"enemies":"Slime Boss","floor":16.0,"turns":8.0},{"damage":2.0,"enemies":"3 Byrds","floor":18.0,"turns":5.0},{"damage":0.0,"enemies":"Chosen","floor":21.0,"turns":2.0},{"damage":13.0,"enemies":"Book of Stabbing","floor":23.0,"turns":5.0},{"damage":1.0,"enemies":"3 Cultists","floor":24.0,"turns":3.0},{"damage":14.0,"enemies":"Snake Plant","floor":27.0,"turns":7.0},{"damage":0.0,"enemies":"Slavers","floor":30.0,"turns":4.0},{"damage":6.0,"enemies":"Centurion and Healer","floor":31.0,"turns":5.0},{"damage":0.0,"enemies":"Champ","floor":33.0,"turns":5.0},{"damage":0.0,"enemies":"Orb Walker","floor":35.0,"turns":4.0},{"damage":0,"enemies":"3 Shapes","floor":37,"turns":2},{"damage":13,"enemies":"Giant Head","floor":40,"turns":4},{"damage":0,"enemies":"Sphere and 2 Shapes","floor":42,"turns":4},{"damage":23,"enemies":"Reptomancer","floor":44,"turns":5},{"damage":0,"enemies":"Spire Growth","floor":46,"turns":2},{"damage":23,"enemies":"Giant Head","floor":48,"turns":8},{"damage":16,"enemies":"Donu and Deca","floor":50,"turns":4},{"damage":3,"enemies":"Time Eater","floor":51,"turns":6},{"damage":60,"enemies":"Shield and Spear","floor":55,"turns":5}],"seed_played":"7071677951622360264","potions_obtained":[{"floor":6.0,"key":"DistilledChaos"},{"floor":13.0,"key":"EssenceOfSteel"},{"floor":14.0,"key":"Poison Potion"},{"floor":18.0,"key":"LiquidMemories"},{"floor":21.0,"key":"Strength Potion"},{"floor":23.0,"key":"Energy Potion"},{"floor":30.0,"key":"SkillPotion"},{"floor":35,"key":"CunningPotion"},{"floor":40,"key":"GamblersBrew"}],"is_trial":false,"path_per_floor":["M","$","M","?","M","E","M","E","T","R","?","R","M","E","R","B",null,"M","?","?","M","$","E","M","R","T","M","?","?","E","M","R","B",null,"M","?","M","?","$","E","$","M","T","E","$","M","R","E","R","B","B",null,"R","$","E"],"character_chosen":"THE_SILENT","items_purchased":["Gambling Chip","SteroidPotion","Toxic Egg 2","Footwork","Leg Sweep+1","Backflip+1","Prepared+1"],"campfire_rested":3,"item_purchase_floors":[22,22,39,39,45,45,54],"current_hp_per_floor":[59,59,59,59,59,34,36,30,30,30,19,37,39,36,36,10,48,48,42,42,44,44,33,34,60,60,46,46,46,48,44,59,60,60,60,57,57,57,57,44,44,46,46,25,25,27,45,24,57,41,40,53,57,57,0,0],"gold":38,"neow_bonus":"THREE_RARE_CARDS","is_daily":false,"chose_seed":false,"campfire_upgraded":2,"win_rate":0.0,"timestamp":1613175322,"path_taken":["M","$","M","?","M","E","?","E","T","R","?","R","M","E","R","BOSS","M","?","?","M","$","E","M","R","T","M","?","?","E","M","R","BOSS","M","?","M","?","$","E","?","M","T","E","$","M","R","E","R","BOSS","BOSS","R","$","E"],"items_purchased_type":["Relic","Potion","Relic","Card","Card","Card","Card"],"build_version":"2020-12-22","purchased_purges":2,"victory":false,"max_hp_per_floor":[60,60,60,60,60,60,60,60,60,60,60,60,60,60,60,60,60,60,60,60,60,60,60,60,60,60,60,60,60,60,60,60,60,60,60,57,57,57,57,57,57,57,57,57,57,57,57,57,57,57,57,57,57,57,57,57],"relic_stats":{"counters":[27,113],"CeramicFish":9,"Eternal Feather":67,"MawBank":192,"Cursed Key":1,"Mercury Hourglass":[42],"Blood Vial":33,"Nunchaku":[15],"Centennial Puzzle":[15],"Shovel":2,"Gambling Chip":[88],"obtain_stats":[{"The Specimen":44,"CeramicFish":47,"Eternal Feather":20,"Omamori":9,"MawBank":23,"Cursed Key":34,"White Beast Statue":53,"Mercury Hourglass":48,"Blood Vial":6,"Nunchaku":14,"Centennial Puzzle":43,"HornCleat":30,"Shovel":40,"Ninja Scroll":8,"Gambling Chip":22,"Fusion Hammer":17,"Toxic Egg 2":39,"Ring of the Snake":0},{"The Specimen":22,"CeramicFish":23,"Eternal Feather":10,"Omamori":6,"MawBank":12,"Cursed Key":17,"White Beast Statue":26,"Mercury Hourglass":24,"Blood Vial":4,"Nunchaku":8,"Centennial Puzzle":21,"HornCleat":15,"Shovel":20,"Ninja Scroll":6,"Gambling Chip":11,"Fusion Hammer":9,"Toxic Egg 2":19,"Ring of the Snake":0},{"The Specimen":88,"CeramicFish":90,"Eternal Feather":38,"Omamori":21,"MawBank":45,"Cursed Key":69,"White Beast Statue":108,"Mercury Hourglass":98,"Blood Vial":16,"Nunchaku":25,"Centennial Puzzle":83,"HornCleat":59,"Shovel":79,"Ninja Scroll":21,"Gambling Chip":40,"Fusion Hammer":33,"Toxic Egg 2":75,"Ring of the Snake":0}],"Ring of the Snake":[54]},"card_choices":[{"not_picked":["Unload","A Thousand Cuts"],"picked":"Glass Knife","floor":0.0},{"not_picked":["Backflip","Endless Agony"],"picked":"Backstab","floor":1.0},{"not_picked":["Prepared","Acrobatics"],"picked":"Masterful Stab","floor":3.0},{"not_picked":["Dagger Spray","Backflip"],"picked":"Predator","floor":5.0},{"not_picked":["Acrobatics","Escape Plan"],"picked":"Burst","floor":7.0},{"not_picked":["Blade Dance","Setup"],"picked":"Malaise","floor":8.0},{"not_picked":["Flying Knee","PiercingWail"],"picked":"Terror","floor":13.0},{"not_picked":["All Out Attack","Choke"],"picked":"Acrobatics","floor":14.0},{"not_picked":["Night Terror","Storm of Steel"],"picked":"Die Die Die","floor":16.0},{"not_picked":["Eviscerate","PiercingWail"],"picked":"Deadly Poison+1","floor":18.0},{"not_picked":["Outmaneuver","Cloak And Dagger"],"picked":"Backflip","floor":24.0},{"not_picked":["Caltrops","Poisoned Stab"],"picked":"Well Laid Plans","floor":27.0},{"not_picked":["Riddle With Holes","Dagger Spray"],"picked":"Catalyst","floor":30.0},{"not_picked":["Envenom","After Image"],"picked":"Corpse Explosion","floor":33.0},{"not_picked":["Infinite Blades+1","Concentrate+1"],"picked":"Venomology+1","floor":40},{"not_picked":["All Out Attack","Flying Knee"],"picked":"Catalyst+1","floor":42},{"not_picked":["All Out Attack","Deflect+1"],"picked":"Calculated Gamble+1","floor":44}],"player_experience":2692275,"relics_obtained":[{"floor":6.0,"key":"Blood Vial"},{"floor":8.0,"key":"Ninja Scroll"},{"floor":9.0,"key":"Omamori"},{"floor":14.0,"key":"Nunchaku"},{"floor":23.0,"key":"MawBank"},{"floor":30.0,"key":"HornCleat"},{"floor":40,"key":"Shovel"},{"floor":43,"key":"Centennial Puzzle"},{"floor":44,"key":"The Specimen"},{"floor":47,"key":"CeramicFish"},{"floor":48,"key":"Mercury Hourglass"},{"floor":53,"key":"White Beast Statue"}],"event_choices":[{"damage_healed":0.0,"max_hp_gain":0.0,"max_hp_loss":0.0,"gold_gain":0.0,"event_name":"Upgrade Shrine","player_choice":"Upgraded","floor":4.0,"gold_loss":0.0,"damage_taken":0.0,"cards_upgraded":["Glass Knife"]},{"damage_healed":0.0,"max_hp_gain":0.0,"max_hp_loss":0.0,"gold_gain":75.0,"event_name":"World of Goop","player_choice":"Gather Gold","floor":11.0,"gold_loss":0.0,"damage_taken":11.0},{"damage_healed":0.0,"max_hp_gain":0.0,"max_hp_loss":0.0,"gold_gain":0.0,"event_name":"Nest","player_choice":"Joined the Cult","floor":19.0,"gold_loss":0.0,"damage_taken":6.0,"cards_obtained":["RitualDagger"]},{"damage_healed":0.0,"max_hp_gain":0.0,"max_hp_loss":0.0,"gold_gain":0.0,"event_name":"The Mausoleum","player_choice":"Opened","floor":20.0,"gold_loss":0.0,"damage_taken":0.0,"relics_obtained":["Eternal Feather"],"cards_obtained":["Writhe"]},{"damage_healed":0.0,"max_hp_gain":0.0,"max_hp_loss":0.0,"gold_gain":0.0,"event_name":"Back to Basics","player_choice":"Simplicity","floor":28.0,"gold_loss":0.0,"damage_taken":0.0,"cards_upgraded":["Strike_G","Strike_G","Strike_G","Strike_G","Defend_G","Defend_G","Defend_G","Defend_G","Defend_G"]},{"damage_healed":0.0,"max_hp_gain":0.0,"max_hp_loss":0.0,"gold_gain":0.0,"event_name":"The Library","player_choice":"Read","floor":29.0,"gold_loss":0.0,"damage_taken":0.0,"cards_obtained":["Night Terror"]},{"damage_healed":0,"gold_gain":0,"player_choice":"Max HP","damage_taken":0,"max_hp_gain":0,"max_hp_loss":3,"event_name":"Winding Halls","floor":36,"gold_loss":0},{"cards_removed":["Strike_G"],"damage_healed":0,"gold_gain":0,"player_choice":"Removed Attack","damage_taken":0,"max_hp_gain":0,"max_hp_loss":0,"event_name":"Falling","floor":38,"gold_loss":0}],"is_beta":false,"boss_relics":[{"not_picked":["Ring of the Serpent","Black Star"],"picked":"Fusion Hammer"},{"not_picked":["Velvet Choker","Empty Cage"],"picked":"Cursed Key"}],"items_purged_floors":[2,39],"is_endless":false,"potions_floor_spawned":[6,13,14,18,21,23,30,35,40],"killed_by":"Shield and Spear","ascension_level":20}}