{"host":"djoj10dqzzvtkauc","time":1613199118,"event":{"mods":["2.2 Compatiblity","BaseMod","Colored Map","DeckTracker","Highlight Path","Keyboard Shortcuts","Marisa£¨Ùöéë¡¡Øª×âÞÞ£©","Minty Spire (QoL Compilation)","Permanent Neow","Quick Restart","Random Character Button","StSLib","SuperFastMode","everything is the same but u backflip on backflip"],"gold_per_floor":[19,31,43,62,9,9,41,57,57,57,57,57,69,47,47,121,121,139,139,155,175,175,175,190,190,190,207,217,38,38,58,58,58,58],"floor_reached":33,"language":"KOR","playtime":1085,"items_purged":[],"score":439,"play_id":"f4ef8741-7ab6-4324-ac36-56fbb0923baa","local_time":"20210213155158","is_ascension_mode":true,"campfire_choices":[{"data":"Bouncing Flask","floor":6,"key":"SMITH"},{"floor":10,"key":"REST"},{"data":"Die Die Die","floor":12,"key":"SMITH"},{"data":"Bane","floor":15,"key":"SMITH"},{"data":"Night Terror","floor":23,"key":"SMITH"},{"data":"Backflip","floor":25,"key":"SMITH"},{"floor":32,"key":"REST"}],"circlet_count":0,"master_deck":["AscendersBane","Strike_G+1","Strike_G+1","Strike_G+1","Defend_G+1","Defend_G+1","Defend_G+1","Defend_G+1","Defend_G+1","Survivor","Neutralize","PiercingWail","Bouncing Flask+1","Poisoned Stab","Backflip","Deflect","Die Die Die+1","Escape Plan","Backflip+1","Bane+1","Night Terror+1","Endless Agony","Distraction+1","Flying Knee","Night Terror+1","Masterful Stab","Footwork","Escape Plan","Bullet Time","Dagger Throw","Terror"],"relics":["Ring of the Snake","Tiny Chest","Nunchaku","PreservedInsect","Sozu","War Paint","Bottled Flame"],"acts_visited":["Exordium","TheCity"],"potions_floor_usage":[4,16,16],"damage_taken":[{"damage":0,"enemies":"Cultist","floor":1,"turns":6},{"damage":0,"enemies":"2 Louse","floor":2,"turns":5},{"damage":0,"enemies":"Small Slimes","floor":3,"turns":3},{"damage":0,"enemies":"3 Louse","floor":4,"turns":4},{"damage":29,"enemies":"3 Sentries","floor":7,"turns":8},{"damage":0,"enemies":"Exordium Thugs","floor":8,"turns":3},{"damage":0,"enemies":"Blue Slaver","floor":13,"turns":3},{"damage":45,"enemies":"Slime Boss","floor":16,"turns":16},{"damage":1,"enemies":"3 Byrds","floor":18,"turns":3},{"damage":4,"enemies":"Spheric Guardian","floor":20,"turns":4},{"damage":4,"enemies":"Centurion and Healer","floor":21,"turns":5},{"damage":12,"enemies":"Chosen and Byrds","floor":24,"turns":5},{"damage":0,"enemies":"3 Cultists","floor":27,"turns":4},{"damage":2,"enemies":"Snecko","floor":28,"turns":5},{"damage":14,"enemies":"Centurion and Healer","floor":31,"turns":6},{"damage":48,"enemies":"Automaton","floor":33,"turns":8}],"seed_played":"-5273469823702645532","potions_obtained":[{"floor":3,"key":"DuplicationPotion"},{"floor":7,"key":"Block Potion"},{"floor":8,"key":"PowerPotion"},{"floor":16,"key":"Dexterity Potion"}],"is_trial":false,"path_per_floor":["M","M","M","M","$","R","E","M","T","R","?","R","M","$","R","B",null,"M","?","M","M","?","R","M","R","T","M","M","$","T","M","R","B"],"character_chosen":"THE_SILENT","items_purchased":["Deflect","Bane","Bullet Time","Dagger Throw"],"campfire_rested":2,"item_purchase_floors":[5,14,29,29],"current_hp_per_floor":[59,59,59,59,59,59,30,30,30,49,49,49,49,49,49,4,51,50,50,46,42,42,42,30,30,30,30,28,28,28,14,33,0,0],"gold":58,"neow_bonus":"REMOVE_TWO","is_daily":false,"chose_seed":false,"campfire_upgraded":5,"win_rate":0.0,"timestamp":1613199118,"path_taken":["M","M","M","M","$","R","E","M","T","R","?","R","M","$","R","BOSS","M","?","M","M","?","R","M","R","T","M","M","$","?","M","R","BOSS"],"items_purchased_type":["Card","Card","Card","Card"],"build_version":"2020-12-22","purchased_purges":0,"victory":false,"max_hp_per_floor":[66,66,66,66,66,66,66,66,66,66,66,66,66,66,66,66,66,66,66,66,66,66,66,66,66,66,66,66,66,66,66,66,66,66],"card_choices":[{"not_picked":["Flying Knee","Poisoned Stab"],"picked":"PiercingWail","floor":1},{"not_picked":["Cloak And Dagger","Underhanded Strike"],"picked":"Bouncing Flask","floor":2},{"not_picked":["Underhanded Strike","Deflect"],"picked":"Poisoned Stab","floor":3},{"not_picked":["Poisoned Stab","Acrobatics"],"picked":"Backflip","floor":4},{"not_picked":["Reflex","Endless Agony"],"picked":"Die Die Die","floor":7},{"not_picked":["Poisoned Stab","Sucker Punch"],"picked":"Escape Plan","floor":8},{"not_picked":["All Out Attack","Slice"],"picked":"Backflip","floor":13},{"not_picked":["Unload","Glass Knife"],"picked":"Night Terror","floor":16},{"not_picked":["Deflect","Acrobatics"],"picked":"Endless Agony","floor":18},{"not_picked":["Quick Slash","Poisoned Stab"],"picked":"Distraction","floor":20},{"not_picked":["Bouncing Flask","Sucker Punch"],"picked":"Flying Knee","floor":21},{"not_picked":["Underhanded Strike","Distraction"],"picked":"Masterful Stab","floor":24},{"not_picked":["Dodge and Roll","Slice"],"picked":"Footwork","floor":27},{"not_picked":["Bouncing Flask","Slice"],"picked":"Escape Plan","floor":28},{"not_picked":["Infinite Blades","Choke"],"picked":"Terror","floor":31}],"player_experience":238303,"relics_obtained":[{"floor":7,"key":"Tiny Chest"},{"floor":9,"key":"Nunchaku"},{"floor":26,"key":"War Paint"},{"floor":30,"key":"Bottled Flame"}],"event_choices":[{"damage_healed":0,"gold_gain":0,"player_choice":"Searched \u00271\u0027 times","damage_taken":0,"relics_obtained":["PreservedInsect"],"max_hp_gain":0,"max_hp_loss":0,"event_name":"Dead Adventurer","floor":11,"gold_loss":0},{"damage_healed":0,"gold_gain":0,"player_choice":"Simplicity","damage_taken":0,"max_hp_gain":0,"max_hp_loss":0,"event_name":"Back to Basics","floor":19,"gold_loss":0,"cards_upgraded":["Strike_G","Strike_G","Strike_G","Defend_G","Defend_G","Defend_G","Defend_G","Defend_G"]},{"damage_healed":0,"gold_gain":0,"player_choice":"Copied","damage_taken":0,"max_hp_gain":0,"max_hp_loss":0,"event_name":"Duplicator","floor":22,"gold_loss":0,"cards_obtained":["Night Terror"]}],"is_beta":false,"boss_relics":[{"not_picked":["Velvet Choker","Coffee Dripper"],"picked":"Sozu"}],"items_purged_floors":[],"is_endless":false,"potions_floor_spawned":[3,7,8,16,20,24,28,31],"killed_by":"Automaton","ascension_level":15}}