{"host":"pypglfp8rzlfgxqw","time":1613184285,"event":{"mods":["Act Like it!","BaseMod","Beaked The Cultist","BetterRewards","Conspire","Downfall","Duelist Mod","Friendly Minions","Glutton Mod","Hallownest","Hubris","Infinite Spire","Jorbs\u0027s Wanderer Trilogy","Mad Scientist","Marisa????????","Mimic Mod","Minty Spire (QoL Compilation)","READ ME - Guardian Mod","Reliquary","Replay The Spire","Shop Mod","StSLib","The Administrix","The Animator","The Blackbeard","The Bug Knight","The Construct","The Cursed","The Disciple","The Elementalist","The Gatherer","The Jungle","The Marked","The Mystic","The Runesmith","The Servant 0.9.4","WarShipGirlsR/????R mod"],"gold_per_floor":[109,109,127,73,73,73,83,83,83,156,13,30,47,87,87,92,92],"floor_reached":16,"language":"ENG","playtime":2827,"items_purged":[],"score":100,"play_id":"70c47b4e-b362-4aeb-adaa-e958766b89b8","local_time":"20210212214445","is_ascension_mode":false,"campfire_choices":[{"data":"stsjorbsmod:FreshAdventure","floor":6,"key":"SMITH"},{"data":"stsjorbsmod:OldPocket","floor":8,"key":"SMITH"},{"data":"stsjorbsmod:ChainLightning","floor":15,"key":"SMITH"}],"circlet_count":0,"master_deck":["stsjorbsmod:ForbiddenGrimoire+1","stsjorbsmod:Strike_Wanderer+1","stsjorbsmod:Strike_Wanderer","stsjorbsmod:Strike_Wanderer+1","stsjorbsmod:Strike_Wanderer","stsjorbsmod:Defend_Wanderer","stsjorbsmod:Defend_Wanderer","stsjorbsmod:Defend_Wanderer","stsjorbsmod:Defend_Wanderer","stsjorbsmod:FreshAdventure+1","stsjorbsmod:EyeOfTheStorm","stsjorbsmod:ChainLightning+1","stsjorbsmod:OldPocket+1"],"relics":["stsjorbsmod:GrimoireRelic","NeowsBlessing","Vajra","stsjorbsmod:MindGlassRelic"],"acts_visited":["Exordium"],"potions_floor_usage":[13,14,14],"damage_taken":[{"damage":0,"enemies":"Hallownest:2_MossCreeps","floor":1,"turns":1},{"damage":3,"enemies":"Hallownest:2_Tiktiks_and_1_Crawlid","floor":3,"turns":1},{"damage":0,"enemies":"2_ Uuma","floor":7,"turns":1},{"damage":3,"enemies":"Hallownest:2_Tiktiks_1_Baldur_1_Crawlid","floor":12,"turns":3},{"damage":5,"enemies":"Hallownest:1_Ooma_and_2_Uuma","floor":13,"turns":7},{"damage":15,"enemies":"Hallownest:eliteCrystalGuardian","floor":14,"turns":5},{"damage":62,"enemies":"Hallownest:BossHornet","floor":16,"turns":16}],"seed_played":"-4929090771792104013","potions_obtained":[{"floor":12,"key":"sneckomod:MuddlingPotion"},{"floor":13,"key":"FearPotion"}],"is_trial":false,"path_per_floor":["M","?","M","$","?","R","M","R","MIM","?","$","M","M","E","R","B"],"character_chosen":"WANDERER","items_purchased":["stsjorbsmod:ChainLightning","Vajra"],"campfire_rested":0,"item_purchase_floors":[4,11],"current_hp_per_floor":[68,68,65,65,65,65,65,65,65,65,65,63,60,57,57,0,0],"gold":92,"neow_bonus":"THREE_ENEMY_KILL","is_daily":false,"chose_seed":false,"campfire_upgraded":3,"win_rate":0.0,"timestamp":1613184285,"path_taken":["M","?","M","$","?","R","M","R","MIM","?","?","M","M","E","R","BOSS"],"items_purchased_type":["Card","Relic"],"build_version":"2020-12-22","purchased_purges":0,"victory":false,"max_hp_per_floor":[68,68,68,68,68,68,68,68,68,68,68,68,68,68,68,68,68],"card_choices":[{"not_picked":["stsjorbsmod:MagicMissiles","stsjorbsmod:BlackTentacles","stsjorbsmod:Banish"],"picked":"SKIP","floor":1},{"not_picked":["stsjorbsmod:FaerieFire","stsjorbsmod:FracturedMind","stsjorbsmod:Prepare"],"picked":"SKIP","floor":3},{"not_picked":["stsjorbsmod:RefuseToForget","stsjorbsmod:ParryingBlow"],"picked":"stsjorbsmod:OldPocket","floor":7},{"not_picked":["stsjorbsmod:WeightOfMemory","stsjorbsmod:TollTheDead","stsjorbsmod:ScorchingRay"],"picked":"SKIP","floor":12},{"not_picked":["stsjorbsmod:Introspection","stsjorbsmod:BurningFlask","stsjorbsmod:AnimateObjects"],"picked":"SKIP","floor":13},{"not_picked":["stsjorbsmod:Aid","stsjorbsmod:MagicMirror","stsjorbsmod:PurgeMind"],"picked":"SKIP","floor":14}],"player_experience":491001,"relics_obtained":[{"floor":14,"key":"stsjorbsmod:MindGlassRelic"}],"event_choices":[],"is_beta":false,"boss_relics":[],"items_purged_floors":[],"is_endless":false,"potions_floor_spawned":[12,13],"killed_by":"Hallownest:BossHornet","ascension_level":0}}