{"host":"04hh9gplt9wkfmr1","time":1613207644,"event":{"mods":["AchievementEnabler","BaseMod","Colored Map","KOR Keyword Fix","Minty Spire (QoL Compilation)","Rare Cards Sparkle","SuperFastMode"],"gold_per_floor":[114,133,153,170,184,214,214,214,214],"floor_reached":8,"language":"KOR","playtime":362,"items_purged":[],"score":90,"play_id":"122b5703-0155-4e0e-8dd4-99fab8c08705","local_time":"20210213181404","is_ascension_mode":true,"campfire_choices":[{"floor":7,"key":"REST"}],"circlet_count":0,"master_deck":["AscendersBane","Strike_B","Strike_B","Strike_B","Strike_B","Defend_B","Defend_B","Defend_B","Defend_B","Zap","Dualcast","The Bomb","Cold Snap","Capacitor","Loop","Cold Snap","Glacier","Force Field"],"relics":["Cracked Core","Mummified Hand"],"acts_visited":["Exordium"],"potions_floor_usage":[6,8],"damage_taken":[{"damage":0.0,"enemies":"Small Slimes","floor":1.0,"turns":4.0},{"damage":0.0,"enemies":"Cultist","floor":2.0,"turns":3.0},{"damage":5.0,"enemies":"Jaw Worm","floor":3.0,"turns":3.0},{"damage":12.0,"enemies":"Exordium Thugs","floor":4.0,"turns":6.0},{"damage":10.0,"enemies":"2 Fungi Beasts","floor":5.0,"turns":5.0},{"damage":22,"enemies":"Lagavulin","floor":6,"turns":6},{"damage":24,"enemies":"Gremlin Nob","floor":8,"turns":3}],"seed_played":"1400290052481594662","potions_obtained":[{"floor":2.0,"key":"Fire Potion"},{"floor":3.0,"key":"GamblersBrew"},{"floor":6,"key":"Energy Potion"}],"is_trial":false,"path_per_floor":["M","M","M","M","M","E","R","E"],"character_chosen":"DEFECT","items_purchased":[],"campfire_rested":1,"item_purchase_floors":[],"current_hp_per_floor":[50,50,45,33,23,1,23,0,0],"gold":214,"neow_bonus":"RANDOM_COLORLESS_2","is_daily":false,"chose_seed":false,"campfire_upgraded":0,"win_rate":0.0,"timestamp":1613207644,"path_taken":["M","M","M","M","M","E","R","E"],"items_purchased_type":[],"build_version":"2020-12-22","purchased_purges":0,"victory":false,"max_hp_per_floor":[75,75,75,75,75,75,75,75,75],"card_choices":[{"not_picked":["Master of Strategy","Sadistic Nature"],"picked":"The Bomb","floor":0.0},{"not_picked":["Turbo","Fusion"],"picked":"Cold Snap","floor":1.0},{"not_picked":["Go for the Eyes","Compile Driver"],"picked":"Capacitor","floor":2.0},{"not_picked":["Ball Lightning","Sweeping Beam"],"picked":"Loop","floor":3.0},{"not_picked":["Stack","Rip and Tear"],"picked":"Cold Snap","floor":4.0},{"not_picked":["Turbo","Consume"],"picked":"Glacier","floor":5},{"not_picked":["Scrape","Doom and Gloom"],"picked":"Force Field","floor":6}],"player_experience":155835,"relics_obtained":[{"floor":6,"key":"Mummified Hand"}],"event_choices":[],"is_beta":false,"boss_relics":[],"items_purged_floors":[],"is_endless":false,"potions_floor_spawned":[2,3,6],"killed_by":"Gremlin Nob","ascension_level":10}}