{"host":"zxd2l8an9de7z7b9","time":1613226722,"event":{"mods":["2.2 Compatiblity","BaseMod","CapriCore","Colored Map","Colored Powertips","Minty Spire (QoL Compilation)","Rare Cards Sparkle","StSLib","SuperFastMode"],"gold_per_floor":[115,115,290,19,35,35,62,77,77,87,107,107,122,37,37,134,134,149,164,179,179,195,195,209,209,209,20,37,69,69,169,169,265,265,283,293,343,359,359,359,359,384,409,409,424,424,424,434,434,434,434,434,27,60,60,60],"floor_reached":55,"language":"KOR","playtime":3110,"items_purged":["Doubt","Defend_B","Strike_B","Strike_B"],"score":786,"play_id":"97051726-c436-454a-8619-19f493889781","local_time":"20210213233202","is_ascension_mode":true,"campfire_choices":[{"data":"Dualcast","floor":6.0,"key":"SMITH"},{"data":"Loop","floor":12.0,"key":"SMITH"},{"data":"Rainbow","floor":15.0,"key":"SMITH"},{"data":"Aggregate","floor":23.0,"key":"SMITH"},{"floor":25.0,"key":"REST"},{"floor":30.0,"key":"REST"},{"data":"Defragment","floor":32.0,"key":"SMITH"},{"data":"Rainbow","floor":41.0,"key":"SMITH"},{"floor":44.0,"key":"RECALL"},{"data":"Fission","floor":46.0,"key":"SMITH"},{"data":"Loop","floor":49.0,"key":"SMITH"},{"data":"Coolheaded","floor":52.0,"key":"SMITH"}],"circlet_count":0,"master_deck":["Strike_B","Defend_B","Defend_B+1","Defend_B","Zap+1","Dualcast+1","FTL","Defragment+1","Loop+1","Conserve Battery","Conserve Battery","Conserve Battery","Rainbow+1","Glacier","Echo Form+1","Undo+1","Auto Shields+1","Coolheaded+1","Aggregate+1","Blizzard+1","Glacier+1","Rainbow+1","Loop+1","Coolheaded+1","Compile Driver+1","Lockon+1","Fission+1","Fusion+1","Force Field","Double Energy+1"],"relics":["Cracked Core","Membership Card","Lantern","Pocketwatch","Eternal Feather","Snecko Eye","Sling","Bottled Lightning","Philosopher\u0027s Stone","Thread and Needle","Nunchaku","Oddly Smooth Stone","Mummified Hand","Bag of Preparation","HornCleat"],"acts_visited":["Exordium","TheCity","TheBeyond","TheEnding"],"potions_floor_usage":[55],"damage_taken":[{"damage":5.0,"enemies":"Jaw Worm","floor":1.0,"turns":4.0},{"damage":0.0,"enemies":"Small Slimes","floor":5.0,"turns":2.0},{"damage":13.0,"enemies":"Lagavulin","floor":7.0,"turns":5.0},{"damage":0.0,"enemies":"Cultist","floor":8.0,"turns":3.0},{"damage":4.0,"enemies":"3 Louse","floor":10.0,"turns":3.0},{"damage":8.0,"enemies":"Lots of Slimes","floor":11.0,"turns":4.0},{"damage":0.0,"enemies":"Looter","floor":13.0,"turns":3.0},{"damage":4.0,"enemies":"Slime Boss","floor":16.0,"turns":11.0},{"damage":3.0,"enemies":"3 Byrds","floor":18.0,"turns":5.0},{"damage":0.0,"enemies":"Shell Parasite","floor":19.0,"turns":5.0},{"damage":13.0,"enemies":"Snake Plant","floor":20.0,"turns":4.0},{"damage":34.0,"enemies":"Cultist and Chosen","floor":22.0,"turns":7.0},{"damage":2.0,"enemies":"Shelled Parasite and Fungi","floor":24.0,"turns":6.0},{"damage":0.0,"enemies":"Centurion and Healer","floor":28.0,"turns":7.0},{"damage":40.0,"enemies":"Slavers","floor":29.0,"turns":8.0},{"damage":0.0,"enemies":"Automaton","floor":33.0,"turns":9.0},{"damage":7.0,"enemies":"3 Shapes","floor":35.0,"turns":4.0},{"damage":2.0,"enemies":"Orb Walker","floor":36.0,"turns":5.0},{"damage":0.0,"enemies":"Mind Bloom Boss Battle","floor":37.0,"turns":4.0},{"damage":7.0,"enemies":"Maw","floor":38.0,"turns":9.0},{"damage":0.0,"enemies":"Nemesis","floor":40.0,"turns":4.0},{"damage":25.0,"enemies":"Reptomancer","floor":42.0,"turns":8.0},{"damage":3.0,"enemies":"Writhing Mass","floor":45.0,"turns":5.0},{"damage":0.0,"enemies":"Sphere and 2 Shapes","floor":48.0,"turns":5.0},{"damage":11.0,"enemies":"Time Eater","floor":50.0,"turns":12.0},{"damage":15.0,"enemies":"Shield and Spear","floor":54.0,"turns":7.0},{"damage":90,"enemies":"The Heart","floor":55,"turns":12}],"seed_played":"2353579162617027440","potions_obtained":[{"floor":0.0,"key":"SpeedPotion"},{"floor":0.0,"key":"Explosive Potion"},{"floor":0.0,"key":"EssenceOfDarkness"},{"floor":5.0,"key":"EntropicBrew"},{"floor":8.0,"key":"FearPotion"},{"floor":13.0,"key":"GamblersBrew"},{"floor":22.0,"key":"BlessingOfTheForge"},{"floor":28.0,"key":"FocusPotion"},{"floor":33.0,"key":"Swift Potion"},{"floor":38.0,"key":"SmokeBomb"},{"floor":48.0,"key":"LiquidMemories"}],"is_trial":false,"path_per_floor":["M","?","?","$","M","R","E","M","T","M","M","R","M","$","R","B",null,"M","M","M","?","M","R","M","R","T","$","M","E","R","?","R","B",null,"M","M","?","M","?","E","R","E","T","R","M","R","?","M","R","B",null,"R","$","E","B"],"character_chosen":"DEFECT","items_purchased":["Membership Card","Lantern","Glacier","Sling","EntropicBrew","Mummified Hand","FairyPotion","DistilledChaos","Force Field","Bag of Preparation"],"campfire_rested":2,"item_purchase_floors":[4,4,14,27,27,53,53,53,53,53],"current_hp_per_floor":[70,55,55,55,55,55,42,42,42,38,30,39,39,39,48,44,75,72,72,59,59,25,37,35,69,69,69,69,29,63,63,75,75,75,68,66,66,59,59,59,74,49,49,64,61,75,75,75,75,64,75,75,75,60,14,14],"gold":60,"neow_bonus":"THREE_SMALL_POTIONS","is_daily":false,"chose_seed":false,"campfire_upgraded":9,"win_rate":0.0,"timestamp":1613226722,"path_taken":["M","?","?","$","M","R","E","M","T","M","M","R","M","$","R","BOSS","M","M","M","?","?","R","M","R","T","$","M","E","R","?","R","BOSS","M","?","?","M","?","E","R","E","T","R","M","R","?","M","R","BOSS","R","$","E","BOSS"],"items_purchased_type":["Relic","Relic","Card","Relic","Potion","Relic","Potion","Potion","Card","Relic"],"build_version":"2020-12-22","purchased_purges":4,"victory":false,"max_hp_per_floor":[75,75,75,75,75,75,75,75,75,75,75,75,75,75,75,75,75,75,75,75,75,75,75,75,75,75,75,75,75,75,75,75,75,75,75,75,75,75,75,75,75,75,75,75,75,75,75,75,75,75,75,75,75,75,75,75],"card_choices":[{"not_picked":["Streamline","Coolheaded"],"picked":"FTL","floor":1.0},{"not_picked":["Undo","Turbo"],"picked":"Defragment","floor":5.0},{"not_picked":["Barrage","Cold Snap"],"picked":"Loop","floor":7.0},{"not_picked":["Sweeping Beam","Rip and Tear"],"picked":"Conserve Battery","floor":8.0},{"not_picked":["Beam Cell","Rebound"],"picked":"Conserve Battery","floor":10.0},{"not_picked":["Beam Cell","Leap"],"picked":"Conserve Battery","floor":11.0},{"not_picked":["FTL","Recycle"],"picked":"Rainbow","floor":13.0},{"not_picked":["Machine Learning","Thunder Strike"],"picked":"Echo Form","floor":16.0},{"not_picked":["Barrage+1","Cold Snap"],"picked":"Undo+1","floor":18.0},{"not_picked":["Steam","Barrage+1"],"picked":"Auto Shields+1","floor":19.0},{"not_picked":["All For One","Beam Cell"],"picked":"Coolheaded","floor":20.0},{"not_picked":["Coolheaded","Reinforced Body"],"picked":"Aggregate","floor":22.0},{"not_picked":["Stack+1","Chill"],"picked":"Blizzard+1","floor":24.0},{"not_picked":["Barrage","Steam+1"],"picked":"Glacier+1","floor":28.0},{"not_picked":["Beam Cell","Streamline","Sweeping Beam+1"],"picked":"SKIP","floor":29.0},{"not_picked":["All For One","Seek"],"picked":"Rainbow","floor":33.0},{"not_picked":["BootSequence","Scrape"],"picked":"Loop","floor":35.0},{"not_picked":["Turbo","Gash+1"],"picked":"Coolheaded+1","floor":36.0},{"not_picked":["Steam","Go for the Eyes"],"picked":"Compile Driver+1","floor":37.0},{"not_picked":["Streamline+1","Sweeping Beam"],"picked":"Lockon+1","floor":38.0},{"not_picked":["Tempest","Hello World"],"picked":"Fission","floor":42.0},{"not_picked":["BootSequence+1","Leap+1"],"picked":"Fusion+1","floor":45.0},{"not_picked":["Self Repair+1","Beam Cell+1","Ball Lightning"],"picked":"SKIP","floor":48.0},{"not_picked":["Rebound","Streamline"],"picked":"Double Energy+1","floor":54.0}],"player_experience":339313,"relics_obtained":[{"floor":7.0,"key":"Pocketwatch"},{"floor":9.0,"key":"Eternal Feather"},{"floor":29.0,"key":"Bottled Lightning"},{"floor":37.0,"key":"Thread and Needle"},{"floor":42.0,"key":"Nunchaku"},{"floor":43.0,"key":"Oddly Smooth Stone"},{"floor":54.0,"key":"HornCleat"}],"event_choices":[{"damage_healed":0.0,"max_hp_gain":0.0,"max_hp_loss":0.0,"gold_gain":0.0,"event_name":"Shining Light","player_choice":"Entered Light","floor":2.0,"gold_loss":0.0,"damage_taken":15.0,"cards_upgraded":["Defend_B","Zap"]},{"damage_healed":0.0,"max_hp_gain":0.0,"max_hp_loss":0.0,"gold_gain":175.0,"event_name":"Liars Game","player_choice":"AGREE","floor":3.0,"gold_loss":0.0,"damage_taken":0.0,"cards_obtained":["Doubt"]},{"damage_healed":0.0,"max_hp_gain":0.0,"max_hp_loss":0.0,"gold_gain":0.0,"event_name":"Accursed Blacksmith","player_choice":"Forge","floor":21.0,"gold_loss":0.0,"damage_taken":0.0,"cards_upgraded":["Echo Form"]},{"damage_healed":0.0,"max_hp_gain":0.0,"max_hp_loss":0.0,"gold_gain":100.0,"event_name":"Golden Shrine","player_choice":"Pray","floor":31.0,"gold_loss":0.0,"damage_taken":0.0},{"damage_healed":0.0,"max_hp_gain":0.0,"max_hp_loss":0.0,"gold_gain":0.0,"event_name":"MindBloom","player_choice":"Fight","floor":37.0,"gold_loss":0.0,"damage_taken":0.0},{"cards_removed":["Strike_B"],"damage_healed":0.0,"max_hp_gain":0.0,"max_hp_loss":0.0,"gold_gain":0.0,"event_name":"Falling","player_choice":"Removed Attack","floor":39.0,"gold_loss":0.0,"damage_taken":0.0},{"damage_healed":0.0,"max_hp_gain":0.0,"max_hp_loss":0.0,"gold_gain":0.0,"event_name":"Tomb of Lord Red Mask","player_choice":"Ignored","floor":47.0,"gold_loss":0.0,"damage_taken":0.0}],"is_beta":false,"boss_relics":[{"not_picked":["Cursed Key","Ectoplasm"],"picked":"Snecko Eye"},{"not_picked":["Runic Dome","Fusion Hammer"],"picked":"Philosopher\u0027s Stone"}],"items_purged_floors":[4,14,27,53],"is_endless":false,"potions_floor_spawned":[5,8,10,13,22,28,33,37,38,48],"killed_by":"The Heart","ascension_level":1}}