{"host":"eft627g0ddukeijo","time":1613249959,"event":{"mods":["AchievementEnabler","BaseMod","Bestiary","Better Note","Block Reminder","Colored Powertips","Filter the Spire","Highlight Path","Minty Spire (QoL Compilation)","Permanent Neow","Quick Restart","Rare Cards Sparkle","Relic Stats","Slay-I","StSLib","Weighted Paths"],"gold_per_floor":[118,118,34,34,44,73,85,85,85,96,131,150,150,162,162,264,264,274,293,67,47,47,47,8,8,33,45,45,45,45,65,65,162,162,176,176,176,195,206,206,216,216,267,267,283,283,296,313,313,313,313,313,11,41,41,41],"floor_reached":55,"language":"ENG","playtime":1764,"items_purged":["Strike_G"],"score":973,"play_id":"13f302ca-47c5-4f36-ab9c-d3235c5dc2ec","local_time":"20210214055919","is_ascension_mode":true,"campfire_choices":[{"floor":8.0,"key":"RECALL"},{"data":"Cloak And Dagger","floor":13.0,"key":"SMITH"},{"data":"Cloak And Dagger","floor":15.0,"key":"SMITH"},{"data":"Accuracy","floor":23.0,"key":"SMITH"},{"data":"Envenom","floor":25.0,"key":"SMITH"},{"data":"Blade Dance","floor":29.0,"key":"SMITH"},{"floor":32.0,"key":"REST"},{"floor":40.0,"key":"REST"},{"floor":42.0,"key":"REST"},{"data":"Blade Dance","floor":44.0,"key":"SMITH"},{"data":"After Image","floor":49.0,"key":"SMITH"},{"floor":52.0,"key":"REST"}],"circlet_count":0,"master_deck":["Strike_G","Strike_G","Strike_G","Defend_G","Defend_G","Defend_G","Defend_G","Survivor","Neutralize","Cloak And Dagger+1","Backstab","Cloak And Dagger+1","Blade Dance+1","Catalyst","Blade Dance+1","Infinite Blades","Blade Dance","Dash","Envenom+1","Blade Dance+1","Accuracy+1","Noxious Fumes","Backflip","Choke","Storm of Steel","Wraith Form v2","Cloak And Dagger+1","Backflip+1","After Image+1","Noxious Fumes","Terror","Adrenaline"],"relics":["WristBlade","InkBottle","Pen Nib","Happy Flower","Sozu","Juzu Bracelet","Shuriken","Ancient Tea Set","SlaversCollar","Bag of Preparation","Paper Crane"],"acts_visited":["Exordium","TheCity","TheBeyond","TheEnding"],"potions_floor_usage":[],"damage_taken":[{"damage":1.0,"enemies":"2 Louse","floor":1.0,"turns":3.0},{"damage":0.0,"enemies":"Cultist","floor":5.0,"turns":3.0},{"damage":6.0,"enemies":"3 Sentries","floor":6.0,"turns":6.0},{"damage":0.0,"enemies":"Small Slimes","floor":7.0,"turns":2.0},{"damage":0.0,"enemies":"2 Fungi Beasts","floor":10.0,"turns":2.0},{"damage":0.0,"enemies":"Gremlin Nob","floor":11.0,"turns":2.0},{"damage":0.0,"enemies":"3 Louse","floor":12.0,"turns":2.0},{"damage":0.0,"enemies":"Gremlin Gang","floor":14.0,"turns":3.0},{"damage":33.0,"enemies":"The Guardian","floor":16.0,"turns":9.0},{"damage":0.0,"enemies":"Shell Parasite","floor":18.0,"turns":2.0},{"damage":0.0,"enemies":"3 Byrds","floor":19.0,"turns":3.0},{"damage":2.0,"enemies":"Shelled Parasite and Fungi","floor":27.0,"turns":2.0},{"damage":0.0,"enemies":"Cultist and Chosen","floor":31.0,"turns":2.0},{"damage":2.0,"enemies":"Champ","floor":33.0,"turns":4.0},{"damage":15.0,"enemies":"3 Darklings","floor":35.0,"turns":3.0},{"damage":21.0,"enemies":"3 Shapes","floor":38.0,"turns":7.0},{"damage":0.0,"enemies":"Transient","floor":39.0,"turns":5.0},{"damage":0.0,"enemies":"3 Darklings","floor":41.0,"turns":2.0},{"damage":6.0,"enemies":"Writhing Mass","floor":45.0,"turns":4.0},{"damage":0.0,"enemies":"Transient","floor":47.0,"turns":5.0},{"damage":4.0,"enemies":"4 Shapes","floor":48.0,"turns":4.0},{"damage":48.0,"enemies":"Time Eater","floor":50.0,"turns":8.0},{"damage":10,"enemies":"Shield and Spear","floor":54,"turns":3},{"damage":73,"enemies":"The Heart","floor":55,"turns":3}],"seed_played":"-682272413745399848","potions_obtained":[{"floor":6.0,"key":"PowerPotion"},{"floor":7.0,"key":"Dexterity Potion"},{"floor":10.0,"key":"CunningPotion"},{"floor":11.0,"key":"Ancient Potion"},{"floor":12.0,"key":"Weak Potion"}],"is_trial":false,"path_per_floor":["M","?","$","$","M","E","M","R","T","M","E","M","R","M","R","B",null,"M","M","$","?","?","R","$","R","T","M","?","R","$","M","R","B",null,"M","?","?","M","M","R","M","R","T","R","M","?","M","M","R","B",null,"R","$","E","B"],"character_chosen":"THE_SILENT","items_purchased":["Backstab","Cloak And Dagger","Accuracy","Juzu Bracelet","Noxious Fumes","Bag of Preparation","Terror"],"campfire_rested":4,"item_purchase_floors":[3,3,20,20,24,53,53],"current_hp_per_floor":[62,62,62,62,62,56,56,56,56,56,56,56,56,56,56,23,58,58,58,58,58,58,58,58,58,58,56,56,56,56,56,70,68,70,55,55,55,34,34,55,55,70,70,70,64,64,64,60,60,12,56,70,70,60,0,0],"gold":41,"neow_bonus":"BOSS_RELIC","is_daily":false,"chose_seed":false,"campfire_upgraded":7,"win_rate":0.0,"timestamp":1613249959,"path_taken":["M","?","?","$","M","E","M","R","T","M","E","M","R","M","R","BOSS","M","M","$","?","?","R","?","R","T","M","?","R","$","M","R","BOSS","M","?","?","M","M","R","M","R","T","R","M","?","M","M","R","BOSS","R","$","E","BOSS"],"items_purchased_type":["Card","Card","Card","Relic","Card","Relic","Card"],"build_version":"2020-12-22","purchased_purges":1,"victory":false,"max_hp_per_floor":[70,70,70,70,70,70,70,70,70,70,70,70,70,70,70,70,70,70,70,70,70,70,70,70,70,70,70,70,70,70,70,70,70,70,70,70,70,70,70,70,70,70,70,70,70,70,70,70,70,70,70,70,70,70,70,70],"relic_stats":{"Sozu":8,"Happy Flower":[23],"counters":[24,89],"Shuriken":[60],"Pen Nib":[32],"Juzu Bracelet":1,"Bag of Preparation":[4],"obtain_stats":[{"Sozu":17,"SlaversCollar":34,"WristBlade":0,"Happy Flower":11,"Shuriken":22,"Pen Nib":9,"Juzu Bracelet":20,"Bag of Preparation":53,"Paper Crane":54,"Ancient Tea Set":26,"InkBottle":6,"Ring of the Snake":0},{"Sozu":9,"SlaversCollar":14,"WristBlade":0,"Happy Flower":6,"Shuriken":11,"Pen Nib":4,"Juzu Bracelet":11,"Bag of Preparation":22,"Paper Crane":23,"Ancient Tea Set":11,"InkBottle":3,"Ring of the Snake":0},{"Sozu":32,"SlaversCollar":45,"WristBlade":0,"Happy Flower":18,"Shuriken":37,"Pen Nib":14,"Juzu Bracelet":37,"Bag of Preparation":83,"Paper Crane":86,"Ancient Tea Set":37,"InkBottle":12,"Ring of the Snake":0}],"InkBottle":[50]},"card_choices":[{"not_picked":["Deadly Poison","All Out Attack"],"picked":"Cloak And Dagger","floor":1.0},{"not_picked":["Caltrops","Bane"],"picked":"Blade Dance","floor":5.0},{"not_picked":["Quick Slash","Caltrops"],"picked":"Catalyst","floor":6.0},{"not_picked":["Dagger Throw","Dodge and Roll","Riddle With Holes"],"picked":"SKIP","floor":7.0},{"not_picked":["Underhanded Strike","Skewer"],"picked":"Blade Dance","floor":10.0},{"not_picked":["Phantasmal Killer","Masterful Stab"],"picked":"Infinite Blades","floor":11.0},{"not_picked":["Footwork","Backflip"],"picked":"Blade Dance","floor":12.0},{"not_picked":["Dagger Spray","Dodge and Roll"],"picked":"Dash","floor":14.0},{"not_picked":["Storm of Steel","Adrenaline"],"picked":"Envenom","floor":16.0},{"not_picked":["Quick Slash","Acrobatics"],"picked":"Blade Dance+1","floor":18.0},{"not_picked":["Dagger Throw","Flying Knee","Cloak And Dagger"],"picked":"SKIP","floor":19.0},{"not_picked":["Deflect","Outmaneuver"],"picked":"Backflip","floor":27.0},{"not_picked":["Sucker Punch","Calculated Gamble"],"picked":"Storm of Steel","floor":31.0},{"not_picked":["Envenom","Malaise"],"picked":"Wraith Form v2","floor":33.0},{"not_picked":["Underhanded Strike","Sucker Punch"],"picked":"Cloak And Dagger+1","floor":35.0},{"not_picked":["Dodge and Roll+1","Concentrate"],"picked":"Backflip+1","floor":38.0},{"not_picked":["Flechettes+1","Dagger Throw+1","Setup"],"picked":"SKIP","floor":39.0},{"not_picked":["Backflip","Dodge and Roll+1","Dagger Throw+1"],"picked":"SKIP","floor":41.0},{"not_picked":["Deadly Poison","Blade Dance","Flying Knee"],"picked":"SKIP","floor":45.0},{"not_picked":["Underhanded Strike+1","Escape Plan","Outmaneuver+1"],"picked":"SKIP","floor":47.0},{"not_picked":["Flying Knee","Dagger Spray","Blade Dance"],"picked":"SKIP","floor":48.0},{"not_picked":["Heel Hook+1","Flying Knee+1"],"picked":"Adrenaline","floor":54}],"player_experience":579861,"relics_obtained":[{"floor":6.0,"key":"InkBottle"},{"floor":9.0,"key":"Pen Nib"},{"floor":11.0,"key":"Happy Flower"},{"floor":26.0,"key":"Ancient Tea Set"},{"floor":54,"key":"Paper Crane"}],"event_choices":[{"cards_removed":["Strike_G"],"damage_healed":0.0,"max_hp_gain":0.0,"max_hp_loss":0.0,"gold_gain":0.0,"event_name":"Purifier","player_choice":"Purged","floor":2.0,"gold_loss":0.0,"damage_taken":0.0},{"damage_healed":0.0,"max_hp_gain":0.0,"max_hp_loss":0.0,"gold_gain":0.0,"event_name":"The Woman in Blue","player_choice":"Bought 1 Potion","floor":21.0,"gold_loss":0.0,"damage_taken":0.0},{"damage_healed":0.0,"max_hp_gain":0.0,"max_hp_loss":0.0,"gold_gain":0.0,"event_name":"WeMeetAgain","player_choice":"Gave Potion","floor":22.0,"gold_loss":0.0,"damage_taken":0.0,"relics_obtained":["Shuriken"]},{"damage_healed":0.0,"max_hp_gain":0.0,"max_hp_loss":0.0,"gold_gain":0.0,"event_name":"The Library","player_choice":"Read","floor":28.0,"gold_loss":0.0,"damage_taken":0.0,"cards_obtained":["Choke"]},{"damage_healed":0.0,"max_hp_gain":0.0,"max_hp_loss":0.0,"gold_gain":0.0,"event_name":"SensoryStone","player_choice":"Memory 1","floor":36.0,"gold_loss":0.0,"damage_taken":0.0},{"cards_removed":["Defend_G"],"damage_healed":0.0,"max_hp_gain":0.0,"max_hp_loss":0.0,"gold_gain":0.0,"event_name":"Falling","player_choice":"Removed Skill","floor":37.0,"gold_loss":0.0,"damage_taken":0.0},{"damage_healed":0.0,"max_hp_gain":0.0,"max_hp_loss":0.0,"gold_gain":0.0,"event_name":"Match and Keep!","player_choice":"2 cards matched","floor":46.0,"gold_loss":0.0,"damage_taken":0.0,"cards_obtained":["After Image","Noxious Fumes"]}],"is_beta":false,"boss_relics":[{"not_picked":["Cursed Key","Snecko Eye"],"picked":"Sozu"},{"not_picked":["Busted Crown","Runic Dome"],"picked":"SlaversCollar"}],"items_purged_floors":[53],"is_endless":false,"potions_floor_spawned":[6,7,10,11,12,18,27,35,41,45,47,54],"killed_by":"The Heart","ascension_level":9}}