{"host":"4epvxsx6d4oxmc67","time":1613210923,"event":{"mods":["AchievementEnabler","BaseMod","Colored Map","Highlight Path","Minty Spire (QoL Compilation)"],"gold_per_floor":[215,233,249,263,277,277,310,310,333,333,352,379,391,431,443,551,563,589,72,72,89,105,132,132,146,146,176,176,276,309,309,309],"floor_reached":31,"language":"ENG","playtime":1577,"items_purged":[],"score":394,"play_id":"41857f4d-2fe4-49f4-981d-8c3ad0d0efeb","local_time":"20210213100843","is_ascension_mode":true,"campfire_choices":[{"data":"Body Slam","floor":6.0,"key":"SMITH"},{"floor":10.0,"key":"REST"},{"data":"Armaments","floor":15.0,"key":"SMITH"},{"floor":24,"key":"REST"},{"data":"Dark Embrace","floor":28,"key":"SMITH"}],"circlet_count":0,"master_deck":["Bash+1","Pummel","Cleave","Shrug It Off","Body Slam+1","Intimidate","Inflame","Carnage+1","Armaments+1","Seeing Red","Impervious","Dark Embrace+1","Power Through","Impervious","Feed","Power Through","Iron Wave","Sword Boomerang","Impervious","Blood for Blood","Headbutt+1","Fire Breathing","Offering","Inflame+1"],"relics":["Burning Blood","Boot","Anchor","MawBank","Whetstone","Pandora\u0027s Box","Ice Cream","HornCleat","Red Skull","Eternal Feather","Unceasing Top","Pantograph","StoneCalendar"],"acts_visited":["Exordium","TheCity"],"potions_floor_usage":[23,27,29,29],"damage_taken":[{"damage":11.0,"enemies":"2 Louse","floor":1.0,"turns":2.0},{"damage":23.0,"enemies":"Jaw Worm","floor":2.0,"turns":4.0},{"damage":1.0,"enemies":"Cultist","floor":3.0,"turns":3.0},{"damage":10.0,"enemies":"Looter","floor":4.0,"turns":4.0},{"damage":12.0,"enemies":"Exordium Wildlife","floor":5.0,"turns":6.0},{"damage":67.0,"enemies":"Lagavulin","floor":7.0,"turns":8.0},{"damage":8.0,"enemies":"Blue Slaver","floor":11.0,"turns":3.0},{"damage":10.0,"enemies":"3 Sentries","floor":12.0,"turns":7.0},{"damage":7.0,"enemies":"Gremlin Nob","floor":14.0,"turns":3.0},{"damage":18.0,"enemies":"Slime Boss","floor":16.0,"turns":6.0},{"damage":2.0,"enemies":"2 Thieves","floor":18.0,"turns":4.0},{"damage":27,"enemies":"Shell Parasite","floor":21,"turns":5},{"damage":0,"enemies":"Snake Plant","floor":22,"turns":3},{"damage":26,"enemies":"Book of Stabbing","floor":23,"turns":5},{"damage":6,"enemies":"Cultist and Chosen","floor":25,"turns":5},{"damage":22,"enemies":"Slavers","floor":27,"turns":7},{"damage":6,"enemies":"Colosseum Slavers","floor":29,"turns":3},{"damage":48,"enemies":"Colosseum Nobs","floor":29,"turns":5},{"damage":16,"enemies":"Book of Stabbing","floor":30,"turns":3},{"damage":38,"enemies":"3 Cultists","floor":31,"turns":6}],"seed_played":"-633465557582244161","potions_obtained":[{"floor":3.0,"key":"FairyPotion"},{"floor":4.0,"key":"ColorlessPotion"},{"floor":7.0,"key":"Dexterity Potion"},{"floor":11.0,"key":"Regen Potion"},{"floor":12.0,"key":"Swift Potion"},{"floor":14.0,"key":"Swift Potion"},{"floor":23,"key":"AttackPotion"},{"floor":25,"key":"FairyPotion"},{"floor":27,"key":"Weak Potion"},{"floor":30,"key":"LiquidBronze"}],"is_trial":false,"path_per_floor":["M","M","M","M","M","R","E","?","T","R","M","E","$","E","R","B",null,"M","$","?","M","M","E","R","M","T","E","R","?","E","M"],"character_chosen":"IRONCLAD","items_purchased":["Ice Cream","Fire Breathing","Offering"],"campfire_rested":2,"item_purchase_floors":[19,19,19],"current_hp_per_floor":[75,58,63,59,53,53,30,30,30,54,52,63,63,62,62,50,73,77,77,71,50,56,36,60,63,63,47,59,17,7,0,0],"gold":309,"neow_bonus":"HUNDRED_GOLD","is_daily":false,"chose_seed":false,"campfire_upgraded":3,"win_rate":0.0,"timestamp":1613210923,"path_taken":["M","M","M","M","M","R","E","?","T","R","M","E","$","E","R","BOSS","M","$","?","M","M","E","R","?","T","E","R","?","E","M"],"items_purchased_type":["Relic","Card","Card"],"build_version":"2020-12-22","purchased_purges":0,"victory":false,"max_hp_per_floor":[80,80,80,80,80,80,80,80,80,80,80,80,80,80,80,80,80,80,80,80,80,80,80,80,83,83,83,83,83,83,83,83],"card_choices":[{"not_picked":["Havoc","Clash"],"picked":"Pummel","floor":1.0},{"not_picked":["Body Slam","Sword Boomerang"],"picked":"Cleave","floor":2.0},{"not_picked":["Thunderclap","Rupture"],"picked":"Shrug It Off","floor":3.0},{"not_picked":["Clash","Warcry"],"picked":"Body Slam","floor":4.0},{"not_picked":["Warcry","Spot Weakness"],"picked":"Intimidate","floor":5.0},{"not_picked":["Immolate","Burning Pact"],"picked":"Inflame","floor":7.0},{"not_picked":["Twin Strike","Dropkick"],"picked":"Carnage","floor":11.0},{"not_picked":["Combust","Heavy Blade"],"picked":"Armaments","floor":12.0},{"not_picked":["Dark Embrace","Rupture"],"picked":"Seeing Red","floor":14.0},{"not_picked":["Immolate","Bludgeon"],"picked":"Impervious","floor":16.0},{"not_picked":["Pommel Strike","Iron Wave"],"picked":"Headbutt+1","floor":18.0},{"not_picked":["Clash+1","Evolve","Thunderclap"],"picked":"SKIP","floor":21},{"not_picked":["Pommel Strike+1","Combust","Heavy Blade+1"],"picked":"SKIP","floor":22},{"not_picked":["True Grit","Spot Weakness"],"picked":"Inflame+1","floor":23},{"not_picked":["Twin Strike","Rampage","Feel No Pain"],"picked":"SKIP","floor":25},{"not_picked":["Sword Boomerang","Iron Wave","Havoc"],"picked":"SKIP","floor":27},{"not_picked":["Dropkick","Demon Form","Reckless Charge"],"picked":"SKIP","floor":30}],"player_experience":107269,"relics_obtained":[{"floor":7.0,"key":"Boot"},{"floor":9.0,"key":"Anchor"},{"floor":12.0,"key":"MawBank"},{"floor":14.0,"key":"Whetstone"},{"floor":23,"key":"HornCleat"},{"floor":26,"key":"Red Skull"},{"floor":27,"key":"Eternal Feather"},{"floor":29,"key":"Unceasing Top"},{"floor":29,"key":"Pantograph"},{"floor":30,"key":"StoneCalendar"}],"event_choices":[{"damage_healed":0.0,"max_hp_gain":0.0,"max_hp_loss":0.0,"gold_gain":0.0,"event_name":"Liars Game","player_choice":"Ignored","floor":8.0,"gold_loss":0.0,"damage_taken":0.0},{"damage_healed":0.0,"max_hp_gain":0.0,"max_hp_loss":0.0,"gold_gain":0.0,"event_name":"Knowing Skull","player_choice":"","floor":20.0,"potions_obtained":[],"gold_loss":0.0,"damage_taken":6.0,"cards_obtained":[]},{"damage_healed":0,"gold_gain":0,"player_choice":"Fight","damage_taken":0,"max_hp_gain":0,"max_hp_loss":0,"event_name":"Colosseum","floor":29,"gold_loss":0},{"damage_healed":0,"gold_gain":0,"player_choice":"Fought Nobs","damage_taken":0,"max_hp_gain":0,"max_hp_loss":0,"event_name":"Colosseum","floor":29,"gold_loss":0}],"is_beta":false,"boss_relics":[{"not_picked":["Fusion Hammer","Astrolabe"],"picked":"Pandora\u0027s Box"}],"items_purged_floors":[],"is_endless":false,"potions_floor_spawned":[3,4,7,11,12,14,23,25,27,29,30],"killed_by":"3 Cultists","ascension_level":5}}