{"host":"suw5tyb7z6zbnnfs","time":1613233796,"event":{"mods":["AchievementEnabler","BaseMod","Colored Map","Minty Spire (QoL Compilation)"],"gold_per_floor":[115,65,65,85,98,98,128,128,128,154,172,172,172,192,192,323,323,337,337,152,186,44,44,88,11,11,52,52,52,76,99,99,219,219,244,72,92,92,116,147,147,147,147],"floor_reached":42,"language":"ENG","playtime":5063,"items_purged":["Strike_G","Strike_G"],"score":829,"play_id":"2b5d627d-6b46-4331-a884-9c355187520c","local_time":"20210213112956","is_ascension_mode":true,"campfire_choices":[{"data":"Sucker Punch","floor":6.0,"key":"SMITH"},{"floor":8.0,"key":"REST"},{"data":"Cloak And Dagger","floor":15.0,"key":"SMITH"},{"data":"Apotheosis","floor":23.0,"key":"SMITH"},{"floor":28.0,"key":"REST"},{"floor":32.0,"key":"REST"},{"floor":41,"key":"REST"}],"circlet_count":0,"master_deck":["Strike_G","Strike_G","Defend_G","Defend_G+1","Defend_G","Defend_G","Survivor","Neutralize+1","Dodge and Roll","Sucker Punch+1","Backflip","Cloak And Dagger+1","Blade Dance","Venomology","Caltrops","Apotheosis+1","Accuracy","Calculated Gamble","Malaise","Accuracy+1","Burst","Footwork+1","Acrobatics","Terror+1"],"relics":["Ring of the Snake","Letter Opener","Kunai","Vajra","Golden Idol","HoveringKite","Red Mask","Akabeko","Question Card","Blood Vial","WristBlade","Mummified Hand"],"acts_visited":["Exordium","TheCity","TheBeyond"],"potions_floor_usage":[35,39,39,42,42],"damage_taken":[{"damage":6.0,"enemies":"Jaw Worm","floor":1.0,"turns":8.0},{"damage":0.0,"enemies":"2 Louse","floor":4.0,"turns":3.0},{"damage":1.0,"enemies":"Small Slimes","floor":5.0,"turns":3.0},{"damage":30.0,"enemies":"Lagavulin","floor":7.0,"turns":11.0},{"damage":36.0,"enemies":"Gremlin Nob","floor":10.0,"turns":6.0},{"damage":1.0,"enemies":"Exordium Wildlife","floor":11.0,"turns":4.0},{"damage":0.0,"enemies":"3 Louse","floor":14.0,"turns":4.0},{"damage":0.0,"enemies":"The Guardian","floor":16.0,"turns":15.0},{"damage":10.0,"enemies":"Spheric Guardian","floor":18.0,"turns":5.0},{"damage":19.0,"enemies":"Masked Bandits","floor":21.0,"turns":4.0},{"damage":32.0,"enemies":"Slavers","floor":24.0,"turns":8.0},{"damage":0.0,"enemies":"Gremlin Leader","floor":27.0,"turns":7.0},{"damage":3.0,"enemies":"Shell Parasite","floor":30.0,"turns":3.0},{"damage":5.0,"enemies":"Snake Plant","floor":31.0,"turns":2.0},{"damage":4.0,"enemies":"Automaton","floor":33.0,"turns":8.0},{"damage":4,"enemies":"Orb Walker","floor":35,"turns":2},{"damage":19,"enemies":"3 Darklings","floor":37,"turns":5},{"damage":7,"enemies":"Spire Growth","floor":39,"turns":4},{"damage":0,"enemies":"Nemesis","floor":40,"turns":7},{"damage":69,"enemies":"Reptomancer","floor":42,"turns":4}],"seed_played":"-441875271410990410","potions_obtained":[{"floor":1.0,"key":"DistilledChaos"},{"floor":4.0,"key":"FairyPotion"},{"floor":5.0,"key":"Weak Potion"},{"floor":14.0,"key":"GhostInAJar"},{"floor":21.0,"key":"AttackPotion"},{"floor":27.0,"key":"DistilledChaos"},{"floor":31.0,"key":"EssenceOfSteel"},{"floor":37,"key":"Dexterity Potion"}],"is_trial":false,"path_per_floor":["M","?","?","M","M","R","E","R","T","E","M","?","?","M","R","B",null,"M","?","$","?","$","R","E","$","T","E","R","?","M","M","R","B",null,"M","$","M","?","M","E","R","E"],"character_chosen":"THE_SILENT","items_purchased":["Apotheosis","Accuracy","Calculated Gamble","EssenceOfSteel"],"campfire_rested":4,"item_purchase_floors":[20,22,25,36],"current_hp_per_floor":[64,64,49,49,48,48,18,41,41,5,4,29,29,29,29,29,61,51,51,51,32,32,32,21,21,21,21,42,42,41,38,59,57,68,66,66,49,49,44,46,67,0,0],"gold":147,"neow_bonus":"TEN_PERCENT_HP_BONUS","is_daily":false,"chose_seed":false,"campfire_upgraded":3,"win_rate":0.0,"timestamp":1613233796,"path_taken":["M","?","?","M","M","R","E","R","T","E","M","?","?","?","R","BOSS","M","?","$","?","$","R","E","?","T","E","R","?","M","M","R","BOSS","M","$","?","?","M","E","R","E"],"items_purchased_type":["Card","Card","Card","Potion"],"build_version":"2020-12-22","purchased_purges":2,"victory":false,"max_hp_per_floor":[77,77,77,77,77,77,77,77,77,77,77,77,71,71,71,71,71,71,71,71,71,71,71,71,71,71,71,71,71,71,71,71,71,71,71,71,71,71,71,71,71,71,71],"card_choices":[{"not_picked":["Riddle With Holes","Slice"],"picked":"Dodge and Roll","floor":1.0},{"not_picked":["Poisoned Stab","Deadly Poison"],"picked":"Sucker Punch","floor":4.0},{"not_picked":["Prepared","Acrobatics"],"picked":"Backflip","floor":5.0},{"not_picked":["Choke","Reflex"],"picked":"Cloak And Dagger","floor":7.0},{"not_picked":["Backflip","Bullet Time","Acrobatics"],"picked":"SKIP","floor":10.0},{"not_picked":["Backflip","Bullet Time","Acrobatics"],"picked":"SKIP","floor":10.0},{"not_picked":["Prepared","Acrobatics","Crippling Poison"],"picked":"SKIP","floor":11.0},{"not_picked":["Cloak And Dagger","Flying Knee"],"picked":"Blade Dance","floor":14.0},{"not_picked":["Storm of Steel","Doppelganger"],"picked":"Venomology","floor":16.0},{"not_picked":["Deadly Poison","Setup+1"],"picked":"Caltrops","floor":18.0},{"not_picked":["Dagger Spray","Envenom"],"picked":"Blade Dance","floor":24.0},{"not_picked":["Deflect","Dodge and Roll","Blade Dance"],"picked":"Malaise","floor":27.0},{"not_picked":["Underhanded Strike","Sucker Punch","Quick Slash","Backflip"],"picked":"SKIP","floor":30.0},{"not_picked":["Quick Slash","Acrobatics","Noxious Fumes"],"picked":"Accuracy+1","floor":31.0},{"not_picked":["Glass Knife","Malaise","Bullet Time"],"picked":"Burst","floor":33.0},{"not_picked":["Concentrate+1","Prepared","Poisoned Stab"],"picked":"Footwork+1","floor":35},{"not_picked":["Outmaneuver","Expertise+1","PiercingWail"],"picked":"Acrobatics","floor":37},{"not_picked":["Concentrate","Dodge and Roll+1","Flying Knee+1"],"picked":"Terror+1","floor":39},{"not_picked":["Sucker Punch","Bouncing Flask","Unload","Tactician+1"],"picked":"SKIP","floor":40}],"player_experience":903704,"relics_obtained":[{"floor":7.0,"key":"Letter Opener"},{"floor":9.0,"key":"Kunai"},{"floor":10.0,"key":"Vajra"},{"floor":21.0,"key":"Red Mask"},{"floor":24.0,"key":"Akabeko"},{"floor":26.0,"key":"Question Card"},{"floor":27.0,"key":"Blood Vial"},{"floor":40,"key":"Mummified Hand"}],"event_choices":[{"cards_removed":["Defend_G"],"damage_healed":0.0,"max_hp_gain":0.0,"max_hp_loss":0.0,"gold_gain":0.0,"event_name":"The Cleric","player_choice":"Card Removal","floor":2.0,"gold_loss":50.0,"damage_taken":0.0},{"damage_healed":0.0,"max_hp_gain":0.0,"max_hp_loss":0.0,"gold_gain":0.0,"event_name":"Shining Light","player_choice":"Entered Light","floor":3.0,"gold_loss":0.0,"damage_taken":15.0,"cards_upgraded":["Neutralize","Defend_G"]},{"damage_healed":25.0,"max_hp_gain":0.0,"max_hp_loss":0.0,"gold_gain":0.0,"event_name":"Big Fish","player_choice":"Banana","floor":12.0,"gold_loss":0.0,"damage_taken":0.0},{"damage_healed":0.0,"max_hp_gain":0.0,"max_hp_loss":6.0,"gold_gain":0.0,"event_name":"Golden Idol","player_choice":"Lose Max HP","floor":13.0,"gold_loss":0.0,"damage_taken":0.0,"relics_obtained":["Golden Idol"]},{"damage_healed":0.0,"max_hp_gain":0.0,"max_hp_loss":0.0,"gold_gain":0.0,"event_name":"Ghosts","player_choice":"Ignored","floor":19.0,"gold_loss":0.0,"damage_taken":0.0},{"damage_healed":0.0,"max_hp_gain":0.0,"max_hp_loss":0.0,"gold_gain":0.0,"event_name":"Masked Bandits","player_choice":"Fought Bandits","floor":21.0,"gold_loss":0.0,"damage_taken":0.0},{"cards_removed":["Strike_G"],"damage_healed":0.0,"max_hp_gain":0.0,"max_hp_loss":0.0,"gold_gain":0.0,"event_name":"Bonfire Elementals","player_choice":"Offered Basic","floor":29.0,"gold_loss":0.0,"damage_taken":0.0},{"cards_removed":["Blade Dance"],"damage_healed":0,"gold_gain":0,"player_choice":"Removed Skill","damage_taken":0,"max_hp_gain":0,"max_hp_loss":0,"event_name":"Falling","floor":38,"gold_loss":0}],"is_beta":false,"boss_relics":[{"not_picked":["Runic Dome","Velvet Choker"],"picked":"HoveringKite"},{"not_picked":["Tiny House","SacredBark"],"picked":"WristBlade"}],"items_purged_floors":[22,36],"is_endless":false,"potions_floor_spawned":[1,4,5,14,18,21,27,31,37],"killed_by":"Reptomancer","ascension_level":9}}