{"host":"q349ucdsdrgdzjwk","time":1613259488,"event":{"mods":["2.2 Compatiblity","A Penny For Your Troubles","AchievementEnabler","BaseMod","Beaked The Cultist","Better Altar","Better Match","Better Note","Better Skull","Better Third Choice","Better Vampires","BetterRewards","Displayed Cursed Tome","Downfall","Energized Spire","Friendly Minions","Googly Eyes","Gremlin Mod","Hermit","Hubris","Infinite Spire","Marisa????????","Minty Spire (QoL Compilation)","Permanent Neow","Relic Filter Mod","Reliquary","Replay The Spire","Robot Space Explorer","Shop Mod","Spire Arcade","StSLib","The Construct","The Cursed","The Disciple","The Marked","The Necromancer","The Servant 0.9.4","TheVacant","Transform Curses"],"gold_per_floor":[109,184,202,72,90,117,117,117,117,117,134,167,167,200,200,295,295,305,317,336,350,100,127,127,158,183,183,183,31,42,42,42,147,147,166,166,17,0,10,37,37,57,57,57,89,89,104,104,104,105],"floor_reached":51,"language":"ENG","playtime":2762,"items_purged":["Spreading Infection"],"score":1300,"play_id":"e9eba04b-81e4-412b-b7aa-5ddfaa9534c3","local_time":"20210213233808","is_ascension_mode":true,"campfire_choices":[{"data":"Pommel Strike","floor":8,"key":"SMITH"},{"data":"Evolve","floor":15,"key":"SMITH"},{"data":"True Grit","floor":24,"key":"SMITH"},{"data":"beaked:AwakenedForm","floor":28,"key":"SMITH"},{"data":"Eclipse","floor":32,"key":"SMITH"},{"data":"Fire Breathing","floor":41,"key":"SMITH"},{"data":"Replay:Fractal Strike","floor":44,"key":"SMITH"},{"data":"Finesse","floor":46,"key":"SMITH"}],"circlet_count":0,"master_deck":["Strike_R","Strike_R","Strike_R","Strike_R","Defend_R","Defend_R","Defend_R","Bash","Pommel Strike+1","Evolve+1","Wild Strike","Power Through","Eclipse+1","beaked:AwakenedForm+1","Seeing Red+1","Iron Wave+1","True Grit+1","Finesse+1","Fire Breathing+1","Pot Of Greed+1","AbeCurse","Replay:Fractal Strike+1","Reaper","Infernal Blade+1","Twin Strike+1","Evolve+1","Inflame+1","Reaper+1"],"relics":["Burning Blood","bronze:MakeshiftBattery","Champion Belt","Regal Pillow","reliquary:PorcupineQuills","ReplayFunnel","beaked:SacredDeck","hubris:SlimyHat","reliquary:PrincelyHelmet","Mirror","Potion Belt","Bag of Preparation","hubris:GlazedTorus","Abe\u0027s Treasure","Coffee Dripper","reliquary:PartyBalloon","Red Mask","infinitespire:BottledMercury","Sundial","Pondfish Scales"],"acts_visited":["Exordium","TheCity","TheBeyond"],"potions_floor_usage":[6,12,14,21,23,39,50],"damage_taken":[{"damage":1,"enemies":"Cultist","floor":1,"turns":3},{"damage":5,"enemies":"Small Slimes","floor":3,"turns":3},{"damage":7,"enemies":"Jaw Worm","floor":5,"turns":4},{"damage":8,"enemies":"Gremlin Nob","floor":6,"turns":3},{"damage":4,"enemies":"Exordium Wildlife","floor":11,"turns":3},{"damage":37,"enemies":"Replay:BlueRogue","floor":12,"turns":6},{"damage":21,"enemies":"Lagavulin","floor":14,"turns":4},{"damage":42,"enemies":"Slime Boss","floor":16,"turns":6},{"damage":33,"enemies":"2 Thieves","floor":18,"turns":4},{"damage":4,"enemies":"Chosen","floor":19,"turns":5},{"damage":12,"enemies":"Snake Plant","floor":20,"turns":5},{"damage":17,"enemies":"3 Cultists","floor":21,"turns":10},{"damage":22,"enemies":"Slavers","floor":23,"turns":5},{"damage":0,"enemies":"Gremlin Leader","floor":25,"turns":5},{"damage":0,"enemies":"Snecko","floor":30,"turns":4},{"damage":0,"enemies":"Automaton","floor":33,"turns":5},{"damage":17,"enemies":"3 Darklings","floor":35,"turns":5},{"damage":17,"enemies":"3 Shapes","floor":39,"turns":4},{"damage":0,"enemies":"Giant Head","floor":40,"turns":5},{"damage":0,"enemies":"Jaw Worm Horde","floor":42,"turns":4},{"damage":1,"enemies":"R_Hoarder","floor":45,"turns":5},{"damage":4,"enemies":"Spire Growth","floor":47,"turns":4},{"damage":0,"enemies":"Donu and Deca","floor":50,"turns":5}],"seed_played":"8599851656301407198","potions_obtained":[{"floor":3,"key":"Fire Potion"},{"floor":6,"key":"Toxic Potion"},{"floor":11,"key":"Milkshake"},{"floor":12,"key":"Block Potion"},{"floor":19,"key":"Reflective Coating"},{"floor":33,"key":"Milkshake"},{"floor":40,"key":"Reflective Coating"},{"floor":45,"key":"LiquidMemories"}],"is_trial":false,"path_per_floor":["M","?","M","$","M","E","$","R","T","?","M","E","?","E","R","B",null,"M","M","M","M","$","E","R","E","T","?","R","$","M","AVR","R","B",null,"M","?","$","?","M","E","R","M","T","R","E","R","M","?","R","B",null],"character_chosen":"IRONCLAD","items_purchased":["Evolve","hubris:SlimyHat","Finesse","Bag of Preparation","reliquary:PartyBalloon"],"campfire_rested":0,"item_purchase_floors":[4,22,22,29,37],"current_hp_per_floor":[77,69,70,70,69,67,67,67,67,67,69,38,80,65,65,29,67,40,42,36,25,25,9,9,15,15,15,15,15,21,21,21,27,67,68,68,68,68,69,80,80,80,80,80,80,80,80,80,80,80],"gold":105,"neow_bonus":"CURSED_BOSS_RELIC","is_daily":false,"chose_seed":false,"campfire_upgraded":8,"win_rate":0.0,"timestamp":1613259488,"path_taken":["M","?","M","$","?","E","$","R","T","?","M","E","?","E","R","BOSS","M","M","?","M","$","E","R","E","T","?","R","$","M","AVR","R","BOSS","M","?","$","?","M","E","R","M","T","R","E","R","M","?","R","BOSS"],"items_purchased_type":["Card","Relic","Card","Relic","Relic"],"build_version":"2020-12-22","purchased_purges":1,"victory":true,"max_hp_per_floor":[80,80,80,80,80,80,80,80,80,80,80,80,80,80,80,80,80,80,80,80,80,80,80,80,80,80,80,80,80,80,80,80,80,80,80,80,80,80,80,80,80,80,80,80,80,80,80,80,80,80],"card_choices":[{"not_picked":["Body Slam","Heavy Blade","Abandon"],"picked":"SKIP","floor":1},{"not_picked":["Headbutt","Anger"],"picked":"Pommel Strike","floor":3},{"not_picked":["hubris:CleavingFinish","Headbutt","Perfected Strike"],"picked":"SKIP","floor":5},{"not_picked":["hubris:StunningStrike","Clash"],"picked":"Wild Strike","floor":6},{"not_picked":["Whirlwind","Carnage","Perfected Strike"],"picked":"SKIP","floor":11},{"not_picked":["Twin Strike","Sword Boomerang","Pummel"],"picked":"SKIP","floor":12},{"not_picked":["Armaments","Massacre"],"picked":"Power Through","floor":14},{"not_picked":["Exhume","Impervious"],"picked":"Eclipse","floor":16},{"not_picked":["Flex","Body Slam"],"picked":"Seeing Red+1","floor":18},{"not_picked":["Heavy Blade","Cleave","Havoc+1"],"picked":"SKIP","floor":19},{"not_picked":["Twin Strike","Flex+1"],"picked":"Iron Wave+1","floor":20},{"not_picked":["Sword Boomerang","Exhume"],"picked":"True Grit","floor":21},{"not_picked":["Flex","Run Through+1","Combust"],"picked":"SKIP","floor":23},{"not_picked":["Perfected Strike","Flame Barrier+1"],"picked":"Fire Breathing","floor":25},{"not_picked":["Thunderclap","Wild Strike","Metallicize"],"picked":"SKIP","floor":30},{"not_picked":["Exhume","Bludgeon"],"picked":"Reaper","floor":33},{"not_picked":["infinitespire:OneForAll","Searing Blow+1","Havoc+1"],"picked":"SKIP","floor":35},{"not_picked":["Pommel Strike+1","Shockwave+1"],"picked":"Infernal Blade+1","floor":39},{"not_picked":["Body Slam","Headbutt+1"],"picked":"Twin Strike+1","floor":40},{"not_picked":["Replay:Undeath\u0027s Touch+1","Twin Strike+1","ReplayTheSpireMod:LeadingStrike+1"],"picked":"SKIP","floor":42},{"not_picked":["Rampage+1","Defy Death+1"],"picked":"Evolve+1","floor":45},{"not_picked":["Rupture","Havoc+1"],"picked":"Inflame+1","floor":47}],"player_experience":469612,"relics_obtained":[{"floor":6,"key":"Champion Belt"},{"floor":9,"key":"Regal Pillow"},{"floor":12,"key":"reliquary:PorcupineQuills"},{"floor":14,"key":"ReplayFunnel"},{"floor":23,"key":"reliquary:PrincelyHelmet"},{"floor":25,"key":"Mirror"},{"floor":26,"key":"Potion Belt"},{"floor":40,"key":"infinitespire:BottledMercury"},{"floor":43,"key":"Sundial"},{"floor":45,"key":"Pondfish Scales"}],"event_choices":[{"damage_healed":0,"gold_gain":75,"player_choice":"Touch","damage_taken":8,"max_hp_gain":0,"max_hp_loss":0,"event_name":"FaceTrader","floor":2,"gold_loss":0},{"damage_healed":0,"gold_gain":0,"player_choice":"Leave","damage_taken":0,"max_hp_gain":0,"max_hp_loss":0,"event_name":"The Cleric","floor":10,"gold_loss":0},{"cards_removed":["Evolve"],"damage_healed":42,"gold_gain":0,"player_choice":"Offered Uncommon","damage_taken":0,"max_hp_gain":0,"max_hp_loss":0,"event_name":"Bonfire Elementals","floor":13,"gold_loss":0},{"cards_removed":["beaked:AwakenedForm"],"damage_healed":0,"gold_gain":0,"player_choice":"Take \u0026 Give","damage_taken":0,"max_hp_gain":0,"max_hp_loss":0,"event_name":"betterNote:BetterNote","floor":27,"gold_loss":0,"cards_obtained":["Pot Of Greed"]},{"cards_removed":["Defend_R"],"damage_healed":0,"gold_gain":0,"player_choice":"Removed Skill","damage_taken":0,"max_hp_gain":0,"max_hp_loss":0,"event_name":"Falling","floor":36,"gold_loss":0},{"damage_healed":0,"gold_gain":0,"player_choice":"Paid","damage_taken":0,"relics_obtained":["Red Mask"],"max_hp_gain":0,"max_hp_loss":0,"event_name":"Tomb of Lord Red Mask","floor":38,"gold_loss":17},{"damage_healed":0,"gold_gain":0,"cards_transformed":["Strike_R"],"player_choice":"Transformed","damage_taken":0,"max_hp_gain":0,"max_hp_loss":0,"event_name":"Transmorgrifier","floor":48,"gold_loss":0,"cards_obtained":["Reaper"]}],"is_beta":false,"boss_relics":[{"not_picked":["Ectoplasm","construct:ClawGrip"],"picked":"beaked:SacredDeck"},{"not_picked":["SacredBark","Ooze Armor"],"picked":"Coffee Dripper"}],"items_purged_floors":[4],"is_endless":false,"potions_floor_spawned":[3,6,11,12,19,33,40,45],"ascension_level":8}}