{"host":"m0bekkrd201b63ug","time":1613239144,"event":{"mods":["AchievementEnabler","BaseMod","Colored Powertips","Highlight Path","Minty Spire (QoL Compilation)","Rare Cards Sparkle","StSLib","SuperFastMode","everything is the same but u backflip on backflip","slay the spire mod where everything is the same but ironclad has a cowboy hat"],"gold_per_floor":[111,131,146,157,157,191,191,217,242,242,257,307,322,322,322,399,399,399,242,242,242,242,242,242],"floor_reached":23,"language":"ENG","playtime":925,"items_purged":[],"score":612,"play_id":"a32b2fa3-69c4-4f9a-8731-06a0fb7d6706","local_time":"20210213155904","is_ascension_mode":true,"campfire_choices":[{"floor":7.0,"key":"REST"},{"data":"Bouncing Flask","floor":10.0,"key":"SMITH"},{"floor":15.0,"key":"REST"}],"circlet_count":0,"master_deck":["AscendersBane","Defend_G","Defend_G","Defend_G","Defend_G","Defend_G","Survivor","Neutralize","Terror","Bane","Bouncing Flask+1","Backflip","Footwork","Escape Plan","Bullet Time","Bite","Bite","Bite","Bite","Bite","Noxious Fumes+1"],"relics":["Ring of the Snake","Orichalcum","Tingsha","Snake Skull","Strawberry","Ectoplasm","Tiny Chest"],"acts_visited":["Exordium","TheCity"],"potions_floor_usage":[18,23],"damage_taken":[{"damage":0.0,"enemies":"Cultist","floor":1.0,"turns":4.0},{"damage":0.0,"enemies":"2 Louse","floor":2.0,"turns":4.0},{"damage":3.0,"enemies":"Jaw Worm","floor":3.0,"turns":4.0},{"damage":3.0,"enemies":"Blue Slaver","floor":4.0,"turns":3.0},{"damage":30.0,"enemies":"3 Sentries","floor":6.0,"turns":13.0},{"damage":14.0,"enemies":"Gremlin Nob","floor":8.0,"turns":4.0},{"damage":24.0,"enemies":"Exordium Thugs","floor":11.0,"turns":4.0},{"damage":1.0,"enemies":"Large Slime","floor":13.0,"turns":5.0},{"damage":18.0,"enemies":"Hexaghost","floor":16.0,"turns":8.0},{"damage":21,"enemies":"Chosen","floor":18,"turns":5},{"damage":12,"enemies":"3 Byrds","floor":22,"turns":10},{"damage":86,"enemies":"Gremlin Leader","floor":23,"turns":6}],"seed_played":"6281939570840338191","potions_obtained":[{"floor":3.0,"key":"SteroidPotion"},{"floor":4.0,"key":"EssenceOfSteel"},{"floor":6.0,"key":"Regen Potion"},{"floor":11.0,"key":"BlessingOfTheForge"},{"floor":16.0,"key":"PowerPotion"}],"is_trial":false,"path_per_floor":["M","M","M","M","?","E","R","E","T","R","M","?","M","?","R","B",null,"M","$","?","?","M","E"],"character_chosen":"THE_SILENT","items_purchased":["Tiny Chest"],"campfire_rested":2,"item_purchase_floors":[19],"current_hp_per_floor":[59,59,56,53,58,28,49,35,35,35,13,13,14,10,33,32,67,48,48,48,53,65,0,0],"gold":242,"neow_bonus":"RANDOM_COMMON_RELIC","is_daily":false,"chose_seed":false,"campfire_upgraded":1,"win_rate":0.0,"timestamp":1613239144,"path_taken":["M","M","M","?","?","E","R","E","T","R","M","?","?","?","R","BOSS","M","$","?","?","?","E"],"items_purchased_type":["Relic"],"build_version":"2020-12-22","purchased_purges":0,"victory":false,"max_hp_per_floor":[66,66,66,66,71,71,71,71,71,71,71,71,71,78,78,78,78,78,78,78,78,78,78,78],"card_choices":[{"not_picked":["Calculated Gamble","Prepared"],"picked":"Bane","floor":1.0},{"not_picked":["Slice","Prepared"],"picked":"Terror","floor":2.0},{"not_picked":["Masterful Stab","Reflex"],"picked":"Bane","floor":3.0},{"not_picked":["Acrobatics","Concentrate"],"picked":"Bouncing Flask","floor":4.0},{"not_picked":["Underhanded Strike","Deadly Poison"],"picked":"Backflip","floor":6.0},{"not_picked":["PiercingWail","Backflip"],"picked":"Footwork","floor":8.0},{"not_picked":["Concentrate","Underhanded Strike"],"picked":"Escape Plan","floor":11.0},{"not_picked":["Prepared","Blur","Cloak And Dagger"],"picked":"SKIP","floor":13.0},{"not_picked":["Venomology","Malaise"],"picked":"Bullet Time","floor":16.0},{"not_picked":["PiercingWail","Sucker Punch","Heel Hook"],"picked":"SKIP","floor":18},{"not_picked":["Dagger Throw","Flying Knee"],"picked":"Noxious Fumes+1","floor":22}],"player_experience":258974,"relics_obtained":[{"floor":6.0,"key":"Tingsha"},{"floor":8.0,"key":"Blood Vial"},{"floor":9.0,"key":"Snake Skull"}],"event_choices":[{"damage_healed":0.0,"max_hp_gain":5.0,"max_hp_loss":0.0,"gold_gain":0.0,"event_name":"Big Fish","player_choice":"Donut","floor":5.0,"gold_loss":0.0,"damage_taken":0.0},{"damage_healed":0.0,"max_hp_gain":0.0,"max_hp_loss":0.0,"gold_gain":50.0,"event_name":"Golden Shrine","player_choice":"Pray","floor":12.0,"gold_loss":0.0,"damage_taken":0.0},{"damage_healed":0.0,"max_hp_gain":0.0,"max_hp_loss":0.0,"gold_gain":0.0,"event_name":"Scrap Ooze","player_choice":"Success","floor":14.0,"gold_loss":0.0,"damage_taken":11.0,"relics_obtained":["Strawberry"]},{"damage_healed":0,"gold_gain":0,"player_choice":"Became a vampire (Vial)","damage_taken":0,"max_hp_gain":0,"max_hp_loss":0,"event_name":"Vampires","floor":20,"relics_lost":["Blood Vial"],"gold_loss":0,"cards_obtained":["Bite","Bite","Bite","Bite","Bite"]},{"cards_removed":["Bane"],"damage_healed":5,"gold_gain":0,"player_choice":"Offered Common","damage_taken":0,"max_hp_gain":0,"max_hp_loss":0,"event_name":"Bonfire Elementals","floor":21,"gold_loss":0},{"cards_removed":["Bane"],"damage_healed":5,"gold_gain":0,"player_choice":"Offered Special","damage_taken":0,"max_hp_gain":0,"max_hp_loss":0,"event_name":"Bonfire Elementals","floor":21,"gold_loss":0}],"is_beta":false,"boss_relics":[{"not_picked":["WristBlade","Busted Crown"],"picked":"Ectoplasm"}],"items_purged_floors":[],"is_endless":false,"potions_floor_spawned":[3,4,6,11,16],"killed_by":"Gremlin Leader","ascension_level":19}}