{"host":"cykg0g4pphyxjwkn","time":1613226735,"event":{"mods":["AchievementEnabler","BaseMod","Bestiary","Colored Map","Colored Powertips","Curses Come First","Highlight Path","Minty Spire (QoL Compilation)","Relic Stats","StSLib","SuperFastMode"],"gold_per_floor":[115,133,58,74,94,94,109,109,109,121,134,165,165,165,165,267,267,222,153,153,153,153,153,153,153,153,153,153,153,153,153,153,153,153,153,153,153,153,153,153,153,153],"floor_reached":41,"language":"ENG","playtime":1614,"items_purged":["Defend_B"],"score":428,"play_id":"e8a8c105-4001-42c6-8a97-5b1612fcf22e","local_time":"20210213093215","is_ascension_mode":false,"campfire_choices":[{"data":"Fusion","floor":6,"key":"SMITH"},{"data":"Defragment","floor":8,"key":"SMITH"},{"data":"Doom and Gloom","floor":13,"key":"SMITH"},{"floor":15,"key":"REST"},{"data":"Defragment","floor":23,"key":"SMITH"},{"data":"Redo","floor":25,"key":"SMITH"},{"floor":29,"key":"REST"},{"floor":32,"key":"REST"},{"data":"Rainbow","floor":40,"key":"SMITH"}],"circlet_count":0,"master_deck":["Strike_B","Strike_B","Strike_B","Defend_B","Defend_B","Defend_B","Zap","Dualcast","Fusion+1","Coolheaded+1","Defragment+1","Ball Lightning","Conserve Battery","Streamline","Doom and Gloom+1","Compile Driver","White Noise","Loop","Loop","Defragment+1","Redo+1","Reinforced Body+1","Sweeping Beam","Rainbow+1","Self Repair+1"],"relics":["Cracked Core","Du-Vu Doll","FossilizedHelix","Ectoplasm","Dream Catcher","Philosopher\u0027s Stone"],"acts_visited":["Exordium","TheCity","TheBeyond"],"potions_floor_usage":[12,14,16,33],"damage_taken":[{"damage":0,"enemies":"Cultist","floor":1,"turns":4},{"damage":3,"enemies":"Small Slimes","floor":2,"turns":4},{"damage":10,"enemies":"Jaw Worm","floor":4,"turns":4},{"damage":3,"enemies":"2 Fungi Beasts","floor":5,"turns":4},{"damage":5,"enemies":"Red Slaver","floor":7,"turns":4},{"damage":10,"enemies":"Large Slime","floor":10,"turns":4},{"damage":2,"enemies":"Exordium Wildlife","floor":11,"turns":3},{"damage":20,"enemies":"Gremlin Nob","floor":12,"turns":4},{"damage":0,"enemies":"Gremlin Gang","floor":14,"turns":1},{"damage":23,"enemies":"Hexaghost","floor":16,"turns":8},{"damage":20,"enemies":"2 Thieves","floor":18,"turns":3},{"damage":14,"enemies":"Chosen","floor":20,"turns":5},{"damage":4,"enemies":"Snecko","floor":22,"turns":5},{"damage":14,"enemies":"Snake Plant","floor":24,"turns":3},{"damage":18,"enemies":"Sentry and Sphere","floor":27,"turns":4},{"damage":6,"enemies":"Centurion and Healer","floor":28,"turns":6},{"damage":2,"enemies":"Cultist and Chosen","floor":30,"turns":6},{"damage":23,"enemies":"Champ","floor":33,"turns":11},{"damage":41,"enemies":"3 Darklings","floor":35,"turns":4},{"damage":4,"enemies":"Orb Walker","floor":36,"turns":4},{"damage":19,"enemies":"Jaw Worm Horde","floor":37,"turns":7},{"damage":33,"enemies":"4 Shapes","floor":38,"turns":5},{"damage":95,"enemies":"Reptomancer","floor":41,"turns":7}],"seed_played":"-4535017263018341155","potions_obtained":[{"floor":5,"key":"Fruit Juice"},{"floor":7,"key":"GamblersBrew"},{"floor":11,"key":"SmokeBomb"},{"floor":16,"key":"LiquidMemories"},{"floor":20,"key":"SkillPotion"},{"floor":22,"key":"Strength Potion"},{"floor":33,"key":"BlessingOfTheForge"}],"is_trial":false,"path_per_floor":["M","M","$","M","M","R","M","R","T","M","M","E","R","M","R","B",null,"M","$","M","?","M","R","M","R","T","M","M","R","M","$","R","B",null,"M","M","M","M","?","R","E"],"character_chosen":"DEFECT","items_purchased":["Loop"],"campfire_rested":3,"item_purchase_floors":[19],"current_hp_per_floor":[75,72,72,62,59,59,54,54,54,44,42,22,22,22,44,26,80,60,60,46,46,42,42,28,28,28,10,4,28,26,26,50,27,80,39,45,36,13,90,90,0,0],"gold":153,"neow_bonus":"TRANSFORM_CARD","is_daily":false,"chose_seed":false,"campfire_upgraded":6,"win_rate":0.0,"timestamp":1613226735,"path_taken":["M","?","$","M","M","R","M","R","T","M","M","E","R","M","R","BOSS","M","$","M","?","M","R","?","R","T","M","M","R","M","?","R","BOSS","M","M","M","M","?","R","E"],"items_purchased_type":["Card"],"build_version":"2020-12-22","purchased_purges":1,"victory":false,"max_hp_per_floor":[75,75,75,75,75,75,75,75,75,75,75,75,75,75,75,80,80,80,80,80,80,80,80,80,80,80,80,80,80,80,80,80,80,80,80,80,80,80,90,90,90,90],"relic_stats":{"Dream Catcher":2,"counters":[23,110],"Ectoplasm":327,"obtain_stats":[{"Du-Vu Doll":9,"Dream Catcher":26,"Philosopher\u0027s Stone":34,"Ectoplasm":17,"Cracked Core":0,"FossilizedHelix":12},{"Du-Vu Doll":5,"Dream Catcher":14,"Philosopher\u0027s Stone":18,"Ectoplasm":10,"Cracked Core":0,"FossilizedHelix":8},{"Du-Vu Doll":20,"Dream Catcher":56,"Philosopher\u0027s Stone":83,"Ectoplasm":40,"Cracked Core":0,"FossilizedHelix":31}]},"card_choices":[{"not_picked":["Stack","Compile Driver"],"picked":"Coolheaded","floor":1},{"not_picked":["Hello World","Beam Cell"],"picked":"Defragment","floor":2},{"not_picked":["FTL","Gash"],"picked":"Ball Lightning","floor":4},{"not_picked":["Turbo","Hologram"],"picked":"Conserve Battery","floor":5},{"not_picked":["Melter","Darkness"],"picked":"Streamline","floor":7},{"not_picked":["Gash","Force Field","Turbo"],"picked":"SKIP","floor":10},{"not_picked":["Steam","Sunder"],"picked":"Doom and Gloom","floor":11},{"not_picked":["Fusion","Conserve Battery"],"picked":"Compile Driver","floor":12},{"not_picked":["All For One","Amplify"],"picked":"Reboot","floor":16},{"not_picked":["Gash","Scrape"],"picked":"White Noise","floor":18},{"not_picked":["Leap","Ball Lightning"],"picked":"Loop","floor":20},{"not_picked":["Reprogram","White Noise"],"picked":"Defragment","floor":22},{"not_picked":["Sweeping Beam+1","Leap"],"picked":"Redo","floor":24},{"not_picked":["Conserve Battery","Stack","Coolheaded+1"],"picked":"SKIP","floor":27},{"not_picked":["Turbo","Go for the Eyes"],"picked":"Reinforced Body+1","floor":28},{"not_picked":["Conserve Battery","Barrage","Cold Snap"],"picked":"SKIP","floor":30},{"not_picked":["Compile Driver","FTL"],"picked":"Sweeping Beam","floor":32},{"not_picked":["All For One","Buffer"],"picked":"Rainbow","floor":33},{"not_picked":["Go for the Eyes+1","Streamline"],"picked":"Self Repair+1","floor":35},{"not_picked":["Coolheaded","Compile Driver","Tempest"],"picked":"SKIP","floor":36},{"not_picked":["Conserve Battery","Streamline+1","Sweeping Beam"],"picked":"SKIP","floor":37},{"not_picked":["Static Discharge","Sweeping Beam","FTL"],"picked":"SKIP","floor":38}],"player_experience":47831,"relics_obtained":[{"floor":9,"key":"Du-Vu Doll"},{"floor":12,"key":"FossilizedHelix"},{"floor":26,"key":"Dream Catcher"}],"event_choices":[{"damage_healed":0,"gold_gain":0,"player_choice":"Forge","damage_taken":0,"max_hp_gain":0,"max_hp_loss":0,"event_name":"Accursed Blacksmith","floor":21,"gold_loss":0,"cards_upgraded":["Coolheaded"]},{"cards_removed":["Reboot"],"damage_healed":67,"gold_gain":0,"player_choice":"Offered Rare","damage_taken":0,"max_hp_gain":10,"max_hp_loss":0,"event_name":"Bonfire Elementals","floor":39,"gold_loss":0}],"is_beta":false,"boss_relics":[{"not_picked":["Coffee Dripper","SlaversCollar"],"picked":"Ectoplasm"},{"not_picked":["Tiny House","Runic Pyramid"],"picked":"Philosopher\u0027s Stone"}],"items_purged_floors":[3],"is_endless":false,"potions_floor_spawned":[5,7,11,14,16,20,22,27,28,33],"killed_by":"Reptomancer","ascension_level":0}}