{"host":"1ftto2vaskemldx8","time":1613247673,"event":{"mods":["BaseMod","Minty Spire (QoL Compilation)","Replay The Spire","StSLib","Together in Spire","[功能]功能增强和修复MOD"],"gold_per_floor":[114,10,25,40,3,3,38,68,93,123,123,25,55,6,6,106,106,121,141,22,22,22,52,12,12,12,12,12,42,12,42,42,162,162,177,192,86,86,86,86,116,116,116,146,78,0,30,45,45,45],"floor_reached":51,"language":"ZHS","playtime":3935,"items_purged":["Shrug It Off","True Grit"],"score":1303,"play_id":"340313ab-3364-4b67-8288-d470b66d0eb7","local_time":"20210214042113","daily_mods":["SealedDeck","Colorless Cards","Elite Swarm"],"is_ascension_mode":false,"campfire_choices":[{"data":"Infernal Blade","floor":6.0,"key":"SMITH"},{"data":"Transmutation","floor":15.0,"key":"SMITH"},{"data":"Corruption","floor":25.0,"key":"SMITH"},{"data":"Metamorphosis","floor":27.0,"key":"SMITH"},{"data":"ReplayTheSpireMod:Necrogeddon","floor":32.0,"key":"SMITH"},{"data":"Exhume","floor":40,"key":"SMITH"},{"data":"Panache","floor":42,"key":"SMITH"},{"floor":49,"key":"DIG"}],"circlet_count":0,"master_deck":["Spot Weakness","Replay:Undeath\u0027s Touch","Flash of Steel","ReplayTheSpireMod:Stacked","Thunderclap","Flex","Flex","Flex","Dramatic Entrance","Sadistic Nature","True Grit","Infernal Blade+1","Dramatic Entrance","Warcry+1","Flex","Midas Touch","Limit Break","Bandage Up","Transmutation+1","Purity","Offering","Specialist","Flex","Corruption+1","Dramatic Entrance","Metamorphosis+1","Flex","ReplayTheSpireMod:Necrogeddon+1","Exhume+1","Limit Break","Abandon+1","Flash of Steel+1","Replay:Many Hands","Sadistic Nature","Replay:Undeath\u0027s Touch","Master of Strategy","ReplayTheSpireMod:Private Reserves","ReplayTheSpireMod:Uncanny Aura","Panache+1","Hallucinations","Sadistic Nature","Havoc+1","Warcry+1","Secret Weapon+1","Apotheosis+1","Panacea+1"],"relics":["Burning Blood","Dead Branch","King of Hearts","Incense Burner","FossilizedHelix","Bronze Scales","Regal Pillow","Toolbox","Onion Ring","Pen Nib","Chemical X","Electric Blood","Mummified Hand","InkBottle","Anchor","Brimstone","Akabeko","Replay:Towering Pillar of Hats","HandDrill","Tiny Chest","Cursed Key","ReplayTheSpireMod:ShopPack","Toxic Egg 2","Bird Faced Urn","Champion Belt","Replay:Wax Seal","Red Mask","Mango","Letter Opener"],"acts_visited":["Exordium","TheCity","TheBeyond"],"potions_floor_usage":[],"damage_taken":[{"damage":0.0,"enemies":"Jaw Worm","floor":1.0,"turns":2.0},{"damage":0.0,"enemies":"Cultist","floor":3.0,"turns":2.0},{"damage":0.0,"enemies":"Small Slimes","floor":4.0,"turns":2.0},{"damage":3.0,"enemies":"3 Sentries","floor":7.0,"turns":2.0},{"damage":11.0,"enemies":"Lagavulin","floor":8.0,"turns":3.0},{"damage":0.0,"enemies":"Gremlin Nob","floor":10.0,"turns":2.0},{"damage":0.0,"enemies":"Lagavulin","floor":13.0,"turns":1.0},{"damage":6.0,"enemies":"Fading Forest","floor":16.0,"turns":4.0},{"damage":0.0,"enemies":"Spheric Guardian","floor":18.0,"turns":1.0},{"damage":3.0,"enemies":"3 Byrds","floor":19.0,"turns":1.0},{"damage":2.0,"enemies":"Slavers","floor":23.0,"turns":1.0},{"damage":6.0,"enemies":"Book of Stabbing","floor":29.0,"turns":1.0},{"damage":3.0,"enemies":"Gremlin Leader","floor":31.0,"turns":1.0},{"damage":12.0,"enemies":"Champ","floor":33.0,"turns":1.0},{"damage":0.0,"enemies":"Orb Walker","floor":35.0,"turns":1.0},{"damage":2.0,"enemies":"3 Darklings","floor":36.0,"turns":1.0},{"damage":0.0,"enemies":"Spire Growth","floor":38.0,"turns":1.0},{"damage":12,"enemies":"R_Hoarder","floor":41,"turns":2},{"damage":2,"enemies":"Giant Head","floor":44,"turns":1},{"damage":1,"enemies":"R_Hoarder","floor":47,"turns":2},{"damage":0,"enemies":"4 Shapes","floor":48,"turns":1},{"damage":1,"enemies":"Donu and Deca","floor":50,"turns":1}],"seed_played":"6099103822572544471","potions_obtained":[{"floor":1.0,"key":"BlessingOfTheForge"},{"floor":3.0,"key":"Dexterity Potion"},{"floor":3.0,"key":"Milkshake"},{"floor":8.0,"key":"Block Potion"},{"floor":10.0,"key":"Reflective Coating"},{"floor":13.0,"key":"DistilledChaos"},{"floor":13.0,"key":"Swift Potion"},{"floor":16.0,"key":"BlessingOfTheForge"},{"floor":19.0,"key":"Dexterity Potion"},{"floor":23.0,"key":"Energy Potion"},{"floor":31.0,"key":"SkillPotion"},{"floor":33.0,"key":"SteroidPotion"},{"floor":35.0,"key":"SneckoOil"},{"floor":41,"key":"FairyPotion"}],"is_trial":false,"path_per_floor":["M","$","M","M","$","R","?","E","T","E","?","$","E","$","R","B",null,"M","M","$","?","T","E","$","R","T","R","$","E","$","E","R","B",null,"M","M","$","M","?","R","E","R","T","E","$","?","E","M","R","B",null],"character_chosen":"IRONCLAD","items_purchased":["Dead Branch","Sadistic Nature","True Grit","Warcry+1","King of Hearts","Toolbox","Onion Ring","Bandage Up","Chemical X","Purity","Flex","Corruption","Mummified Hand","Dramatic Entrance","Brimstone","Flex","HandDrill","Replay:Many Hands","Sadistic Nature","Replay:Undeath\u0027s Touch","ReplayTheSpireMod:ShopPack","Replay:Wax Seal","Havoc+1","Warcry+1","Secret Weapon+1"],"campfire_rested":0,"item_purchase_floors":[2,2,2,5,5,12,12,12,14,14,20,20,20,20,24,24,30,37,37,37,37,45,45,45,45],"current_hp_per_floor":[80,80,80,80,80,80,80,75,75,80,80,80,80,80,80,80,80,80,80,80,80,80,80,80,80,80,80,80,80,80,80,80,74,80,80,80,80,80,80,80,78,78,78,80,80,80,94,94,94,94],"gold":45,"neow_bonus":"","is_daily":true,"chose_seed":false,"campfire_upgraded":7,"win_rate":0.0,"timestamp":1613247673,"path_taken":["M","$","M","M","$","R","?","E","T","E","?","$","E","$","R","BOSS","M","M","$","?","?","E","$","R","T","R","$","E","$","E","R","BOSS","M","?","$","M","?","R","E","R","T","E","$","?","E","M","R","BOSS"],"items_purchased_type":["Relic","Card","Card","Card","Relic","Relic","Relic","Card","Relic","Card","Card","Card","Relic","Card","Relic","Card","Relic","Card","Card","Card","Relic","Relic","Card","Card","Card"],"build_version":"2020-12-22","purchased_purges":2,"victory":true,"max_hp_per_floor":[80,80,80,80,80,80,80,80,80,80,80,80,80,80,80,80,80,80,80,80,80,80,80,80,80,80,80,80,80,80,80,80,80,80,80,80,80,80,80,80,80,80,80,80,80,80,94,94,94,94],"card_choices":[{"not_picked":["Panacea","Evolve"],"picked":"Dramatic Entrance","floor":1.0},{"not_picked":["Perfected Strike","Replay:Parry"],"picked":"Infernal Blade","floor":3.0},{"not_picked":["Sword Boomerang","Warcry"],"picked":"Dramatic Entrance","floor":4.0},{"not_picked":["Anger","Replay:Undeath\u0027s Touch"],"picked":"Flex","floor":7.0},{"not_picked":["Demonic Infusion","Exhume"],"picked":"Midas Touch","floor":8.0},{"not_picked":["Mayhem","Midas Touch"],"picked":"Limit Break","floor":10.0},{"not_picked":["Exhume","Bludgeon"],"picked":"Transmutation","floor":13.0},{"not_picked":["Secret Weapon","Exhume"],"picked":"Offering","floor":16.0},{"not_picked":["Run Through","Perfected Strike"],"picked":"Specialist","floor":18.0},{"not_picked":["Metallicize+1","Reckless Charge+1","Shockwave"],"picked":"SKIP","floor":19.0},{"not_picked":["Mayhem","Immolate"],"picked":"Metamorphosis","floor":23.0},{"not_picked":["Berserk","ReplayUltimateDefense"],"picked":"ReplayTheSpireMod:Necrogeddon","floor":29.0},{"not_picked":["Magnetism","ReplayTheSpireMod:Brewmster"],"picked":"Exhume","floor":31.0},{"not_picked":["Fiend Fire","Metamorphosis"],"picked":"Limit Break","floor":33.0},{"not_picked":["Wild Strike+1","Clash"],"picked":"Abandon+1","floor":35.0},{"not_picked":["Anger+1","Battle Trance"],"picked":"Flash of Steel+1","floor":36.0},{"not_picked":["Poisoned Strike","ReplayUltimateDefense"],"picked":"Master of Strategy","floor":37.0},{"not_picked":["Mind Blast","Jack Of All Trades"],"picked":"ReplayTheSpireMod:Private Reserves","floor":37.0},{"not_picked":["Impatience","Forethought"],"picked":"ReplayTheSpireMod:Uncanny Aura","floor":37.0},{"not_picked":["Shrug It Off+1","Armaments+1","Cleave"],"picked":"SKIP","floor":38.0},{"not_picked":["ReplayTheSpireMod:Brewmster","Chrysalis+1"],"picked":"Panache","floor":41},{"not_picked":["ReplayUltimateDefense","Transmutation+1"],"picked":"Sadistic Nature","floor":44},{"not_picked":["Corruption","Violence+1"],"picked":"Apotheosis+1","floor":47},{"not_picked":["Anger+1","Flex+1"],"picked":"Panacea+1","floor":48}],"player_experience":53628,"relics_obtained":[{"floor":7.0,"key":"Incense Burner"},{"floor":8.0,"key":"FossilizedHelix"},{"floor":9.0,"key":"Bronze Scales"},{"floor":10.0,"key":"Regal Pillow"},{"floor":13.0,"key":"Pen Nib"},{"floor":22.0,"key":"InkBottle"},{"floor":23.0,"key":"Anchor"},{"floor":26.0,"key":"Akabeko"},{"floor":29.0,"key":"Replay:Towering Pillar of Hats"},{"floor":31.0,"key":"Tiny Chest"},{"floor":41,"key":"Toxic Egg 2"},{"floor":43,"key":"Bird Faced Urn"},{"floor":44,"key":"Champion Belt"},{"floor":47,"key":"Mango"},{"floor":49,"key":"Letter Opener"}],"event_choices":[{"damage_healed":0.0,"max_hp_gain":0.0,"max_hp_loss":0.0,"gold_gain":30.0,"event_name":"Dead Adventurer","player_choice":"Searched \u00273\u0027 times","floor":7.0,"gold_loss":0.0,"damage_taken":0.0},{"cards_removed":["Cleave"],"damage_healed":5.0,"max_hp_gain":0.0,"max_hp_loss":0.0,"gold_gain":0.0,"event_name":"Bonfire Elementals","player_choice":"Offered Common","floor":11.0,"gold_loss":0.0,"damage_taken":0.0},{"cards_removed":["Cleave"],"damage_healed":5.0,"max_hp_gain":0.0,"max_hp_loss":0.0,"gold_gain":0.0,"event_name":"Bonfire Elementals","player_choice":"Offered Special","floor":11.0,"gold_loss":0.0,"damage_taken":0.0},{"damage_healed":0.0,"max_hp_gain":0.0,"max_hp_loss":0.0,"gold_gain":0.0,"event_name":"Ghosts","player_choice":"Ignored","floor":21.0,"gold_loss":0.0,"damage_taken":0.0},{"damage_healed":0,"gold_gain":0,"player_choice":"Paid","damage_taken":0,"relics_obtained":["Red Mask"],"max_hp_gain":0,"max_hp_loss":0,"event_name":"Tomb of Lord Red Mask","floor":46,"gold_loss":78}],"is_beta":false,"boss_relics":[{"not_picked":["Black Blood","Replay:Ancient Bell"],"picked":"Electric Blood"},{"not_picked":["Honey Jar","Coffee Dripper"],"picked":"Cursed Key"}],"items_purged_floors":[20,20],"is_endless":false,"potions_floor_spawned":[1,3,3,4,8,10,13,13,13,16,18,19,19,23,23,31,33,35,35,36,36,38,41,44,47,47,48],"ascension_level":0}}