{"host":"onfdonezo2qmaex3","time":1613231792,"event":{"mods":["2.2 Compatiblity","AchievementEnabler","Act Like it!","Aspiration","BaseMod","Colored Powertips","Downfall","Friendly Minions","Gensokyo","Hallownest","Hermit","Highlight Path","Jorbs\u0027s Wanderer Trilogy","Marisa????????","Marked Mod","Minty Spire (QoL Compilation)","Quick Restart","Reliquary","Shop Mod","StSLib","The Disciple","The Hayseed","The Marked","The Runesmith"],"gold_per_floor":[118,11,11,28,28,59,59,59,59,59,59,89,89,108,108,213,213,226,92,92],"floor_reached":19,"language":"ENG","playtime":942,"items_purged":[],"score":173,"play_id":"9fec6571-75e8-4b85-aa9e-f7bcb89a66ab","local_time":"20210213165632","is_ascension_mode":false,"campfire_choices":[{"data":"hermit:Reprieve","floor":7,"key":"SMITH"},{"floor":11,"key":"RECALL"},{"data":"hermit:Snipe","floor":15,"key":"SMITH"}],"circlet_count":0,"master_deck":["hermit:Strike_Hermit","hermit:Strike_Hermit","hermit:Strike_Hermit","hermit:Strike_Hermit","hermit:Defend_Hermit","hermit:Defend_Hermit","hermit:Defend_Hermit","hermit:Defend_Hermit","hermit:Snapshot","hermit:Covet","hermit:Deadeye+1","hermit:Reprieve+1","Clumsy","Gensokyo:SummonJeweledCobra","hermit:SprayPray","Injury","hermit:Snipe+1","hermit:Magnum","hermit:Combo+1","Gensokyo:BlemishedSteel","Gensokyo:Shovel"],"relics":["hermit:Momento","NeowsBlessing","hexamod:CandleOfCauterizing","Gensokyo:NagashiBinaDoll","Gensokyo:Mercy","Bottled Flame","sneckomod:BlankCard","Gensokyo:Companionship","aspiration:RitualDagger"],"acts_visited":["Gensokyo:Gensokyo","Gensokyo:Gensokyoer"],"potions_floor_usage":[16],"damage_taken":[{"damage":0,"enemies":"Gensokyo:Python","floor":1,"turns":1},{"damage":0,"enemies":"Gensokyo:3_Fairies","floor":4,"turns":2},{"damage":1,"enemies":"Gensokyo:Cirno","floor":6,"turns":2},{"damage":25,"enemies":"Gensokyo:Mamizou","floor":12,"turns":8},{"damage":0,"enemies":"Gensokyo:Gryphon","floor":14,"turns":2},{"damage":16,"enemies":"Gensokyo:Reimu","floor":16,"turns":8},{"damage":19,"enemies":"Gensokyo:Chomper","floor":18,"turns":3},{"damage":0,"enemies":"Gensokyo:Chomper","floor":19,"turns":1}],"seed_played":"-4636820876084543533","potions_obtained":[{"floor":1,"key":"hermit:Tonic"},{"floor":12,"key":"SteroidPotion"},{"floor":18,"key":"Guardian:BlockOnCardUsePotion"}],"is_trial":false,"path_per_floor":["M","COS","?","M","$","E","R","?","T","?","R","E","?","M","R","B",null,"M","COS"],"character_chosen":"HERMIT","items_purchased":[],"campfire_rested":0,"item_purchase_floors":[],"current_hp_per_floor":[75,75,75,75,75,74,74,74,74,74,74,49,49,61,61,45,75,56,56,56],"gold":92,"neow_bonus":"THREE_ENEMY_KILL","is_daily":false,"chose_seed":false,"campfire_upgraded":2,"win_rate":0.0,"timestamp":1613231792,"path_taken":["M","COS","?","M","$","E","R","?","T","?","R","E","?","M","R","BOSS","M","COS"],"items_purchased_type":[],"build_version":"2020-12-22","purchased_purges":0,"victory":false,"max_hp_per_floor":[75,75,75,75,75,75,75,75,75,75,75,75,75,75,75,75,75,75,75,75],"card_choices":[{"not_picked":["hermit:Gestalt","hermit:Misfire"],"picked":"hermit:Deadeye","floor":1},{"not_picked":["hermit:Dive","hermit:Desperado"],"picked":"hermit:GoldenBullet","floor":4},{"not_picked":["hermit:EyeOfTheStorm","hermit:Feint"],"picked":"hermit:Reprieve","floor":6},{"not_picked":["hermit:Glare","hermit:EyeOfTheStorm"],"picked":"hermit:SprayPray","floor":12},{"not_picked":["hermit:ItchyTrigger","hermit:PistolWhip"],"picked":"hermit:Snipe","floor":14},{"not_picked":["hermit:Reprieve","hermit:HighNoon"],"picked":"hermit:Magnum","floor":16},{"not_picked":["hermit:Quickdraw","hermit:Brawl"],"picked":"hermit:Combo+1","floor":18}],"player_experience":182197,"relics_obtained":[{"floor":6,"key":"hexamod:CandleOfCauterizing"},{"floor":12,"key":"Bottled Flame"}],"event_choices":[],"is_beta":false,"boss_relics":[{"not_picked":["Snecko Eye","Busted Crown"],"picked":"aspiration:RitualDagger"}],"items_purged_floors":[],"is_endless":false,"potions_floor_spawned":[1,12,18],"killed_by":"Gensokyo:Chomper","ascension_level":0}}