{"host":"k7udt7atmcuzf6l0","time":1613219451,"event":{"mods":["AchievementEnabler","BaseMod","BetterRewards","Colored Map","Colored Powertips","Highlight Path","Minty Spire (QoL Compilation)","Quick Restart","Rare Cards Sparkle","StSLib","UnlockEverythingMod"],"gold_per_floor":[113,128,29,49,124,70,84,84,139,64,64,74,106,106,106,106,106],"floor_reached":16,"language":"ZHS","playtime":332,"items_purged":["Strike_R"],"score":100,"play_id":"e7c7c918-c5bf-40dc-a277-2aa21bc271c3","local_time":"20210213203051","is_ascension_mode":false,"campfire_choices":[{"data":"Flex","floor":8,"key":"SMITH"},{"data":"Dual Wield","floor":11,"key":"SMITH"},{"data":"Armaments","floor":15,"key":"SMITH"}],"circlet_count":0,"master_deck":["Strike_R","Strike_R","Strike_R","Strike_R","Defend_R","Defend_R","Defend_R","Defend_R","Bash","Pommel Strike","Dual Wield+1","Flex+1","Rage","Clash","Anger","Seeing Red","Armaments+1"],"relics":["Burning Blood","NeowsBlessing","Tiny Chest","Boot"],"acts_visited":["Exordium"],"potions_floor_usage":[12,16],"damage_taken":[{"damage":0.0,"enemies":"Small Slimes","floor":1.0,"turns":1.0},{"damage":0.0,"enemies":"Cultist","floor":2.0,"turns":1.0},{"damage":0.0,"enemies":"Jaw Worm","floor":4.0,"turns":1.0},{"damage":2,"enemies":"Gremlin Gang","floor":7,"turns":4},{"damage":16,"enemies":"Exordium Wildlife","floor":12,"turns":4},{"damage":20,"enemies":"Lagavulin","floor":13,"turns":5},{"damage":60,"enemies":"Hexaghost","floor":16,"turns":10}],"seed_played":"-2533035937410661329","potions_obtained":[{"floor":2.0,"key":"Dexterity Potion"},{"floor":7,"key":"Weak Potion"}],"is_trial":false,"path_per_floor":["M","M","$","M","?","$","M","R","T","$","R","M","E","?","R","B"],"character_chosen":"IRONCLAD","items_purchased":["Flex","Rage","Anger"],"campfire_rested":0,"item_purchase_floors":[3,3,6],"current_hp_per_floor":[80,80,80,80,72,72,76,76,76,76,76,66,52,57,57,0,0],"gold":106,"neow_bonus":"THREE_ENEMY_KILL","is_daily":false,"chose_seed":false,"campfire_upgraded":3,"win_rate":0.0,"timestamp":1613219451,"path_taken":["M","M","$","M","?","$","M","R","T","?","R","M","E","?","R","BOSS"],"items_purchased_type":["Card","Card","Card"],"build_version":"2020-12-22","purchased_purges":1,"victory":false,"max_hp_per_floor":[80,80,80,80,80,80,80,80,80,80,80,80,80,85,85,85,85],"card_choices":[{"not_picked":["Cleave","Anger"],"picked":"Pommel Strike","floor":1.0},{"not_picked":["Uppercut","Heavy Blade"],"picked":"Dual Wield","floor":2.0},{"not_picked":["Heavy Blade","True Grit"],"picked":"Clash","floor":4.0},{"not_picked":["Twin Strike","Intimidate"],"picked":"Seeing Red","floor":7},{"not_picked":["Pommel Strike","Warcry","Wild Strike"],"picked":"SKIP","floor":12},{"not_picked":["Anger","Brutality"],"picked":"Armaments","floor":13}],"player_experience":117733,"relics_obtained":[{"floor":9,"key":"Tiny Chest"},{"floor":13,"key":"Boot"}],"event_choices":[{"damage_healed":0,"gold_gain":75,"player_choice":"Touch","damage_taken":8,"max_hp_gain":0,"max_hp_loss":0,"event_name":"FaceTrader","floor":5,"gold_loss":0},{"damage_healed":0,"gold_gain":0,"player_choice":"Donut","damage_taken":0,"max_hp_gain":5,"max_hp_loss":0,"event_name":"Big Fish","floor":14,"gold_loss":0}],"is_beta":false,"boss_relics":[],"items_purged_floors":[10],"is_endless":false,"potions_floor_spawned":[2,7],"killed_by":"Hexaghost","ascension_level":0}}