{"host":"rtw1tnr74gozsrw1","time":1613185946,"event":{"mods":["BaseMod","Colored Map","Colored Powertips","Highlight Path","Infinite Spire","Minty Spire (QoL Compilation)","StSLib","The Jungle"],"gold_per_floor":[115,127,127,13,24,24,24,57,357,357,357,382,282,282,282,397,397,413,413,512,512,529,529,529,561,641,641,655,671,688,722,722,821,821,837,223,235,365,365,400,400,416,416,44,64,82,95,112,112,114,114,114,66,106,138],"floor_reached":56,"language":"ENG","playtime":2627,"items_purged":["Strike_B","Strike_B","Go for the Eyes","Dualcast"],"score":1628,"play_id":"73b5718a-7435-4c2a-b37f-607f775d2f8e","local_time":"20210213041226","is_ascension_mode":true,"campfire_choices":[{"data":"Defragment","floor":6.0,"key":"SMITH"},{"data":"Defragment","floor":10.0,"key":"SMITH"},{"floor":15.0,"key":"REST"},{"data":"infinitespire:Oblivion","floor":23.0,"key":"SMITH"},{"data":"Capacitor","floor":27.0,"key":"SMITH"},{"data":"Loop","floor":32.0,"key":"SMITH"},{"floor":41,"key":"REST"},{"floor":49,"key":"RECALL"},{"data":"Defragment","floor":52,"key":"SMITH"}],"circlet_count":1,"master_deck":["Capacitor+1","Defragment+1","Defragment+1","Self Repair","Loop+1","Amplify+1","Force Field+1","Compile Driver","Chill+1","Skim+1","Force Field+1","infinitespire:Oblivion+1","White Noise+1","infinitespire:FutureSight+1","Defragment+1"],"relics":["Cracked Core","NeowsBlessing","infinitespire:Midas Blood","Sundial","Old Coin","Toxic Egg 2","Pandora\u0027s Box","MutagenicStrength","Kunai","infinitespire:BottledMercury","infinitespire:CursedDice","Busted Crown","Ornamental Fan","Gremlin Horn","Peace Pipe","Circlet","infinitespire:Lucky Rock","Blood Vial","Lee\u0027s Waffle","Incense Burner"],"acts_visited":["Exordium","TheCity","TheBeyond","TheEnding"],"potions_floor_usage":[46,46,50,54,55],"damage_taken":[{"damage":0.0,"enemies":"Small Slimes","floor":1.0,"turns":1.0},{"damage":0.0,"enemies":"Jaw Worm","floor":2.0,"turns":1.0},{"damage":0.0,"enemies":"2 Louse","floor":5.0,"turns":1.0},{"damage":40.0,"enemies":"Lagavulin","floor":8.0,"turns":6.0},{"damage":14.0,"enemies":"Blue Slaver","floor":12.0,"turns":4.0},{"damage":37.0,"enemies":"Hexaghost","floor":16.0,"turns":9.0},{"damage":8.0,"enemies":"Chosen","floor":18.0,"turns":5.0},{"damage":0.0,"enemies":"3 Byrds","floor":22.0,"turns":4.0},{"damage":0.0,"enemies":"Gremlin Leader","floor":25.0,"turns":5.0},{"damage":0.0,"enemies":"Cultist and Chosen","floor":28.0,"turns":5.0},{"damage":0.0,"enemies":"Snecko","floor":29.0,"turns":5.0},{"damage":12.0,"enemies":"3 Cultists","floor":30.0,"turns":4.0},{"damage":4.0,"enemies":"Book of Stabbing","floor":31.0,"turns":4.0},{"damage":0.0,"enemies":"Collector","floor":33.0,"turns":4.0},{"damage":0.0,"enemies":"3 Darklings","floor":35.0,"turns":3.0},{"damage":6.0,"enemies":"3 Shapes","floor":37.0,"turns":3.0},{"damage":12.0,"enemies":"infinitespire:Three Voidlings","floor":38.0,"turns":3.0},{"damage":89.0,"enemies":"Nightmare_Alpha","floor":38.0,"turns":8.0},{"damage":0,"enemies":"Giant Head","floor":40,"turns":3},{"damage":0,"enemies":"Maw","floor":42,"turns":3},{"damage":10,"enemies":"Spire Growth","floor":45,"turns":3},{"damage":15,"enemies":"Transient","floor":46,"turns":4},{"damage":0,"enemies":"3 Darklings","floor":47,"turns":3},{"damage":0,"enemies":"Maw","floor":48,"turns":3},{"damage":3,"enemies":"infinitespire:MassOfShapes","floor":50,"turns":3},{"damage":21,"enemies":"Shield and Spear","floor":54,"turns":3},{"damage":20,"enemies":"The Heart","floor":55,"turns":6}],"seed_played":"-6858984417248233878","potions_obtained":[{"floor":5.0,"key":"Energy Potion"},{"floor":8.0,"key":"EssenceOfDarkness"},{"floor":12.0,"key":"FairyPotion"},{"floor":16.0,"key":"SmokeBomb"},{"floor":45,"key":"PotionOfCapacity"},{"floor":46,"key":"Swift Potion"},{"floor":47,"key":"LiquidMemories"},{"floor":54,"key":"Explosive Potion"}],"is_trial":false,"path_per_floor":["M","M","?","$","M","R","?","E","T","R","?","M","$","T","R","B",null,"M","AVR","?","?","M","R","?","E","T","R","M","M","M","E","R","B",null,"M","$","M","?","?","E","R","M","T","$","M","M","M","M","R","B",null,"R","$","E","B",null],"character_chosen":"DEFECT","items_purchased":["Defragment","Ornamental Fan","Gremlin Horn","Defragment","Blood Vial","Lee\u0027s Waffle","Energy Potion"],"campfire_rested":2,"item_purchase_floors":[4,36,36,44,44,44,53],"current_hp_per_floor":[75,75,75,75,75,75,72,39,39,39,39,32,32,32,54,24,62,61,61,61,61,68,68,68,75,75,75,75,75,70,73,73,75,75,75,75,75,12,12,19,41,48,48,82,79,80,82,82,82,82,82,82,82,68,57],"gold":138,"neow_bonus":"THREE_ENEMY_KILL","is_daily":false,"chose_seed":false,"campfire_upgraded":6,"win_rate":0.0,"timestamp":1613185946,"path_taken":["M","M","?","$","M","R","?","E","T","R","?","M","$","?","R","BOSS","M","AVR","?","?","M","R","?","E","T","R","M","M","M","E","R","BOSS","M","$","M","?","?","E","R","M","T","$","?","M","?","M","R","BOSS","R","$","E","BOSS"],"items_purchased_type":["Card","Relic","Relic","Card","Relic","Relic","Potion"],"build_version":"2020-12-22","purchased_purges":4,"victory":true,"max_hp_per_floor":[75,75,75,75,75,75,75,75,75,75,75,75,75,75,75,75,75,75,75,75,75,75,75,75,75,75,75,75,75,75,75,75,75,75,75,75,75,75,75,75,75,75,75,82,82,82,82,82,82,82,82,82,82,82,82],"card_choices":[{"not_picked":["Compile Driver","Cold Snap"],"picked":"Capacitor","floor":1.0},{"not_picked":["Storm","Barrage"],"picked":"Defragment","floor":2.0},{"not_picked":["Scrape","Go for the Eyes"],"picked":"Self Repair","floor":5.0},{"not_picked":["Melter","Hello World","Fusion"],"picked":"SKIP","floor":8.0},{"not_picked":["Doom and Gloom","Aggregate"],"picked":"Loop","floor":12.0},{"not_picked":["Creative AI","Fission+1"],"picked":"Amplify+1","floor":16.0},{"not_picked":["Ball Lightning+1","Doom and Gloom"],"picked":"Force Field+1","floor":18.0},{"not_picked":["Turbo+1","Streamline","Reprogram+1"],"picked":"SKIP","floor":22.0},{"not_picked":["Amplify+1","Ball Lightning"],"picked":"White Noise+1","floor":25.0},{"not_picked":["Stack+1","Ball Lightning","Static Discharge+1"],"picked":"SKIP","floor":28.0},{"not_picked":["Go for the Eyes","Turbo+1","Scrape"],"picked":"SKIP","floor":29.0},{"not_picked":["Stack+1","Go for the Eyes+1","Storm+1"],"picked":"SKIP","floor":30.0},{"not_picked":["Rip and Tear","Redo+1","Beam Cell+1"],"picked":"SKIP","floor":31.0},{"not_picked":["Heatsinks+1"],"picked":"SKIP","floor":35.0},{"not_picked":["Coolheaded+1"],"picked":"SKIP","floor":37.0},{"not_picked":["infinitespire:SealOfDarkness+","infinitespire:TheBestDefense"],"picked":"infinitespire:FutureSight","floor":38},{"not_picked":["Blizzard+1"],"picked":"SKIP","floor":40},{"not_picked":["Conserve Battery+1"],"picked":"SKIP","floor":42},{"not_picked":["Darkness+1"],"picked":"SKIP","floor":45},{"not_picked":["Beam Cell"],"picked":"SKIP","floor":46},{"not_picked":["Compile Driver"],"picked":"SKIP","floor":47},{"not_picked":["Reinforced Body+1"],"picked":"SKIP","floor":48},{"not_picked":["Ball Lightning"],"picked":"SKIP","floor":54}],"player_experience":158227,"relics_obtained":[{"floor":8.0,"key":"Sundial"},{"floor":9.0,"key":"Old Coin"},{"floor":14.0,"key":"Toxic Egg 2"},{"floor":25.0,"key":"Kunai"},{"floor":26.0,"key":"infinitespire:BottledMercury"},{"floor":31.0,"key":"infinitespire:CursedDice"},{"floor":38,"key":"Peace Pipe"},{"floor":40,"key":"infinitespire:Lucky Rock"},{"floor":54,"key":"Incense Burner"}],"event_choices":[{"cards_removed":["Strike_B"],"damage_healed":0.0,"max_hp_gain":0.0,"max_hp_loss":0.0,"gold_gain":0.0,"event_name":"Living Wall","player_choice":"Forget","floor":3.0,"gold_loss":0.0,"damage_taken":0.0},{"damage_healed":0.0,"max_hp_gain":0.0,"max_hp_loss":0.0,"gold_gain":0.0,"event_name":"Scrap Ooze","player_choice":"Success","floor":7.0,"gold_loss":0.0,"damage_taken":3.0,"relics_obtained":["infinitespire:Midas Blood"]},{"damage_healed":0.0,"max_hp_gain":0.0,"max_hp_loss":0.0,"gold_gain":99.0,"event_name":"Nest","player_choice":"Stole From Cult","floor":20.0,"gold_loss":0.0,"damage_taken":0.0},{"damage_healed":0.0,"max_hp_gain":0.0,"max_hp_loss":0.0,"gold_gain":0.0,"event_name":"Ghosts","player_choice":"Ignored","floor":21.0,"gold_loss":0.0,"damage_taken":0.0},{"damage_healed":0.0,"max_hp_gain":0.0,"max_hp_loss":0.0,"gold_gain":0.0,"event_name":"Drug Dealer","player_choice":"Inject Mutagens","floor":24.0,"gold_loss":0.0,"damage_taken":0.0,"relics_obtained":["MutagenicStrength"]},{"damage_healed":0,"gold_gain":0,"player_choice":"Inject Mutagens","damage_taken":0,"relics_obtained":["Circlet"],"max_hp_gain":0,"max_hp_loss":0,"event_name":"Drug Dealer","floor":38,"gold_loss":0},{"cards_removed":["Zap"],"damage_healed":0,"gold_gain":0,"player_choice":"Offered Basic","damage_taken":0,"max_hp_gain":0,"max_hp_loss":0,"event_name":"Bonfire Elementals","floor":39,"gold_loss":0}],"is_beta":false,"boss_relics":[{"not_picked":["Coffee Dripper","Runic Pyramid"],"picked":"Pandora\u0027s Box"},{"not_picked":["Tiny House","Fusion Hammer"],"picked":"Busted Crown"}],"items_purged_floors":[4,13,19,36],"is_endless":false,"potions_floor_spawned":[5,8,12,16,18,29,30,31,33,37,38,45,46,47,54],"ascension_level":5}}