{"host":"Soul","time":1613215768,"event":{"mods":["Act Like it!","BaseMod","Lobotomy","Minty Spire (QoL Compilation)","StSLib"],"gold_per_floor":[112,127,127,141,155,180,255,205,205,82,257,257,276,36,36,138,138,156,85,95,95,113,113,133,25,25,41,41,141,141,157,157,256,256,270,117,167,167,185,212,212,212],"floor_reached":41,"language":"ZHS","playtime":1781,"items_purged":["Strike_R","Doubt"],"score":446,"play_id":"ccaf774c-da3e-4ff1-9fda-87e1e0b91184","local_time":"20210213192928","is_ascension_mode":false,"campfire_choices":[{"data":"Cleave","floor":12.0,"key":"SMITH"},{"floor":15.0,"key":"REST"},{"data":"Flex","floor":23.0,"key":"SMITH"},{"floor":28.0,"key":"REST"},{"floor":32.0,"key":"REST"}],"circlet_count":0,"master_deck":["Strike_R","Strike_R","Defend_R","CrumblingArmor","RedShoes","Cleave+1","Whirlwind","BigBird","Twin Strike","Battle Trance","Exhume","Pummel","Inflame+1","Flex+1","Thunderclap+1","FieryBird","Spot Weakness","Pummel","CENSORED","Feed+1","Rupture","LaLuna","Disarm"],"relics":["Burning Blood","CogitoBucket","RabbitCall","Anchor","Lizard Tail","Shuriken","FleshIdol","Philosopher\u0027s Stone","HellTrain","Molten Egg 2","Matryoshka","Girya","Empty Cage","AtMidnight","AspirationHeart","Pen Nib","Unceasing Top","Turnip"],"acts_visited":["Exordium","TheCity","TheBeyond"],"potions_floor_usage":[37],"damage_taken":[{"damage":5.0,"enemies":"Small Slimes","floor":1.0,"turns":4.0},{"damage":10.0,"enemies":"Jaw Worm","floor":2.0,"turns":4.0},{"damage":0.0,"enemies":"2 Louse","floor":4.0,"turns":2.0},{"damage":9.0,"enemies":"Exordium Wildlife","floor":5.0,"turns":3.0},{"damage":9.0,"enemies":"3 Sentries","floor":6.0,"turns":5.0},{"damage":21.0,"enemies":"Looter","floor":13.0,"turns":4.0},{"damage":49.0,"enemies":"Hexaghost","floor":16.0,"turns":6.0},{"damage":4.0,"enemies":"Chosen","floor":18.0,"turns":3.0},{"damage":9.0,"enemies":"3 Byrds","floor":20.0,"turns":3.0},{"damage":28.0,"enemies":"Sentry and Sphere","floor":22.0,"turns":4.0},{"damage":43.0,"enemies":"Shelled Parasite and Fungi","floor":24.0,"turns":4.0},{"damage":4.0,"enemies":"Cultist and Chosen","floor":27.0,"turns":2.0},{"damage":22.0,"enemies":"Colosseum Slavers","floor":29.0,"turns":3.0},{"damage":10.0,"enemies":"Colosseum Nobs","floor":29.0,"turns":3.0},{"damage":14.0,"enemies":"Snake Plant","floor":31.0,"turns":2.0},{"damage":51.0,"enemies":"Collector","floor":33.0,"turns":5.0},{"damage":64.0,"enemies":"3 Darklings","floor":35.0,"turns":5.0},{"damage":61,"enemies":"Mind Bloom Boss Battle","floor":37,"turns":5},{"damage":59,"enemies":"Orb Walker","floor":39,"turns":4},{"damage":93,"enemies":"Giant Head","floor":40,"turns":7},{"damage":87,"enemies":"Maw","floor":41,"turns":5}],"seed_played":"334686372192011457","potions_obtained":[{"floor":5.0,"key":"Weak Potion"},{"floor":13.0,"key":"Explosive Potion"},{"floor":16.0,"key":"SpeedPotion"},{"floor":18.0,"key":"Ancient Potion"},{"floor":27.0,"key":"DistilledChaos"},{"floor":29.0,"key":"Swift Potion"},{"floor":33.0,"key":"ColorlessPotion"},{"floor":37,"key":"ColorlessPotion"},{"floor":40,"key":"Fire Potion"}],"is_trial":false,"path_per_floor":["M","M","?","M","M","E","?","?","T","$","?","R","M","$","R","B",null,"M","$","M","?","M","R","M","$","T","M","R","?","?","M","R","B",null,"M","$","?","?","M","E","M"],"character_chosen":"IRONCLAD","items_purchased":["Cleave","Twin Strike","Strength Potion","Battle Trance","Inflame","Spot Weakness","Pummel","Pen Nib"],"campfire_rested":3,"item_purchase_floors":[10,14,14,14,19,25,25,36],"current_hp_per_floor":[80,76,64,70,67,64,53,53,53,53,53,53,38,38,62,21,80,80,80,77,77,55,55,18,18,18,20,44,24,24,16,40,23,80,74,74,51,51,31,53,0,0],"gold":212,"neow_bonus":"","is_daily":false,"chose_seed":false,"campfire_upgraded":2,"win_rate":0.0,"timestamp":1613215768,"path_taken":["M","M","?","M","M","E","?","?","T","$","?","R","M","$","R","BOSS","M","$","M","?","M","R","?","?","T","M","R","?","?","?","R","BOSS","M","$","?","?","?","E","M"],"items_purchased_type":["Card","Card","Potion","Card","Card","Card","Card","Relic"],"build_version":"2020-12-18","purchased_purges":2,"victory":false,"max_hp_per_floor":[80,80,80,80,80,80,80,80,80,80,80,80,80,80,80,80,80,80,80,80,80,80,80,80,80,80,80,80,80,80,80,80,80,80,98,98,98,98,98,98,98,98],"card_choices":[{"not_picked":["PunishingBird","Murderer","OldLady"],"picked":"Singing Bowl","floor":1.0},{"not_picked":["Rupture","Dual Wield","Warcry"],"picked":"SKIP","floor":1.0},{"not_picked":["CherryBlossoms","PunishingBird","MHz"],"picked":"Singing Bowl","floor":2.0},{"not_picked":["MHz","OldLady"],"picked":"CrumblingArmor","floor":2.0},{"not_picked":["Second Wind","Headbutt","Brutality"],"picked":"SKIP","floor":2.0},{"not_picked":["FairyFestival","OSAHOGD","MeatLantern"],"picked":"Singing Bowl","floor":4.0},{"not_picked":["Blood for Blood","Hemokinesis","Anger"],"picked":"SKIP","floor":4.0},{"not_picked":["Blood for Blood","Hemokinesis","Anger"],"picked":"SKIP","floor":4.0},{"not_picked":["OSAHOGD","WhitesApple","BeautyBeast"],"picked":"Singing Bowl","floor":5.0},{"not_picked":["Anger","Hemokinesis","True Grit"],"picked":"SKIP","floor":5.0},{"not_picked":["OldLady","WhitesApple"],"picked":"RedShoes","floor":6.0},{"not_picked":["Sentinel","Dropkick","Headbutt"],"picked":"SKIP","floor":6.0},{"not_picked":["Sentinel","Dropkick","Headbutt"],"picked":"SKIP","floor":6.0},{"not_picked":["Clothesline","Dual Wield"],"picked":"Whirlwind","floor":13.0},{"not_picked":["Scorched","MHz"],"picked":"BigBird","floor":13.0},{"not_picked":["Impervious","Feed"],"picked":"Exhume","floor":16.0},{"not_picked":["BeautyBeast","WallGazer","MeatLantern"],"picked":"Singing Bowl","floor":16.0},{"not_picked":["Pommel Strike+1","Seeing Red"],"picked":"Pummel","floor":18.0},{"not_picked":["Murderer","WhitesApple","UniverseFragment"],"picked":"Singing Bowl","floor":18.0},{"not_picked":["Sword Boomerang","Warcry"],"picked":"Flex","floor":20.0},{"not_picked":["Murderer","Laetitia","HappyTeddy"],"picked":"Singing Bowl","floor":20.0},{"not_picked":["Dropkick","Warcry"],"picked":"Thunderclap+1","floor":22.0},{"not_picked":["BeautyBeast","Scorched","ShyLook"],"picked":"Singing Bowl","floor":22.0},{"not_picked":["Bloodbath","BlackArmy"],"picked":"FieryBird","floor":22.0},{"not_picked":["VoidDream","Rudolta","HeroicMonk"],"picked":"Singing Bowl","floor":24.0},{"not_picked":["Cleave","Disarm+1","Anger+1"],"picked":"SKIP","floor":24.0},{"not_picked":["Cleave","Disarm+1","Anger+1"],"picked":"SKIP","floor":24.0},{"not_picked":["BlackSwan","SpiderBud","NothingThere"],"picked":"Singing Bowl","floor":27.0},{"not_picked":["Carnage+1","Heavy Blade+1","Sever Soul+1"],"picked":"SKIP","floor":27.0},{"not_picked":["QueenOfHatred","MeatLantern","GalaxyChild"],"picked":"Singing Bowl","floor":29.0},{"not_picked":["SingingMachine","Woodsman"],"picked":"CENSORED","floor":31.0},{"not_picked":["Cleave+1","Shrug It Off+1","Sever Soul+1"],"picked":"SKIP","floor":31.0},{"not_picked":["Cleave+1","Shrug It Off+1","Sever Soul+1"],"picked":"SKIP","floor":31.0},{"not_picked":["Rudolta","MeatLantern","WhitesApple"],"picked":"Singing Bowl","floor":33.0},{"not_picked":["Exhume","Impervious"],"picked":"Feed+1","floor":33.0},{"not_picked":["Hemokinesis+1","Disarm"],"picked":"Rupture","floor":35.0},{"not_picked":["Bloodbath","Freischutz","MHz"],"picked":"Singing Bowl","floor":35.0},{"not_picked":["BlackSwan","SilentOrchestra"],"picked":"LaLuna","floor":37},{"not_picked":["Yin","QueenOfHatred","BigBadWolf"],"picked":"Singing Bowl","floor":39},{"not_picked":["Demon Form","Carnage+1","Twin Strike+1"],"picked":"SKIP","floor":39},{"not_picked":["Freischutz","Scarecrow","Yin"],"picked":"Singing Bowl","floor":40},{"not_picked":["Shrug It Off","Metallicize+1","Clash+1"],"picked":"SKIP","floor":40}],"player_experience":311876,"relics_obtained":[{"floor":6.0,"key":"Lizard Tail"},{"floor":9.0,"key":"Shuriken"},{"floor":26.0,"key":"Molten Egg 2"},{"floor":29.0,"key":"Matryoshka"},{"floor":29.0,"key":"Girya"},{"floor":35.0,"key":"AtMidnight"},{"floor":37,"key":"Unceasing Top"},{"floor":40,"key":"Turnip"}],"event_choices":[{"damage_healed":0.0,"max_hp_gain":0.0,"max_hp_loss":0.0,"gold_gain":0.0,"event_name":"Scrap Ooze","player_choice":"Success","floor":3.0,"gold_loss":0.0,"damage_taken":12.0,"relics_obtained":["Anchor"]},{"damage_healed":0.0,"max_hp_gain":0.0,"max_hp_loss":0.0,"gold_gain":75.0,"event_name":"World of Goop","player_choice":"Gather Gold","floor":7.0,"gold_loss":0.0,"damage_taken":11.0},{"cards_removed":["Strike_R"],"damage_healed":0.0,"max_hp_gain":0.0,"max_hp_loss":0.0,"gold_gain":0.0,"event_name":"The Cleric","player_choice":"Card Removal","floor":8.0,"gold_loss":50.0,"damage_taken":0.0},{"damage_healed":0.0,"max_hp_gain":0.0,"max_hp_loss":0.0,"gold_gain":175.0,"event_name":"Liars Game","player_choice":"AGREE","floor":11.0,"gold_loss":0.0,"damage_taken":0.0,"cards_obtained":["Doubt"]},{"damage_healed":0.0,"max_hp_gain":0.0,"max_hp_loss":0.0,"gold_gain":0.0,"event_name":"Upgrade Shrine","player_choice":"Upgraded","floor":21.0,"gold_loss":0.0,"damage_taken":0.0,"cards_upgraded":["Inflame"]},{"damage_healed":0.0,"max_hp_gain":0.0,"max_hp_loss":0.0,"gold_gain":0.0,"event_name":"Colosseum","player_choice":"Fight","floor":29.0,"gold_loss":0.0,"damage_taken":0.0},{"damage_healed":0.0,"max_hp_gain":0.0,"max_hp_loss":0.0,"gold_gain":0.0,"event_name":"Colosseum","player_choice":"Fought Nobs","floor":29.0,"gold_loss":0.0,"damage_taken":0.0},{"cards_removed":["Defend_R"],"damage_healed":0.0,"max_hp_gain":0.0,"max_hp_loss":0.0,"gold_gain":0.0,"event_name":"Back to Basics","player_choice":"Elegance","floor":30.0,"gold_loss":0.0,"damage_taken":0.0},{"damage_healed":0,"gold_gain":0,"player_choice":"Fight","damage_taken":0,"max_hp_gain":0,"max_hp_loss":0,"event_name":"MindBloom","floor":37,"gold_loss":0},{"damage_healed":0,"gold_gain":0,"cards_transformed":["Defend_R"],"player_choice":"Transformed","damage_taken":0,"max_hp_gain":0,"max_hp_loss":0,"event_name":"Transmorgrifier","floor":38,"gold_loss":0,"cards_obtained":["Disarm"]}],"is_beta":true,"boss_relics":[{"not_picked":["Calling Bell","SlaversCollar"],"picked":"Philosopher\u0027s Stone"},{"not_picked":["Coffee Dripper","Cursed Key"],"picked":"Empty Cage"}],"items_purged_floors":[10,14],"is_endless":false,"potions_floor_spawned":[5,13,16,18,27,29,33,37,40],"killed_by":"Maw","ascension_level":0}}