{"host":"24j0rle15g8q9bc9","time":1613184995,"event":{"mods":["2.2 Compatiblity","Act Like it!","Bartender","BaseMod","Better Note","Colored Map","Colored Powertips","DeckTracker","Downfall","Elementarium","Hallownest","Hubris","Jorbs\u0027s Wanderer Trilogy","Minty Spire (QoL Compilation)","Rare Cards Sparkle","Remilia??????","StSLib","The Bug Knight","The Death Knight","The Necromancer","Treasure Hunter"],"gold_per_floor":[115,115,115,132,144,177,193,193,220,232,263,303,332,355,367,477,489,515,545,314,333,350,381,381,381,426,458,472,505,505,517,517,517,517],"floor_reached":33,"language":"ENG","playtime":2193,"items_purged":[],"score":321,"play_id":"f34b54b9-af1a-447e-8aee-d57b1ca4a90e","local_time":"20210212225635","is_ascension_mode":false,"campfire_choices":[{"data":"Death_March_Dance","floor":8,"key":"SMITH"},{"floor":15,"key":"REST"},{"floor":24,"key":"REST"},{"floor":30,"key":"REST"},{"floor":32,"key":"REST"}],"circlet_count":0,"master_deck":["Strike_W","Strike_W","Strike_W","Strike_W","Defend_W","Defend_W","Defend_W","Negative_Energy_Arrows","Bone_Wall","Death_March_Dance+1","Death_Coil","Negative_Energy_Javelin","Stop_Heart","Bone_Spikes","Bone_Armor","Summon_Vampire_Lady","Shackles_Of_Pain","Negative_Energy_Javelin","Violent_Necrosis"],"relics":["Vampire_Amulet","hubris:Icosahedron","hubris:SlimyHat","MawBank","HollowMod:StagPassRelic","hubris:ScarierMask","hubris:BottledRain","hubris:AstralHammer","Anchor","Regal Pillow","Darkstone Periapt"],"acts_visited":["Exordium","TheCity"],"potions_floor_usage":[6,6,6,16,23,27,29,33],"damage_taken":[{"damage":1,"enemies":"Cultist","floor":1,"turns":4},{"damage":14,"enemies":"Jaw Worm","floor":4,"turns":4},{"damage":2,"enemies":"Small Slimes","floor":5,"turns":4},{"damage":23,"enemies":"Gremlin Nob","floor":6,"turns":5},{"damage":6,"enemies":"3 Louse","floor":7,"turns":3},{"damage":0,"enemies":"Large Slime","floor":11,"turns":5},{"damage":18,"enemies":"3 Sentries","floor":12,"turns":7},{"damage":15,"enemies":"Exordium Thugs","floor":13,"turns":5},{"damage":9,"enemies":"3 Louse","floor":14,"turns":3},{"damage":76,"enemies":"The Guardian","floor":16,"turns":10},{"damage":21,"enemies":"2 Thieves","floor":18,"turns":4},{"damage":0,"enemies":"Chosen","floor":19,"turns":4},{"damage":14,"enemies":"Snake Plant","floor":21,"turns":4},{"damage":26,"enemies":"3 Cultists","floor":22,"turns":4},{"damage":64,"enemies":"Book of Stabbing","floor":23,"turns":6},{"damage":11,"enemies":"HollowMod:Nosk","floor":27,"turns":7},{"damage":19,"enemies":"Chosen and Byrds","floor":28,"turns":5},{"damage":23,"enemies":"Book of Stabbing","floor":29,"turns":5},{"damage":14,"enemies":"Snecko","floor":31,"turns":5},{"damage":101,"enemies":"Collector","floor":33,"turns":7}],"seed_played":"-5234916175232099545","potions_obtained":[{"floor":1,"key":"DistilledChaos"},{"floor":4,"key":"DeathKnight:RimePotion"},{"floor":5,"key":"Fire Potion"},{"floor":13,"key":"FearPotion"},{"floor":16,"key":"EssenceOfSteel"},{"floor":18,"key":"Fire Potion"},{"floor":23,"key":"AttackPotion"},{"floor":29,"key":"SkillPotion"}],"is_trial":false,"path_per_floor":["M","?","?","M","M","E","M","R","T","?","M","E","M","M","R","B",null,"M","M","$","M","M","E","R","?","T","E","M","E","R","M","R","B"],"character_chosen":"NECROMANCER","items_purchased":["hubris:BottledRain"],"campfire_rested":4,"item_purchase_floors":[20],"current_hp_per_floor":[82,82,82,70,72,51,51,51,51,78,82,70,71,68,82,29,82,72,74,74,62,66,10,34,34,34,41,30,21,60,48,82,0,0],"gold":517,"neow_bonus":"TEN_PERCENT_HP_BONUS","is_daily":false,"chose_seed":false,"campfire_upgraded":1,"win_rate":0.0,"timestamp":1613184995,"path_taken":["M","?","?","M","M","E","M","R","T","?","M","E","M","M","R","BOSS","M","M","$","M","M","E","R","?","T","E","M","E","R","M","R","BOSS"],"items_purchased_type":["Relic"],"build_version":"2020-12-22","purchased_purges":0,"victory":false,"max_hp_per_floor":[82,82,82,82,82,82,82,82,82,82,82,82,82,82,82,82,82,82,82,82,82,82,82,82,82,82,82,82,82,82,82,82,82,82],"card_choices":[{"not_picked":["Life_Tap","Bone_Prison"],"picked":"Death_March_Dance","floor":1},{"not_picked":["Summon_Undead_Army","Toxic_Smoke_Screen"],"picked":"Death_Coil","floor":4},{"not_picked":["Death_Knell","Summon_Undead_Army"],"picked":"Negative_Energy_Javelin","floor":5},{"not_picked":["Slay_Living","Toxic_Smoke_Screen"],"picked":"Stop_Heart","floor":6},{"not_picked":["TH:ArmorSpikes","TH:CopperCoins"],"picked":"SKIP","floor":6},{"not_picked":["Shade_Step","Blood_Whip"],"picked":"Bone_Spikes","floor":7},{"not_picked":["TH:EnergyPotion","TH:TreasureMap"],"picked":"SKIP","floor":9},{"not_picked":["Negative_Energy_Burst","Toxic_Smoke_Screen"],"picked":"Bone_Armor","floor":11},{"not_picked":["Negative_Energy_Mist","Consume_Illness"],"picked":"Summon_Vampire_Lady","floor":12},{"not_picked":["TH:Mimic","TH:CopperCoins"],"picked":"SKIP","floor":12},{"not_picked":["Whirlwind_of_Bones","Death_March_Dance","Thousand_Bone_Knives"],"picked":"SKIP","floor":13},{"not_picked":["Consume_Illness","Toxic_Smoke_Screen","Vampiric_Strike"],"picked":"SKIP","floor":14},{"not_picked":["Blood_Curse","Thousand_Bone_Knives","Negative_Energy_Sphere"],"picked":"SKIP","floor":18},{"not_picked":["Bone_Armor","Bone_Spikes"],"picked":"Shackles_Of_Pain","floor":19},{"not_picked":["Shackles_Of_Pain","Bone_Shift","Toxic_Smoke_Screen"],"picked":"SKIP","floor":21},{"not_picked":["Bone_Armor","Acid_Javelin","Reap_The_Weak"],"picked":"SKIP","floor":22},{"not_picked":["TH:BikiniMail","TH:EnergyPotion"],"picked":"SKIP","floor":23},{"not_picked":["Negative_Energy_Sphere","Blood_Wake","Flesh_Made_Foul"],"picked":"SKIP","floor":23},{"not_picked":["TH:CursedSword","TH:DeckOfManyThings"],"picked":"SKIP","floor":26},{"not_picked":["TH:BikiniMail","TH:DeckOfManyThings"],"picked":"SKIP","floor":27},{"not_picked":["Spectral_Armor","Negative_Energy_Shield","Reap_The_Weak"],"picked":"SKIP","floor":27},{"not_picked":["Bones_to_Steel","Toxic_Smoke_Screen+1"],"picked":"Negative_Energy_Javelin","floor":28},{"not_picked":["TH:TreasureMap","TH:EnergyPotion"],"picked":"SKIP","floor":29},{"not_picked":["Chill_Blood","Bone_Spikes","Hellfire"],"picked":"SKIP","floor":29},{"not_picked":["Life_Tap","Scare"],"picked":"Violent_Necrosis","floor":31}],"player_experience":34842,"relics_obtained":[{"floor":6,"key":"hubris:SlimyHat"},{"floor":9,"key":"MawBank"},{"floor":12,"key":"HollowMod:StagPassRelic"},{"floor":23,"key":"hubris:AstralHammer"},{"floor":26,"key":"Anchor"},{"floor":27,"key":"Regal Pillow"},{"floor":29,"key":"Darkstone Periapt"}],"event_choices":[{"damage_healed":0,"gold_gain":0,"player_choice":"Leave","damage_taken":0,"max_hp_gain":0,"max_hp_loss":0,"event_name":"The Cleric","floor":2,"gold_loss":0},{"damage_healed":27,"gold_gain":0,"player_choice":"Banana","damage_taken":0,"max_hp_gain":0,"max_hp_loss":0,"event_name":"Big Fish","floor":10,"gold_loss":0},{"cards_removed":["Defend_W"],"damage_healed":0,"gold_gain":0,"player_choice":"Purged","damage_taken":0,"max_hp_gain":0,"max_hp_loss":0,"event_name":"Purifier","floor":25,"gold_loss":0}],"is_beta":false,"boss_relics":[{"not_picked":["Astrolabe","Coffee Dripper"],"picked":"hubris:ScarierMask"}],"items_purged_floors":[],"is_endless":false,"potions_floor_spawned":[1,4,5,13,16,18,23,29],"killed_by":"Collector","ascension_level":0}}