{"host":"5y2vm16xfq9gfmb2","time":1613193919,"event":{"mods":["AchievementEnabler","BaseMod","Better Third Choice","Colored Map","Colored Powertips","DeckTracker","Marisa????????","Minty Spire (QoL Compilation)","Rare Cards Sparkle","Relic Stats","StSLib","The Alterego","The Animator","The Marked","The Servant 0.9.4"],"gold_per_floor":[124,84,102,102,177,177,177,177,177,194,194,194,220,240,240,365,390,412,489,489,489,502,502,522,522,574,590,647,651,651],"floor_reached":29,"language":"ENG","playtime":1365,"items_purged":[],"score":238,"play_id":"06446817-6c34-4e8f-a8a8-2bfff630336b","local_time":"20210213002519","is_ascension_mode":false,"campfire_choices":[{"floor":6.0,"key":"RECALL"},{"data":"animator:Aisha","floor":11.0,"key":"SMITH"},{"floor":15.0,"key":"REST"},{"floor":23,"key":"REST"},{"floor":25,"key":"REST"}],"circlet_count":0,"master_deck":["animator:Defend_OnePunchMan","animator:Genos","animator:MumenRider","animator:Aisha+1","animator:Lu","animator:Millim","animator:Evileye","animator:Gilgamesh+6","animator:Melzalgald","animator:Chris","animator:Raven","animator:Sora","animator:Aqua+1","animator:Kazuma+1","animator:Konayuki+1","animator:Souei+1","Bite","Bite","Bite","Bite","Bite","animator:Mitsurugi","animator:Benimaru+1","animator:Mitsurugi","animator:SakuraMatou+1","animator:Entoma+1","animator:HigakiRinne"],"relics":["animator:LivingPicture","animator:TheMissingPiece","animator:PurgingStone","NeowsBlessing","Dream Catcher","Nunchaku","Astrolabe","Red Skull","Blood Vial","Red Mask"],"acts_visited":["Exordium","TheCity"],"potions_floor_usage":[29,29,29],"damage_taken":[{"damage":0.0,"enemies":"Small Slimes","floor":1.0,"turns":1.0},{"damage":0.0,"enemies":"Jaw Worm","floor":3.0,"turns":1.0},{"damage":0.0,"enemies":"Cultist","floor":10.0,"turns":1.0},{"damage":11.0,"enemies":"Blue Slaver","floor":13.0,"turns":3.0},{"damage":12.0,"enemies":"Red Slaver","floor":14.0,"turns":2.0},{"damage":46.0,"enemies":"Hexaghost","floor":16.0,"turns":9.0},{"damage":21.0,"enemies":"Chosen","floor":18.0,"turns":5.0},{"damage":0.0,"enemies":"Spheric Guardian","floor":22.0,"turns":3.0},{"damage":23,"enemies":"Centurion and Healer","floor":24,"turns":5},{"damage":15,"enemies":"Chosen and Byrds","floor":27,"turns":5},{"damage":43,"enemies":"Masked Bandits","floor":28,"turns":4},{"damage":32,"enemies":"Slavers","floor":29,"turns":3}],"seed_played":"-4991003145988878731","potions_obtained":[{"floor":1.0,"key":"PowerPotion"},{"floor":10.0,"key":"ColorlessPotion"},{"floor":13.0,"key":"Fire Potion"},{"floor":16.0,"key":"SkillPotion"},{"floor":18.0,"key":"BlessingOfTheForge"},{"floor":28,"key":"SkillPotion"}],"is_trial":false,"path_per_floor":["M","$","M","?","?","R","?","?","T","M","R","?","M","M","R","B",null,"M","T","?","?","M","R","M","R","T","M","?","E"],"character_chosen":"THE_ANIMATOR","items_purchased":["animator:Lu"],"campfire_rested":3,"item_purchase_floors":[2],"current_hp_per_floor":[66,66,66,66,55,55,52,52,52,52,52,52,41,29,49,3,67,48,48,46,39,46,51,35,50,50,45,17,0,0],"gold":651,"neow_bonus":"THREE_ENEMY_KILL","is_daily":false,"chose_seed":false,"campfire_upgraded":1,"win_rate":0.0,"timestamp":1613193919,"path_taken":["M","$","M","?","?","R","?","?","T","?","R","?","M","M","R","BOSS","M","?","?","?","M","R","?","R","T","M","?","E"],"items_purchased_type":["Card"],"build_version":"2020-12-22","purchased_purges":0,"victory":false,"max_hp_per_floor":[66,66,66,66,66,66,66,66,66,66,66,66,66,66,67,67,67,67,67,46,51,51,51,51,51,51,51,51,51,51],"relic_stats":{"Blood Vial":5,"Dream Catcher":3,"Nunchaku":[9],"counters":[12,42],"Astrolabe":["animator:Aqua","animator:Kazuma","animator:Konayuki"],"obtain_stats":[{"Blood Vial":26,"Dream Catcher":4,"Nunchaku":7,"animator:PurgingStone":0,"NeowsBlessing":0,"animator:TheMissingPiece":0,"Astrolabe":17,"animator:LivingPicture":0,"Red Mask":28,"Red Skull":19},{"Blood Vial":9,"Dream Catcher":2,"Nunchaku":2,"animator:PurgingStone":0,"NeowsBlessing":0,"animator:TheMissingPiece":0,"Astrolabe":6,"animator:LivingPicture":0,"Red Mask":11,"Red Skull":7},{"Blood Vial":30,"Dream Catcher":2,"Nunchaku":2,"animator:PurgingStone":0,"NeowsBlessing":0,"animator:TheMissingPiece":0,"Astrolabe":17,"animator:LivingPicture":0,"Red Mask":39,"Red Skull":22}]},"card_choices":[{"not_picked":["animator:Hitei","animator:DolaStephanie"],"picked":"animator:Aisha","floor":1.0},{"not_picked":["animator:NarberalGamma","animator:Mitsurugi"],"picked":"animator:Millim","floor":3.0},{"not_picked":["animator:Genos","animator:ChlammyZell"],"picked":"animator:Evileye","floor":10.0},{"not_picked":["animator:MumenRider","animator:Genos"],"picked":"animator:Melzalgald","floor":13.0},{"not_picked":["animator:Shuna","animator:Priestess"],"picked":"animator:Chris","floor":14.0},{"not_picked":["animator:Mitsurugi","animator:Verdia"],"picked":"animator:Raven","floor":15.0},{"not_picked":["animator:Biyorigo","animator:Hans"],"picked":"animator:Sora","floor":16.0},{"not_picked":["animator:Alexander","animator:Priestess"],"picked":"animator:Souei+1","floor":18.0},{"not_picked":["animator:Emonzaemon+1","animator:MumenRider"],"picked":"animator:Mitsurugi","floor":22.0},{"not_picked":["animator:Priestess","animator:Shizu"],"picked":"animator:Benimaru+1","floor":23},{"not_picked":["animator:Verdia","animator:Kazuma"],"picked":"animator:Mitsurugi","floor":24},{"not_picked":["animator:Priestess","animator:Chung"],"picked":"animator:SakuraMatou+1","floor":25},{"not_picked":["animator:Verdia","animator:Berserker"],"picked":"animator:Entoma+1","floor":27},{"not_picked":["animator:Hakurou","animator:Mitsurugi+1"],"picked":"animator:HigakiRinne","floor":28}],"player_experience":74887,"relics_obtained":[{"floor":19.0,"key":"Red Skull"},{"floor":26,"key":"Blood Vial"},{"floor":28,"key":"Red Mask"}],"event_choices":[{"damage_healed":0.0,"max_hp_gain":0.0,"max_hp_loss":0.0,"gold_gain":0.0,"event_name":"Big Fish","player_choice":"Box","floor":4.0,"gold_loss":0.0,"damage_taken":0.0,"relics_obtained":["Dream Catcher"],"cards_obtained":["Regret"]},{"damage_healed":0.0,"max_hp_gain":0.0,"max_hp_loss":0.0,"gold_gain":75.0,"event_name":"betterThird:BetterGoop","player_choice":"Gold","floor":5.0,"gold_loss":0.0,"damage_taken":11.0},{"damage_healed":0.0,"max_hp_gain":0.0,"max_hp_loss":0.0,"gold_gain":0.0,"event_name":"betterThird:BetterScrap","player_choice":"Relic ","floor":7.0,"gold_loss":0.0,"damage_taken":3.0,"cards_obtained":["Storm"]},{"cards_removed":["Regret"],"damage_healed":0.0,"max_hp_gain":0.0,"max_hp_loss":0.0,"gold_gain":0.0,"event_name":"Purifier","player_choice":"Purged","floor":8.0,"gold_loss":0.0,"damage_taken":0.0},{"cards_removed":["animator:Strike_OnePunchMan"],"damage_healed":0.0,"max_hp_gain":0.0,"max_hp_loss":0.0,"gold_gain":0.0,"event_name":"NoteForYourself","player_choice":"Took Card","floor":12.0,"gold_loss":0.0,"damage_taken":0.0,"cards_obtained":["animator:Gilgamesh"]},{"damage_healed":0.0,"max_hp_gain":0.0,"max_hp_loss":21.0,"gold_gain":0.0,"event_name":"Vampires","player_choice":"Became a vampire","floor":20.0,"gold_loss":0.0,"damage_taken":0.0,"cards_obtained":["Bite","Bite","Bite","Bite","Bite"]},{"damage_healed":0.0,"max_hp_gain":5.0,"max_hp_loss":0.0,"gold_gain":0.0,"event_name":"Forgotten Altar","player_choice":"Shed Blood","floor":21.0,"gold_loss":0.0,"damage_taken":12.0},{"damage_healed":0,"gold_gain":0,"player_choice":"Fought Bandits","damage_taken":0,"max_hp_gain":0,"max_hp_loss":0,"event_name":"Masked Bandits","floor":28,"gold_loss":0}],"is_beta":false,"boss_relics":[{"not_picked":["Black Star","Mark of Pain"],"picked":"Astrolabe"}],"items_purged_floors":[],"is_endless":false,"potions_floor_spawned":[1,10,13,16,18,22,28],"killed_by":"Slavers","ascension_level":0}}