{"host":"dx8mnueonnkh60qu","time":1613203455,"event":{"mods":["AchievementEnabler","Act Like it!","Aspiration","BaseMod","Better Silent Start","Better Third Choice","Bossed Relics","CCEM2","Conspire","Defuse TimeMaze Blight","Dota2Spire","Downfall","Hubris","Infinite Spire","Marked Mod","Minty Spire (QoL Compilation)","Quarter Circle Forward PUNCH!","Rare Cards Sparkle","Relic Stats","Reliquary","Robot Space Explorer","Spicy Shops","Spikes Relics","StSLib","SuperFastMode","The Blue Laboratory","The Caster"],"gold_per_floor":[115,115,133,153,173,173,173,193,216,216,252,273,292,313,313,456,456,480,499,499,499],"floor_reached":20,"language":"ENG","playtime":633,"items_purged":[],"score":248,"play_id":"802d0b95-a665-4e44-a71d-3997eb31997a","local_time":"20210213030415","is_ascension_mode":true,"campfire_choices":[{"data":"Bash","floor":6.0,"key":"SMITH"},{"data":"Sever Soul","floor":10.0,"key":"SMITH"},{"data":"Dark Embrace","floor":15.0,"key":"SMITH"}],"circlet_count":0,"master_deck":["conspire:GhostlyStrike","conspire:GhostlyStrike","conspire:GhostlyStrike","conspire:GhostlyStrike","conspire:GhostlyStrike","conspire:GhostlyDefend","conspire:GhostlyDefend","conspire:GhostlyDefend","conspire:GhostlyDefend","Bash+1","Enlightenment","Sever Soul+1","Injury","Burning Pact","Shrug It Off","Clothesline","Cleave","Spot Weakness","Armaments","Dark Embrace+1","Fiend Fire","Second Wind"],"relics":["Burning Blood","Golden Idol","reliquary:Boomerang","Letter Opener","Cursed Key"],"acts_visited":["Exordium","TheCity"],"potions_floor_usage":[16,18,19],"damage_taken":[{"damage":0.0,"enemies":"Small Slimes","floor":1.0,"turns":3.0},{"damage":7.0,"enemies":"Jaw Worm","floor":3.0,"turns":2.0},{"damage":0.0,"enemies":"2 Louse","floor":4.0,"turns":2.0},{"damage":6.0,"enemies":"Blue Slaver","floor":5.0,"turns":4.0},{"damage":27.0,"enemies":"Lots of Slimes","floor":8.0,"turns":4.0},{"damage":24.0,"enemies":"Gremlin Nob","floor":11.0,"turns":4.0},{"damage":1.0,"enemies":"Red Slaver","floor":12.0,"turns":2.0},{"damage":8.0,"enemies":"Blue Slaver","floor":13.0,"turns":3.0},{"damage":10.0,"enemies":"Large Slime","floor":14.0,"turns":6.0},{"damage":21,"enemies":"Slime Boss","floor":16,"turns":8},{"damage":17,"enemies":"2 Thieves","floor":18,"turns":3},{"damage":22,"enemies":"3 Byrds","floor":19,"turns":4},{"damage":41,"enemies":"Cultist and Chosen","floor":20,"turns":7}],"seed_played":"7374055305068863137","potions_obtained":[{"floor":8.0,"key":"Fire Potion"},{"floor":11.0,"key":"SneckoOil"},{"floor":13.0,"key":"ColorlessPotion"},{"floor":16,"key":"champ:CounterPotion"},{"floor":18,"key":"SkillPotion"},{"floor":19,"key":"blueLaboratory:CorrosionFlask"}],"is_trial":false,"path_per_floor":["M","?","M","M","M","R","?","M","T","R","E","M","M","M","R","B",null,"M","M","M"],"character_chosen":"IRONCLAD","items_purchased":[],"campfire_rested":0,"item_purchase_floors":[],"current_hp_per_floor":[80,80,79,80,80,80,80,59,59,59,41,46,44,40,40,25,80,69,53,12,12],"gold":499,"neow_bonus":"RANDOM_COLORLESS","is_daily":false,"chose_seed":false,"campfire_upgraded":3,"win_rate":0.0,"timestamp":1613203455,"path_taken":["M","?","M","M","M","R","?","M","T","R","E","M","M","M","R","BOSS","M","M","M"],"items_purchased_type":[],"build_version":"2020-12-22","purchased_purges":0,"victory":false,"max_hp_per_floor":[80,80,80,80,80,80,80,80,80,80,80,80,80,80,80,80,80,80,80,80,80],"relic_stats":{"counters":[13,52],"Golden Idol":69,"Letter Opener":[60],"Cursed Key":0,"obtain_stats":[{"reliquary:Boomerang":9,"Golden Idol":2,"Letter Opener":11,"Cursed Key":17,"Burning Blood":0},{"reliquary:Boomerang":5,"Golden Idol":1,"Letter Opener":6,"Cursed Key":10,"Burning Blood":0},{"reliquary:Boomerang":15,"Golden Idol":3,"Letter Opener":19,"Cursed Key":38,"Burning Blood":0}],"Burning Blood":61},"card_choices":[{"not_picked":["Assess","hubris:Insight"],"picked":"Enlightenment","floor":0.0},{"not_picked":["Thunderclap","Second Wind"],"picked":"Sever Soul","floor":1.0},{"not_picked":["Sword Boomerang","Twin Strike"],"picked":"Burning Pact","floor":3.0},{"not_picked":["hubris:SharpeningStone","Pommel Strike"],"picked":"Shrug It Off","floor":4.0},{"not_picked":["Dual Wield","Clash"],"picked":"Clothesline","floor":5.0},{"not_picked":["Body Slam","Thunderclap","Rage"],"picked":"SKIP","floor":8.0},{"not_picked":["Body Slam","Seeing Red"],"picked":"Cleave","floor":11.0},{"not_picked":["Warcry","Hemokinesis"],"picked":"Spot Weakness","floor":12.0},{"not_picked":["Whirlwind","hubris:ReadiedAction"],"picked":"Armaments","floor":13.0},{"not_picked":["Clash","conspire:HitWhereItHurts"],"picked":"Dark Embrace","floor":14.0},{"not_picked":["Bludgeon","conspire:Purge"],"picked":"Fiend Fire","floor":16},{"not_picked":["Perfected Strike","Body Slam+1","Havoc+1"],"picked":"SKIP","floor":18},{"not_picked":["hubris:ReadiedAction","Perfected Strike"],"picked":"Second Wind","floor":19}],"player_experience":624562,"relics_obtained":[{"floor":9.0,"key":"reliquary:Boomerang"},{"floor":11.0,"key":"Letter Opener"}],"event_choices":[{"damage_healed":0.0,"max_hp_gain":0.0,"max_hp_loss":0.0,"gold_gain":0.0,"event_name":"Golden Idol","player_choice":"Take Wound","floor":2.0,"gold_loss":0.0,"damage_taken":0.0,"relics_obtained":["Golden Idol"],"cards_obtained":["Injury"]},{"damage_healed":0.0,"max_hp_gain":0.0,"max_hp_loss":0.0,"gold_gain":0.0,"event_name":"conspire:LoneGhost","player_choice":"Agree","floor":7.0,"gold_loss":0.0,"damage_taken":0.0}],"is_beta":false,"boss_relics":[{"not_picked":["Velvet Choker","conspire:SlowCooker"],"picked":"Cursed Key"}],"items_purged_floors":[],"is_endless":false,"potions_floor_spawned":[8,11,13,14,16,18,19],"killed_by":"Cultist and Chosen","ascension_level":2}}