{"host":"czzthkrvfe6r7fjf","time":1613202676,"event":{"mods":["ATMod(∞¢Ë™Mod)","Act Like it!","BaseMod","Downfall","GungeonMod","Marisa£®ÏF”Í°°ƒß¿Ì…≥£©","Minty Spire (QoL Compilation)","Quick Restart","StSLib","The Servant 0.9.4","Waifu the Spire","°æπ¶ƒ‹Mod°øªÏ„Á÷Æª∑–ﬁ∏¥≤π∂°"],"gold_per_floor":[117,117,117,140,154,154,6,33,33,63,63,63,81,116,116,215,215,232,232,232,1,15,47,47,82,107,137,137,169,189,217,217,320,320,333,383,393,112,112,142,142,177,177,204,219,219,250,250,250,250],"floor_reached":51,"language":"ZHS","playtime":2279,"items_purged":["downfall:Haunted","downfall:Haunted"],"score":1319,"play_id":"f9f81371-7800-486e-ae9d-d057ff0b4dee","local_time":"20210213155116","is_ascension_mode":true,"campfire_choices":[{"data":"AT_FamilyPortrait","floor":6.0,"key":"SMITH"},{"floor":11.0,"key":"REST"},{"data":"Acceleration","floor":15.0,"key":"SMITH"},{"data":"SatelliteIllusion","floor":24.0,"key":"SMITH"},{"floor":28.0,"key":"REST"},{"floor":32.0,"key":"REST"},{"floor":41,"key":"REST"},{"floor":46,"key":"REST"},{"floor":49,"key":"RECALL"}],"circlet_count":0,"master_deck":["Strike_MRS","Defend_MRS+1","Defend_MRS+1","Defend_MRS","MasterSpark","UpSweep","AT_FamilyPortrait+1","EventHorizon","MeteoricShower","SporeBomb","Acceleration+1","WitchLeyline","SatelliteIllusion+1","AlicesGift+1","DarkMatter+1","UltimateShortwave+1","WitchLeyline+1","Decay","EnergyFlow+1","Acceleration+1","MillisecondPulsars","MachineGunSpark","Acceleration+1","OortCloud+1","Parasite","Acceleration+1"],"relics":["MiniHakkero","AT_ATBox","NeowsBlessing","Boot","Strange Spoon","DemoMod:ResourcefulSack","Vajra","DemoMod:PoisonVial","BreadOfAWashokuLover","Astrolabe","Du-Vu Doll","Toolbox","Nunchaku","Tiny Chest","Juzu Bracelet","Meat on the Bone","Red Mask","Gremlin Horn","Fusion Hammer","Bird Faced Urn","Membership Card","AT_EbonyIvory","Centennial Puzzle","Mummified Hand","SproutingBranch","Oddly Smooth Stone","DemoMod:MemoryAlloy"],"acts_visited":["Exordium","TheCity","TheBeyond"],"potions_floor_usage":[35,50,50],"damage_taken":[{"damage":0.0,"enemies":"Cultist","floor":1.0,"turns":1.0},{"damage":0.0,"enemies":"2 Louse","floor":5.0,"turns":1.0},{"damage":0.0,"enemies":"Lagavulin","floor":8.0,"turns":1.0},{"damage":24.0,"enemies":"3 Sentries","floor":10.0,"turns":7.0},{"damage":0.0,"enemies":"Jaw Worm","floor":13.0,"turns":2.0},{"damage":0.0,"enemies":"Lagavulin","floor":14.0,"turns":4.0},{"damage":14.0,"enemies":"The Guardian","floor":16.0,"turns":7.0},{"damage":1.0,"enemies":"Shell Parasite","floor":18.0,"turns":4.0},{"damage":3.0,"enemies":"Spheric Guardian","floor":22.0,"turns":3.0},{"damage":9.0,"enemies":"Gremlin Leader","floor":23.0,"turns":3.0},{"damage":18.0,"enemies":"Book of Stabbing","floor":25.0,"turns":2.0},{"damage":15.0,"enemies":"Gremlin Leader","floor":27.0,"turns":2.0},{"damage":0.0,"enemies":"Masked Bandits","floor":29.0,"turns":2.0},{"damage":2.0,"enemies":"Cultist and Chosen","floor":30.0,"turns":3.0},{"damage":18.0,"enemies":"Slavers","floor":31.0,"turns":3.0},{"damage":2.0,"enemies":"Collector","floor":33.0,"turns":2.0},{"damage":22,"enemies":"3 Darklings","floor":35,"turns":3},{"damage":23,"enemies":"Mind Bloom Boss Battle","floor":36,"turns":4},{"damage":0,"enemies":"Orb Walker","floor":37,"turns":1},{"damage":15,"enemies":"Reptomancer","floor":40,"turns":5},{"damage":18,"enemies":"Giant Head","floor":42,"turns":5},{"damage":20,"enemies":"Nemesis","floor":44,"turns":3},{"damage":7,"enemies":"Writhing Mass","floor":45,"turns":3},{"damage":3,"enemies":"Giant Head","floor":47,"turns":5},{"damage":24,"enemies":"Donu and Deca","floor":50,"turns":6}],"seed_played":"-934175218207724035","potions_obtained":[{"floor":10.0,"key":"FearPotion"},{"floor":13.0,"key":"Dexterity Potion"},{"floor":22.0,"key":"PowerPotion"},{"floor":25.0,"key":"Fire Potion"},{"floor":29.0,"key":"SpeedPotion"},{"floor":31.0,"key":"Fruit Juice"},{"floor":33.0,"key":"FearPotion"},{"floor":42,"key":"BlessingOfTheForge"}],"is_trial":false,"path_per_floor":["M","?","?","T","M","R","$","E","T","E","R","$","M","E","R","B",null,"M","?","?","$","M","E","R","E","T","E","R","?","M","E","R","B",null,"M","?","M","$","?","E","R","E","T","E","M","R","E","T","R","B",null],"character_chosen":"MARISA","items_purchased":["Strange Spoon","Toolbox","Membership Card","FearPotion"],"campfire_rested":5,"item_purchase_floors":[7,21,38,38],"current_hp_per_floor":[68,53,46,46,46,46,46,46,46,22,44,44,44,44,44,32,64,63,63,63,63,61,53,53,36,36,22,44,44,44,44,68,67,77,71,48,48,48,48,55,81,73,73,59,65,86,86,86,86,74],"gold":250,"neow_bonus":"THREE_ENEMY_KILL","is_daily":false,"chose_seed":false,"campfire_upgraded":3,"win_rate":0.0,"timestamp":1613202676,"path_taken":["M","?","?","?","?","R","$","E","T","E","R","?","?","E","R","BOSS","M","?","?","$","M","E","R","E","T","E","R","?","M","E","R","BOSS","M","?","M","$","?","E","R","E","T","E","M","R","E","?","R","BOSS"],"items_purchased_type":["Relic","Relic","Relic","Potion"],"build_version":"2020-12-22","purchased_purges":2,"victory":true,"max_hp_per_floor":[75,75,75,75,75,75,75,75,75,75,75,75,75,75,75,75,75,75,75,75,75,75,75,75,75,75,75,75,75,75,80,80,80,80,93,93,93,93,88,88,88,88,88,86,86,86,86,86,86,86],"card_choices":[{"not_picked":["WitchLeyline","SporeBomb"],"picked":"EventHorizon","floor":1.0},{"not_picked":["UnstableBomb","AlicesGift"],"picked":"MeteoricShower","floor":5.0},{"not_picked":["MilkyWay","NonDirectionalLaser"],"picked":"SporeBomb","floor":8.0},{"not_picked":["GravityBeat","MilkyWay"],"picked":"Acceleration","floor":10.0},{"not_picked":["ShootTheMoon","OpenUniverse","AbsoluteMagnitude"],"picked":"SKIP","floor":13.0},{"not_picked":["Singularity","EnergyRecoil"],"picked":"WitchLeyline","floor":14.0},{"not_picked":["SuperNova","CasketOfStar"],"picked":"SatelliteIllusion","floor":16.0},{"not_picked":["DC","ShootingEcho"],"picked":"WitchLeyline+1","floor":18.0},{"not_picked":["UnstableBomb","GravityBeat"],"picked":"EnergyFlow+1","floor":22.0},{"not_picked":["UltimateShortwave","PowerUp","BlazeAway"],"picked":"SKIP","floor":23.0},{"not_picked":["DoubleSpark","RefractionSpark","LuminesStrike"],"picked":"SKIP","floor":25.0},{"not_picked":["AsteroidBelt","PowerUp","GravityBeat"],"picked":"SKIP","floor":27.0},{"not_picked":["GravityBeat","PulseMagic+1"],"picked":"Acceleration+1","floor":29.0},{"not_picked":["DoubleSpark","GravityBeat"],"picked":"MillisecondPulsars","floor":30.0},{"not_picked":["BlazeAway","DC"],"picked":"MachineGunSpark","floor":31.0},{"not_picked":["Robbery","GravityBeat+1"],"picked":"Acceleration+1","floor":35},{"not_picked":["DarkSpark","EnergyRecoil+1","MysteriousBeam+1"],"picked":"SKIP","floor":37},{"not_picked":["ShootTheMoon+1","CasketOfStar","DarkMatter"],"picked":"SKIP","floor":40},{"not_picked":["BlazeAway","ShootingEcho+1","PowerUp+1"],"picked":"SKIP","floor":42},{"not_picked":["PowerUp+1","RefractionSpark+1"],"picked":"OortCloud+1","floor":44},{"not_picked":["LuminesStrike","DC"],"picked":"Acceleration+1","floor":45},{"not_picked":["WitchOfGreed","SprinkleStarSeal+1","AbsoluteMagnitude"],"picked":"SKIP","floor":47}],"player_experience":218727,"relics_obtained":[{"floor":4.0,"key":"Boot"},{"floor":8.0,"key":"DemoMod:ResourcefulSack"},{"floor":9.0,"key":"Vajra"},{"floor":10.0,"key":"DemoMod:PoisonVial"},{"floor":14.0,"key":"BreadOfAWashokuLover"},{"floor":23.0,"key":"Nunchaku"},{"floor":25.0,"key":"Tiny Chest"},{"floor":26.0,"key":"Juzu Bracelet"},{"floor":27.0,"key":"Meat on the Bone"},{"floor":29.0,"key":"Red Mask"},{"floor":31.0,"key":"Gremlin Horn"},{"floor":36,"key":"Bird Faced Urn"},{"floor":40,"key":"AT_EbonyIvory"},{"floor":42,"key":"Centennial Puzzle"},{"floor":43,"key":"Mummified Hand"},{"floor":44,"key":"SproutingBranch"},{"floor":47,"key":"Oddly Smooth Stone"},{"floor":48,"key":"DemoMod:MemoryAlloy"}],"event_choices":[{"damage_healed":0.0,"max_hp_gain":0.0,"max_hp_loss":0.0,"gold_gain":0.0,"event_name":"Shining Light","player_choice":"Entered Light","floor":2.0,"gold_loss":0.0,"damage_taken":15.0,"cards_upgraded":["Defend_MRS","Defend_MRS"]},{"cards_removed":["Strike_MRS"],"damage_healed":0.0,"max_hp_gain":0.0,"max_hp_loss":0.0,"gold_gain":0.0,"event_name":"Golden Wing","player_choice":"Card Removal","floor":3.0,"gold_loss":0.0,"damage_taken":7.0},{"damage_healed":0.0,"max_hp_gain":0.0,"max_hp_loss":0.0,"gold_gain":0.0,"event_name":"Forgotten Altar","player_choice":"Smashed Altar","floor":19.0,"gold_loss":0.0,"damage_taken":0.0,"cards_obtained":["Decay"]},{"damage_healed":0.0,"max_hp_gain":0.0,"max_hp_loss":0.0,"gold_gain":0.0,"event_name":"Masked Bandits","player_choice":"Fought Bandits","floor":29.0,"gold_loss":0.0,"damage_taken":0.0},{"damage_healed":0,"gold_gain":0,"player_choice":"Fight","damage_taken":0,"max_hp_gain":0,"max_hp_loss":0,"event_name":"MindBloom","floor":36,"gold_loss":0},{"damage_healed":0,"gold_gain":0,"player_choice":"Max HP","damage_taken":0,"max_hp_gain":0,"max_hp_loss":5,"event_name":"Winding Halls","floor":39,"gold_loss":0}],"is_beta":false,"boss_relics":[{"not_picked":["Coffee Dripper","SlaversCollar"],"picked":"Astrolabe"},{"not_picked":["Cursed Key","BewitchedHakkero"],"picked":"Fusion Hammer"}],"items_purged_floors":[21,38],"is_endless":false,"potions_floor_spawned":[10,13,22,25,29,31,33,40,42,44,45,47],"ascension_level":8}}