{"host":"p0hktren06injwdf","time":1613194309,"event":{"mods":["AchievementEnabler","BaseMod","Colored Map","DeckTracker","Minty Spire (QoL Compilation)","Permanent Neow","StSLib","SuperFastMode"],"gold_per_floor":[118,130,150,164,174,209,228,259,283,283,69,69,88,13,13,87,87,107,157,175,7,26,26,26,26,52,65,83,83,33,52,52,52,52],"floor_reached":33,"language":"KOR","playtime":508,"items_purged":["Strike_R","Strike_R"],"score":522,"play_id":"f3154649-9f2d-4bbd-a5e5-13acd9e1a783","local_time":"20210213143149","is_ascension_mode":true,"campfire_choices":[{"data":"Armaments","floor":12.0,"key":"SMITH"},{"data":"Hemokinesis","floor":15.0,"key":"SMITH"},{"data":"Evolve","floor":23,"key":"SMITH"},{"data":"Cleave","floor":25,"key":"SMITH"},{"floor":29,"key":"REST"},{"floor":32,"key":"REST"}],"circlet_count":0,"master_deck":["AscendersBane","Strike_R","Strike_R","Strike_R","Defend_R","Defend_R","Defend_R","Bash+1","Anger","Cleave+1","Armaments+1","Evolve+1","Wild Strike","Pommel Strike","Hemokinesis+1","Shrug It Off+1","Feel No Pain+1","True Grit+1","Wild Strike+1","Disarm"],"relics":["Burning Blood","Smiling Mask","Darkstone Periapt","Nunchaku","Vajra","Philosopher\u0027s Stone","Lee\u0027s Waffle","Bronze Scales"],"acts_visited":["Exordium","TheCity"],"potions_floor_usage":[20,33],"damage_taken":[{"damage":6.0,"enemies":"Cultist","floor":1.0,"turns":3.0},{"damage":7.0,"enemies":"Small Slimes","floor":2.0,"turns":3.0},{"damage":9.0,"enemies":"Jaw Worm","floor":3.0,"turns":4.0},{"damage":16.0,"enemies":"Lots of Slimes","floor":4.0,"turns":4.0},{"damage":7.0,"enemies":"Looter","floor":5.0,"turns":3.0},{"damage":8.0,"enemies":"Gremlin Nob","floor":6.0,"turns":3.0},{"damage":24.0,"enemies":"Exordium Thugs","floor":7.0,"turns":6.0},{"damage":22.0,"enemies":"3 Sentries","floor":8.0,"turns":7.0},{"damage":8.0,"enemies":"Blue Slaver","floor":13.0,"turns":2.0},{"damage":13.0,"enemies":"Slime Boss","floor":16.0,"turns":6.0},{"damage":40.0,"enemies":"3 Byrds","floor":18.0,"turns":6.0},{"damage":2,"enemies":"Spheric Guardian","floor":20,"turns":3},{"damage":58,"enemies":"Cultist and Chosen","floor":22,"turns":8},{"damage":15,"enemies":"Centurion and Healer","floor":27,"turns":6},{"damage":16,"enemies":"Snake Plant","floor":28,"turns":4},{"damage":25,"enemies":"3 Cultists","floor":31,"turns":5},{"damage":36,"enemies":"Collector","floor":33,"turns":6}],"seed_played":"-3405683829503553655","potions_obtained":[{"floor":2.0,"key":"ColorlessPotion"},{"floor":4.0,"key":"Block Potion"},{"floor":13.0,"key":"Strength Potion"},{"floor":16.0,"key":"FearPotion"}],"is_trial":false,"path_per_floor":["M","M","M","M","M","E","M","E","T","?","$","R","M","?","R","B",null,"M","?","M","$","M","R","?","R","T","M","M","R","$","M","R","B"],"character_chosen":"IRONCLAD","items_purchased":["Vajra","Lee\u0027s Waffle"],"campfire_rested":2,"item_purchase_floors":[11,21],"current_hp_per_floor":[68,67,64,54,53,51,33,17,17,42,42,42,40,40,40,33,65,31,24,28,82,30,30,30,30,30,21,11,35,35,16,40,4,4],"gold":52,"neow_bonus":"UPGRADE_CARD","is_daily":false,"chose_seed":false,"campfire_upgraded":4,"win_rate":0.0,"timestamp":1613194309,"path_taken":["M","?","M","?","M","E","M","E","T","?","$","R","M","?","R","BOSS","M","?","M","$","?","R","?","R","T","M","M","R","$","M","R","BOSS"],"items_purchased_type":["Relic","Relic"],"build_version":"2020-12-22","purchased_purges":2,"victory":false,"max_hp_per_floor":[75,75,75,75,75,75,75,75,75,75,75,75,75,75,75,75,75,75,75,75,82,82,82,82,82,82,82,82,82,82,82,82,82,82],"card_choices":[{"not_picked":["Clothesline","Headbutt"],"picked":"Anger","floor":1.0},{"not_picked":["Clothesline","True Grit"],"picked":"Cleave","floor":2.0},{"not_picked":["Warcry","Flex"],"picked":"Armaments","floor":3.0},{"not_picked":["Dark Embrace","Shrug It Off"],"picked":"Evolve","floor":4.0},{"not_picked":["Armaments","Metallicize"],"picked":"Wild Strike","floor":5.0},{"not_picked":["Brutality","Clothesline"],"picked":"Pommel Strike","floor":6.0},{"not_picked":["Perfected Strike","Iron Wave"],"picked":"Hemokinesis","floor":7.0},{"not_picked":["Dropkick","Metallicize","Pummel"],"picked":"SKIP","floor":8.0},{"not_picked":["Dual Wield","Clothesline"],"picked":"Shrug It Off","floor":13.0},{"not_picked":["Sentinel","Dark Embrace"],"picked":"Feel No Pain+1","floor":18.0},{"not_picked":["Clash","Shrug It Off"],"picked":"True Grit+1","floor":20},{"not_picked":["Hemokinesis","Inflame"],"picked":"Wild Strike+1","floor":22},{"not_picked":["Warcry","Evolve"],"picked":"Disarm","floor":27},{"not_picked":["Headbutt","Carnage","True Grit"],"picked":"SKIP","floor":28},{"not_picked":["Berserk","Entrench","Wild Strike"],"picked":"SKIP","floor":31}],"player_experience":1049978,"relics_obtained":[{"floor":6.0,"key":"Smiling Mask"},{"floor":8.0,"key":"Darkstone Periapt"},{"floor":9.0,"key":"Nunchaku"},{"floor":26,"key":"Bronze Scales"}],"event_choices":[{"damage_healed":25.0,"max_hp_gain":0.0,"max_hp_loss":0.0,"gold_gain":0.0,"event_name":"Big Fish","player_choice":"Banana","floor":10.0,"gold_loss":0.0,"damage_taken":0.0},{"cards_removed":["Defend_R"],"damage_healed":0.0,"max_hp_gain":0.0,"max_hp_loss":0.0,"gold_gain":0.0,"event_name":"The Cleric","player_choice":"Card Removal","floor":14.0,"gold_loss":75.0,"damage_taken":0.0},{"damage_healed":0.0,"max_hp_gain":0.0,"max_hp_loss":0.0,"gold_gain":50.0,"event_name":"FaceTrader","player_choice":"Touch","floor":19.0,"gold_loss":0.0,"damage_taken":7.0},{"damage_healed":0,"gold_gain":0,"player_choice":"Upgraded","damage_taken":0,"max_hp_gain":0,"max_hp_loss":0,"event_name":"Upgrade Shrine","floor":24,"gold_loss":0,"cards_upgraded":["Shrug It Off"]}],"is_beta":false,"boss_relics":[{"not_picked":["Snecko Eye","Cursed Key"],"picked":"Philosopher\u0027s Stone"}],"items_purged_floors":[11,30],"is_endless":false,"potions_floor_spawned":[2,4,13,16],"killed_by":"Collector","ascension_level":20}}