{"host":"zwezhz46a5cjkxff","time":1613189028,"event":{"mods":["AchievementEnabler","BaseMod","Colored Map","Colored Powertips","DeckTracker","Minty Spire (QoL Compilation)","Permanent Neow","Quick Restart","Rare Cards Sparkle","Relic Stats","StSLib","SuperFastMode"],"gold_per_floor":[17,28,28,43,63,95,95,170,238,249,249,249,249],"floor_reached":12,"language":"ENG","playtime":375,"items_purged":[],"score":88,"play_id":"d0c1bfaa-a1f3-4dec-b994-0557c02c12f7","local_time":"20210212220348","is_ascension_mode":true,"campfire_choices":[{"floor":7,"key":"REST"},{"floor":11,"key":"REST"}],"circlet_count":0,"master_deck":["Strike_G","Strike_G","Strike_G","Strike_G","Strike_G","Defend_G","Defend_G","Defend_G","Defend_G","Defend_G","Survivor","Neutralize","Envenom","PiercingWail","Catalyst","Infinite Blades","Bullet Time"],"relics":["Ring of the Snake","FossilizedHelix","Ornamental Fan"],"acts_visited":["Exordium"],"potions_floor_usage":[],"damage_taken":[{"damage":4,"enemies":"Jaw Worm","floor":1,"turns":4},{"damage":0,"enemies":"2 Louse","floor":2,"turns":2},{"damage":7,"enemies":"Small Slimes","floor":4,"turns":5},{"damage":28,"enemies":"Gremlin Gang","floor":5,"turns":8},{"damage":21,"enemies":"Lagavulin","floor":6,"turns":10},{"damage":17,"enemies":"Large Slime","floor":10,"turns":9},{"damage":41,"enemies":"Gremlin Nob","floor":12,"turns":5}],"seed_played":"2449739367804868810","potions_obtained":[{"floor":6,"key":"Dexterity Potion"}],"is_trial":false,"path_per_floor":["M","M","$","M","M","E","R","?","T","M","R","E"],"character_chosen":"THE_SILENT","items_purchased":[],"campfire_rested":2,"item_purchase_floors":[],"current_hp_per_floor":[66,66,66,59,31,10,31,20,20,3,24,0,0],"gold":249,"neow_bonus":"THREE_RARE_CARDS","is_daily":false,"chose_seed":false,"campfire_upgraded":0,"win_rate":0.0,"timestamp":1613189028,"path_taken":["M","M","$","M","M","E","R","?","T","M","R","E"],"items_purchased_type":[],"build_version":"2020-12-22","purchased_purges":0,"victory":false,"max_hp_per_floor":[70,70,70,70,70,70,70,70,70,70,70,70,70],"relic_stats":{"counters":[7,43],"Ornamental Fan":[16],"obtain_stats":[{"Ornamental Fan":9,"FossilizedHelix":6,"Ring of the Snake":0},{"Ornamental Fan":5,"FossilizedHelix":5,"Ring of the Snake":0},{"Ornamental Fan":29,"FossilizedHelix":29,"Ring of the Snake":0}],"Ring of the Snake":[14]},"card_choices":[{"not_picked":["Grand Finale","Night Terror"],"picked":"Envenom","floor":0},{"not_picked":["Quick Slash","Deadly Poison"],"picked":"PiercingWail","floor":1},{"not_picked":["Dagger Throw","Slice","Flechettes"],"picked":"SKIP","floor":2},{"not_picked":["Sucker Punch","Dodge and Roll"],"picked":"Catalyst","floor":4},{"not_picked":["PiercingWail","Poisoned Stab"],"picked":"Infinite Blades","floor":5},{"not_picked":["Cloak And Dagger","Acrobatics"],"picked":"Bullet Time","floor":6},{"not_picked":["Underhanded Strike","Escape Plan","Quick Slash"],"picked":"SKIP","floor":10}],"player_experience":102477,"relics_obtained":[{"floor":6,"key":"FossilizedHelix"},{"floor":9,"key":"Ornamental Fan"}],"event_choices":[{"damage_healed":0,"gold_gain":75,"player_choice":"Gather Gold","damage_taken":11,"max_hp_gain":0,"max_hp_loss":0,"event_name":"World of Goop","floor":8,"gold_loss":0}],"is_beta":false,"boss_relics":[],"items_purged_floors":[],"is_endless":false,"potions_floor_spawned":[6],"killed_by":"Gremlin Nob","ascension_level":2}}