{"host":"rylkjufw9dlhr07b","time":1613208838,"event":{"mods":["AchievementEnabler","BaseMod","Better Note","BetterRewards","Hubris","Minty Spire (QoL Compilation)","Quick Restart","StSLib"],"gold_per_floor":[111,111,111,111,121,121,140,169,192,192,192,192,211,221,221,318,318,331,316,316,316,334,334,334],"floor_reached":23,"language":"FRA","playtime":941,"items_purged":[],"score":451,"play_id":"73bfc3c2-882f-4c62-b62d-e3fbe7e0e562","local_time":"20210213103358","is_ascension_mode":true,"campfire_choices":[{"floor":6,"key":"REST"},{"data":"PathToVictory","floor":15,"key":"SMITH"}],"circlet_count":0,"master_deck":["AscendersBane","Strike_P","Defend_P","Defend_P","Defend_P","Defend_P+1","Eruption","Vigilance","SignatureMove+1","JustLucky","ThirdEye","Evaluate+1","Prostrate","PathToVictory+1","Protect","Sanctity","ThirdEye","LessonLearned","CurseOfTheBell","ConjureBlade","Evaluate","PathToVictory","Evaluate"],"relics":["PureWater","Pantograph","Eternal Feather","Centennial Puzzle","hubris:Towel","Calling Bell","Anchor","Sundial"],"acts_visited":["Exordium","TheCity"],"potions_floor_usage":[8,16,16,23],"damage_taken":[{"damage":0,"enemies":"Small Slimes","floor":1,"turns":3},{"damage":2,"enemies":"2 Louse","floor":5,"turns":4},{"damage":0,"enemies":"Cultist","floor":7,"turns":3},{"damage":18,"enemies":"Lagavulin","floor":8,"turns":4},{"damage":0,"enemies":"Looter","floor":13,"turns":3},{"damage":0,"enemies":"Large Slime","floor":14,"turns":2},{"damage":12,"enemies":"Hexaghost","floor":16,"turns":13},{"damage":1,"enemies":"Shell Parasite","floor":18,"turns":8},{"damage":7,"enemies":"2 Thieves","floor":19,"turns":4},{"damage":5,"enemies":"Snake Plant","floor":22,"turns":4},{"damage":65,"enemies":"Book of Stabbing","floor":23,"turns":6}],"seed_played":"7498459461509825918","potions_obtained":[{"floor":1,"key":"Energy Potion"},{"floor":5,"key":"GamblersBrew"},{"floor":8,"key":"BottledMiracle"},{"floor":13,"key":"Weak Potion"},{"floor":19,"key":"Ancient Potion"},{"floor":22,"key":"Strength Potion"}],"is_trial":false,"path_per_floor":["M","?","?","$","M","R","M","E","T","?","?","?","M","M","R","B",null,"M","M","?","?","M","E"],"character_chosen":"WATCHER","items_purchased":["Pantograph","SignatureMove","JustLucky","ThirdEye"],"campfire_rested":1,"item_purchase_floors":[0,0,0,0],"current_hp_per_floor":[49,54,54,54,52,75,75,57,57,42,42,42,42,42,51,64,74,73,66,66,66,61,0,0],"gold":334,"neow_bonus":"","is_daily":false,"chose_seed":false,"campfire_upgraded":1,"win_rate":0.0,"timestamp":1613208838,"path_taken":["M","?","?","$","?","R","M","E","T","?","?","?","M","M","R","BOSS","M","M","?","?","M","E"],"items_purchased_type":["Relic","Card","Card","Card"],"build_version":"2020-12-22","purchased_purges":0,"victory":false,"max_hp_per_floor":[72,77,77,77,77,77,77,77,77,77,77,77,77,77,77,77,77,77,77,77,77,77,77,77],"card_choices":[{"not_picked":["MentalFortress","Conclude"],"picked":"Evaluate","floor":1},{"not_picked":["Vengeance","WindmillStrike"],"picked":"Prostrate","floor":5},{"not_picked":["WreathOfFlame","JustLucky"],"picked":"PathToVictory","floor":7},{"not_picked":["BowlingBash","Consecrate"],"picked":"Protect","floor":8},{"not_picked":["EmptyFist","Wallop"],"picked":"Sanctity","floor":13},{"not_picked":["EmptyBody","CutThroughFate"],"picked":"ThirdEye","floor":14},{"not_picked":["Ragnarok","Vault"],"picked":"LessonLearned","floor":16},{"not_picked":["InnerPeace","ReachHeaven"],"picked":"ConjureBlade","floor":18},{"not_picked":["SashWhip","Conclude"],"picked":"Evaluate","floor":19},{"not_picked":["FlurryOfBlows","MentalFortress+1"],"picked":"Evaluate","floor":22}],"player_experience":587668,"relics_obtained":[{"floor":8,"key":"Eternal Feather"},{"floor":9,"key":"Centennial Puzzle"},{"floor":17,"key":"Anchor"},{"floor":17,"key":"Sundial"}],"event_choices":[{"damage_healed":0,"gold_gain":0,"player_choice":"Donut","damage_taken":0,"max_hp_gain":5,"max_hp_loss":0,"event_name":"Big Fish","floor":2,"gold_loss":0},{"damage_healed":0,"gold_gain":0,"player_choice":"Upgraded","damage_taken":0,"max_hp_gain":0,"max_hp_loss":0,"event_name":"Upgrade Shrine","floor":3,"gold_loss":0,"cards_upgraded":["SignatureMove"]},{"damage_healed":0,"gold_gain":0,"player_choice":"Entered Light","damage_taken":15,"max_hp_gain":0,"max_hp_loss":0,"event_name":"Shining Light","floor":10,"gold_loss":0,"cards_upgraded":["Evaluate","Defend_P"]},{"cards_removed":["Strike_P"],"damage_healed":0,"gold_gain":0,"player_choice":"Purged","damage_taken":0,"max_hp_gain":0,"max_hp_loss":0,"event_name":"Purifier","floor":12,"gold_loss":0},{"damage_healed":0,"gold_gain":0,"cards_transformed":["Strike_P"],"player_choice":"Transformed","damage_taken":0,"max_hp_gain":0,"max_hp_loss":0,"event_name":"Transmorgrifier","floor":20,"gold_loss":0,"cards_obtained":["PathToVictory"]},{"cards_removed":["Strike_P"],"damage_healed":0,"gold_gain":0,"player_choice":"Card Removal","damage_taken":0,"max_hp_gain":0,"max_hp_loss":0,"event_name":"Wheel of Change","floor":21,"gold_loss":0}],"is_beta":false,"boss_relics":[{"not_picked":["Fusion Hammer","hubris:VirtuousBlindfold"],"picked":"Calling Bell"}],"items_purged_floors":[],"is_endless":false,"potions_floor_spawned":[1,5,8,13,19,22],"killed_by":"Book of Stabbing","ascension_level":11}}