{"host":"xi9hztp74zq5zdao","time":1613184609,"event":{"mods":["2.2 Compatiblity","BaseMod","Colored Map","Googly Eyes","Halation","Hubris","Minty Spire (QoL Compilation)","Relic Sorter","Replay The Spire","StSLib","The Gatherer","The Hierophant","The Jungle","everything is the same but u backflip on backflip"],"gold_per_floor":[113,113,113,137,212,212,255,270,270,289,289,115,115,154,154,278,278,301,149,129,142,155,155,190,5,5,5,5,26,57,72,72,202,202,220,95,95,115,138,138,138],"floor_reached":40,"language":"ENG","playtime":1860,"items_purged":["Strike_G","Fluid Movement","Poisoned Stab"],"score":481,"play_id":"12324e78-2802-4d74-a588-095e599fe883","local_time":"20210212215009","is_ascension_mode":true,"campfire_choices":[{"data":"Infinite Blades","floor":6,"key":"SMITH"},{"floor":13,"key":"REST"},{"data":"Burst","floor":15,"key":"SMITH"},{"data":"ReplayTheSpireMod:Shiv Toss","floor":23,"key":"SMITH"},{"data":"Infinite Blades","floor":28,"key":"SMITH"},{"floor":32,"key":"REST"}],"circlet_count":0,"master_deck":["Survivor","Neutralize","ReplayTheSpireMod:Shiv Toss+1","Infinite Blades+1","Acrobatics","Blade Dance","Burst+1","Acrobatics","Blade Dance+1","Infinite Blades+1","Heel Hook","Footwork","PiercingWail","Flying Knee","Dagger Spray","Backstab","Slice+1","Accuracy","Noxious Fumes+1","Phantasmal Killer+1","Deflect+1","Accuracy+1"],"relics":["Ring of the Snake","Golden Idol","halation:SelfBoilingWater","Ninja Scroll","halation:EternalFortune","Singing Bowl","Pandora\u0027s Box","Nunchaku","theJungle:Creamberry","halation:BottledLove","White Beast Statue","ReplayTheSpireMod:DimensionalGlitch"],"acts_visited":["Exordium","Exordium","TheBeyond"],"potions_floor_usage":[7,30,33,40,40],"damage_taken":[{"damage":0,"enemies":"Cultist","floor":1,"turns":5},{"damage":7,"enemies":"Small Slimes","floor":4,"turns":5},{"damage":39,"enemies":"Gremlin Nob","floor":7,"turns":6},{"damage":1,"enemies":"Jaw Worm","floor":8,"turns":3},{"damage":0,"enemies":"Looter","floor":10,"turns":3},{"damage":18,"enemies":"Lagavulin","floor":14,"turns":5},{"damage":6,"enemies":"Hexaghost","floor":16,"turns":6},{"damage":16,"enemies":"theJungle:Flameango_and_Byrd","floor":18,"turns":4},{"damage":8,"enemies":"theJungle:5_Spyders","floor":21,"turns":4},{"damage":0,"enemies":"theJungle:JungleHuntersEncounter","floor":22,"turns":6},{"damage":8,"enemies":"theJungle:MamaSnecko","floor":24,"turns":4},{"damage":25,"enemies":"theJungle:Snecko_Cultist_And_Trap","floor":29,"turns":3},{"damage":6,"enemies":"theJungle:2_Phrogs","floor":30,"turns":6},{"damage":11,"enemies":"theJungle:2_Snecko_Cultists","floor":31,"turns":3},{"damage":48,"enemies":"theJungle:TotemBoss","floor":33,"turns":6},{"damage":38,"enemies":"3 Darklings","floor":35,"turns":5},{"damage":15,"enemies":"Orb Walker","floor":38,"turns":2},{"damage":10,"enemies":"3 Darklings","floor":39,"turns":4},{"damage":30,"enemies":"Nemesis","floor":40,"turns":4}],"seed_played":"-5112957780387496827","potions_obtained":[{"floor":1,"key":"Block Potion"},{"floor":4,"key":"Reflective Coating"},{"floor":14,"key":"SteroidPotion"},{"floor":20,"key":"Regen Potion"},{"floor":30,"key":"ColorlessPotion"},{"floor":33,"key":"SpeedPotion"},{"floor":39,"key":"Block Potion"}],"is_trial":false,"path_per_floor":["M","?","?","M","?","R","E","M","T","M","?","$","R","E","R","B",null,"M","$","?","M","M","R","E","?","T","$","R","M","E","M","R","B",null,"M","$","?","M","M","E"],"character_chosen":"THE_SILENT","items_purchased":["Blade Dance","Infinite Blades","Adrenaline Potion"],"campfire_rested":2,"item_purchase_floors":[12,12,19],"current_hp_per_floor":[70,63,63,56,45,45,6,5,5,5,8,8,28,12,12,8,72,56,56,56,50,50,50,45,45,45,45,45,22,33,24,49,4,87,51,51,51,36,29,0,0],"gold":138,"neow_bonus":"RANDOM_EVENT","is_daily":false,"chose_seed":false,"campfire_upgraded":4,"win_rate":0.0,"timestamp":1613184609,"path_taken":["M","?","?","?","?","R","E","M","T","M","?","$","R","E","R","BOSS","M","$","?","M","?","R","E","?","T","?","R","M","E","M","R","BOSS","M","$","?","M","M","E"],"items_purchased_type":["Card","Card","Potion"],"build_version":"2020-12-22","purchased_purges":3,"victory":false,"max_hp_per_floor":[70,70,65,65,65,65,65,65,65,65,68,68,68,70,70,72,72,72,72,72,74,74,74,77,77,77,77,77,79,82,84,84,87,87,89,89,89,89,92,92,92],"card_choices":[{"not_picked":["Underhanded Strike","Deflect"],"picked":"Infinite Blades","floor":1},{"not_picked":["Backstab","Tactician"],"picked":"Acrobatics","floor":4},{"not_picked":["Sneak Up","ReplayTheSpireMod:The Works"],"picked":"Blade Dance","floor":7},{"not_picked":["PiercingWail","Bane"],"picked":"Burst","floor":8},{"not_picked":["Poisoned Stab","Masterful Stab"],"picked":"Acrobatics","floor":10},{"not_picked":["Dagger Spray","Tactician","Backflip"],"picked":"Singing Bowl","floor":14},{"not_picked":["Venomology","Bullet Time","Tools of the Trade"],"picked":"Singing Bowl","floor":16},{"not_picked":["Slice","Draining Mist"],"picked":"Backstab","floor":18},{"not_picked":["Sucker Punch","Slice","Phantasmal Killer"],"picked":"Singing Bowl","floor":21},{"not_picked":["hubris:TrickCloak+1","Cloak And Dagger"],"picked":"Slice+1","floor":22},{"not_picked":["Expertise","ReplayTheSpireMod:Speed Training+1"],"picked":"Accuracy","floor":24},{"not_picked":["Quick Slash","Predator+1","Bane"],"picked":"Singing Bowl","floor":29},{"not_picked":["Underhanded Strike","ReplayTheSpireMod:Speed Training+1"],"picked":"Noxious Fumes+1","floor":30},{"not_picked":["Dash+1","Deadly Poison+1","Outmaneuver"],"picked":"Singing Bowl","floor":31},{"not_picked":["A Thousand Cuts+1","ReplayTheSpireMod:Necrosis+1"],"picked":"Phantasmal Killer+1","floor":33},{"not_picked":["Flechettes+1","Hidden Blade+1","Dagger Throw+1"],"picked":"Singing Bowl","floor":35},{"not_picked":["Poisoned Stab+1","Dagger Throw+1"],"picked":"Deflect+1","floor":38},{"not_picked":["Dagger Throw+1","Sucker Punch+1"],"picked":"Accuracy+1","floor":39}],"player_experience":1267896,"relics_obtained":[{"floor":7,"key":"halation:SelfBoilingWater"},{"floor":9,"key":"Ninja Scroll"},{"floor":14,"key":"Singing Bowl"},{"floor":24,"key":"halation:EternalFortune"},{"floor":24,"key":"Nunchaku"},{"floor":26,"key":"halation:BottledLove"},{"floor":30,"key":"halation:EternalFortune"},{"floor":30,"key":"White Beast Statue"},{"floor":33,"key":"halation:EternalFortune"},{"floor":39,"key":"halation:EternalFortune"}],"event_choices":[{"damage_healed":0,"gold_gain":0,"cards_transformed":["Strike_G"],"player_choice":"Change","damage_taken":0,"max_hp_gain":0,"max_hp_loss":0,"event_name":"Living Wall","floor":0,"gold_loss":0,"cards_obtained":["ReplayTheSpireMod:Shiv Toss"]},{"cards_removed":["Strike_G"],"damage_healed":0,"gold_gain":0,"player_choice":"Card Removal","damage_taken":7,"max_hp_gain":0,"max_hp_loss":0,"event_name":"Golden Wing","floor":2,"gold_loss":0},{"damage_healed":0,"gold_gain":0,"player_choice":"Lose Max HP","damage_taken":0,"relics_obtained":["Golden Idol"],"max_hp_gain":0,"max_hp_loss":5,"event_name":"Golden Idol","floor":3,"gold_loss":0},{"damage_healed":0,"gold_gain":75,"player_choice":"Gather Gold","damage_taken":11,"max_hp_gain":0,"max_hp_loss":0,"event_name":"World of Goop","floor":5,"gold_loss":0},{"damage_healed":0,"gold_gain":0,"player_choice":"Bought 1 Potion","damage_taken":0,"max_hp_gain":0,"max_hp_loss":0,"event_name":"The Woman in Blue","floor":20,"gold_loss":0}],"is_beta":false,"boss_relics":[{"not_picked":["ChewingGum","hubris:RunicObelisk"],"picked":"Pandora\u0027s Box"},{"not_picked":["halation:PlatinumPhoenix","hubris:Stopwatch"],"picked":"ReplayTheSpireMod:DimensionalGlitch"}],"items_purged_floors":[12,19,36],"is_endless":false,"potions_floor_spawned":[1,4,14,22,29,30,31,33,35,38,39],"killed_by":"Nemesis","ascension_level":1}}