{"host":"szp1d6dso4pv7ddl","time":1613246946,"event":{"mods":["AchievementEnabler","Alarm Clock","BaseMod","Bestiary","Block Reminder","Colored Map","Colored Powertips","Curses Come First","Dark Map","Displayed Cursed Tome","Highlight Path","Minty Spire (QoL Compilation)","Permanent Neow","Quick Restart","Relic Sorter","Relic Stats","StSLib","Synergy Search"],"gold_per_floor":[112,29,29,29,29,56,56,66,66,80,93,103,132,150,150,223,223,223,223,223],"floor_reached":19,"language":"ENG","playtime":911,"items_purged":[],"score":458,"play_id":"e1899f88-e5f4-491b-a96b-9fcd4431d465","local_time":"20210213120906","is_ascension_mode":true,"campfire_choices":[{"data":"Catalyst","floor":7.0,"key":"SMITH"},{"floor":15.0,"key":"REST"}],"circlet_count":0,"master_deck":["AscendersBane","Strike_G","Strike_G","Strike_G","Strike_G","Strike_G","Defend_G","Defend_G","Defend_G","Defend_G","Defend_G","Survivor","Neutralize","Catalyst+1","Catalyst","Dagger Throw","Deadly Poison","Leg Sweep","Acrobatics","PiercingWail","Dodge and Roll","Venomology"],"relics":["Ring of the Snake","NeowsBlessing","Lantern","Question Card","Potion Belt","Singing Bowl","Gambling Chip","Ectoplasm"],"acts_visited":["Exordium","TheCity"],"potions_floor_usage":[18],"damage_taken":[{"damage":0.0,"enemies":"Small Slimes","floor":1.0,"turns":1.0},{"damage":0.0,"enemies":"Gremlin Nob","floor":6.0,"turns":1.0},{"damage":0.0,"enemies":"2 Louse","floor":8.0,"turns":1.0},{"damage":0.0,"enemies":"Cultist","floor":10.0,"turns":3.0},{"damage":7.0,"enemies":"Looter","floor":11.0,"turns":4.0},{"damage":1.0,"enemies":"Blue Slaver","floor":12.0,"turns":4.0},{"damage":35.0,"enemies":"3 Sentries","floor":13.0,"turns":10.0},{"damage":5.0,"enemies":"Lots of Slimes","floor":14.0,"turns":7.0},{"damage":14.0,"enemies":"Hexaghost","floor":16.0,"turns":8.0},{"damage":13,"enemies":"Spheric Guardian","floor":18,"turns":5},{"damage":44,"enemies":"Masked Bandits","floor":19,"turns":3}],"seed_played":"-6240314883482628190","potions_obtained":[{"floor":1.0,"key":"Poison Potion"},{"floor":6.0,"key":"SkillPotion"},{"floor":11.0,"key":"PowerPotion"},{"floor":12.0,"key":"LiquidMemories"},{"floor":13.0,"key":"LiquidMemories"}],"is_trial":false,"path_per_floor":["M","$","?","?","$","E","R","M","T","M","M","M","E","M","R","B",null,"M","?"],"character_chosen":"THE_SILENT","items_purchased":["Catalyst"],"campfire_rested":1,"item_purchase_floors":[2],"current_hp_per_floor":[59,59,48,48,48,48,48,48,48,50,43,42,7,2,22,8,53,42,0,0],"gold":223,"neow_bonus":"THREE_ENEMY_KILL","is_daily":false,"chose_seed":false,"campfire_upgraded":1,"win_rate":0.0,"timestamp":1613246946,"path_taken":["M","$","?","?","$","E","R","M","T","M","?","M","E","M","R","BOSS","M","?"],"items_purchased_type":["Card"],"build_version":"2020-12-22","purchased_purges":0,"victory":false,"max_hp_per_floor":[66,66,66,66,66,66,66,66,66,68,68,68,68,68,68,68,68,70,70,70],"relic_stats":{"Singing Bowl":4,"counters":[11,47],"Gambling Chip":[14],"Ectoplasm":14,"Question Card":9,"obtain_stats":[{"Potion Belt":6,"Lantern":3,"NeowsBlessing":0,"Singing Bowl":9,"Gambling Chip":13,"Ectoplasm":17,"Question Card":4,"Ring of the Snake":0},{"Potion Belt":2,"Lantern":1,"NeowsBlessing":0,"Singing Bowl":3,"Gambling Chip":7,"Ectoplasm":9,"Question Card":1,"Ring of the Snake":0},{"Potion Belt":2,"Lantern":1,"NeowsBlessing":0,"Singing Bowl":3,"Gambling Chip":24,"Ectoplasm":39,"Question Card":1,"Ring of the Snake":0}],"Ring of the Snake":[22]},"card_choices":[{"not_picked":["Eviscerate","Deadly Poison"],"picked":"Catalyst","floor":1.0},{"not_picked":["Dagger Spray","Underhanded Strike","Concentrate"],"picked":"Dagger Throw","floor":6.0},{"not_picked":["Tactician","Cloak And Dagger","Venomology"],"picked":"Deadly Poison","floor":8.0},{"not_picked":["Choke","Tactician","Eviscerate","Dagger Throw"],"picked":"Singing Bowl","floor":10.0},{"not_picked":["Eviscerate","Concentrate","Expertise"],"picked":"Leg Sweep","floor":11.0},{"not_picked":["Endless Agony","Terror","Bane"],"picked":"Acrobatics","floor":12.0},{"not_picked":["Masterful Stab","Blade Dance","Heel Hook"],"picked":"PiercingWail","floor":13.0},{"not_picked":["Outmaneuver","Cloak And Dagger","Flying Knee"],"picked":"Dodge and Roll","floor":14.0},{"not_picked":["Wraith Form v2","After Image","Malaise"],"picked":"Venomology","floor":16.0},{"not_picked":["Flying Knee","Quick Slash","Dagger Spray","Deflect"],"picked":"Singing Bowl","floor":18}],"player_experience":1564774,"relics_obtained":[{"floor":6.0,"key":"Potion Belt"},{"floor":9.0,"key":"Singing Bowl"},{"floor":13.0,"key":"Gambling Chip"}],"event_choices":[{"damage_healed":0.0,"max_hp_gain":0.0,"max_hp_loss":0.0,"gold_gain":0.0,"event_name":"Scrap Ooze","player_choice":"Success","floor":3.0,"gold_loss":0.0,"damage_taken":11.0,"relics_obtained":["Lantern"]},{"damage_healed":0.0,"max_hp_gain":0.0,"max_hp_loss":0.0,"gold_gain":0.0,"event_name":"WeMeetAgain","player_choice":"Gave Potion","floor":4.0,"gold_loss":0.0,"damage_taken":0.0,"relics_obtained":["Question Card"]},{"damage_healed":0,"gold_gain":0,"player_choice":"Fought Bandits","damage_taken":0,"max_hp_gain":0,"max_hp_loss":0,"event_name":"Masked Bandits","floor":19,"gold_loss":0}],"is_beta":false,"boss_relics":[{"not_picked":["SlaversCollar","Empty Cage"],"picked":"Ectoplasm"}],"items_purged_floors":[],"is_endless":false,"potions_floor_spawned":[1,6,11,12,13],"killed_by":"Masked Bandits","ascension_level":20}}