{"host":"rb2p2z6v6vieend5","time":1613179511,"event":{"mods":["BaseMod","Block Reminder","Colored Map","DeckTracker","Highlight Path","Minty Spire (QoL Compilation)","Random Character Button","Relic Stats"],"gold_per_floor":[113,124,124,144,161,161,194,194,194,194,223,241,15,48,48,125,125,139,139,64,64,0,25,42,42,65,65,65,65,78,113,113,113,113],"floor_reached":33,"language":"ENG","playtime":1603,"items_purged":["Strike_G"],"score":538,"play_id":"271cc32e-eff9-4e45-9be0-58cd324999ec","local_time":"20210213022511","is_ascension_mode":true,"campfire_choices":[{"data":"Noxious Fumes","floor":6,"key":"SMITH"},{"data":"Noxious Fumes","floor":8,"key":"SMITH"},{"data":"Leg Sweep","floor":10,"key":"SMITH"},{"data":"Skewer","floor":15,"key":"SMITH"},{"floor":27,"key":"REST"},{"floor":29,"key":"REST"},{"floor":32,"key":"REST"}],"circlet_count":0,"master_deck":["AscendersBane","Strike_G","Strike_G","Strike_G","Strike_G","Defend_G","Defend_G","Defend_G","Defend_G","Survivor","Neutralize","Leg Sweep+1","Noxious Fumes+1","Noxious Fumes+1","Quick Slash","Predator","Backflip","Well Laid Plans","Skewer+1","Escape Plan","Corpse Explosion","Crippling Poison","RitualDagger","Escape Plan","Caltrops","Terror"],"relics":["Runic Dome","Ice Cream","White Beast Statue","StrikeDummy","Snake Skull","Sundial","SacredBark","Tiny Chest","Happy Flower","StoneCalendar"],"acts_visited":["Exordium","TheCity"],"potions_floor_usage":[11,16,18,23,24,24,31,31,31,31,33],"damage_taken":[{"damage":2,"enemies":"Small Slimes","floor":1,"turns":5},{"damage":0,"enemies":"Cultist","floor":2,"turns":5},{"damage":2,"enemies":"Jaw Worm","floor":4,"turns":6},{"damage":11,"enemies":"Large Slime","floor":5,"turns":8},{"damage":4,"enemies":"Lagavulin","floor":7,"turns":7},{"damage":13,"enemies":"Gremlin Nob","floor":11,"turns":4},{"damage":0,"enemies":"3 Louse","floor":12,"turns":4},{"damage":1,"enemies":"Lagavulin","floor":14,"turns":5},{"damage":8,"enemies":"Hexaghost","floor":16,"turns":8},{"damage":10,"enemies":"3 Byrds","floor":18,"turns":4},{"damage":39,"enemies":"Book of Stabbing","floor":23,"turns":8},{"damage":0,"enemies":"Chosen","floor":24,"turns":4},{"damage":12,"enemies":"Centurion and Healer","floor":30,"turns":7},{"damage":28,"enemies":"Gremlin Leader","floor":31,"turns":5},{"damage":29,"enemies":"Collector","floor":33,"turns":3}],"seed_played":"-4802646169939811506","potions_obtained":[{"floor":1,"key":"Fire Potion"},{"floor":7,"key":"Regen Potion"},{"floor":11,"key":"DuplicationPotion"},{"floor":16,"key":"Explosive Potion"},{"floor":18,"key":"Dexterity Potion"},{"floor":23,"key":"BlessingOfTheForge"},{"floor":24,"key":"PowerPotion"},{"floor":30,"key":"EntropicBrew"},{"floor":31,"key":"LiquidBronze"}],"is_trial":false,"path_per_floor":["M","M","?","M","M","R","E","R","T","R","E","M","$","E","R","B",null,"M","?","?","?","?","E","M","$","T","R","$","R","M","E","R","B"],"character_chosen":"THE_SILENT","items_purchased":["Well Laid Plans","Skewer"],"campfire_rested":3,"item_purchase_floors":[13,13],"current_hp_per_floor":[61,61,61,59,48,48,44,44,44,44,43,43,43,42,42,34,61,51,51,51,45,45,6,6,6,6,27,27,48,36,8,29,0,0],"gold":113,"neow_bonus":"BOSS_RELIC","is_daily":false,"chose_seed":false,"campfire_upgraded":4,"win_rate":0.0,"timestamp":1613179511,"path_taken":["M","M","?","?","?","R","E","R","T","R","E","M","$","E","R","BOSS","M","?","?","?","?","E","M","$","T","R","$","R","M","E","R","BOSS"],"items_purchased_type":["Card","Card"],"build_version":"2020-12-22","purchased_purges":1,"victory":false,"max_hp_per_floor":[70,70,70,70,70,70,70,70,70,70,70,70,70,70,70,70,70,70,70,70,70,70,70,70,70,70,70,70,70,70,70,70,70,70],"relic_stats":{"Happy Flower":[5],"counters":[15,83],"Sundial":[6],"Tiny Chest":0,"StoneCalendar":[0],"Snake Skull":[50],"obtain_stats":[{"Ice Cream":3,"Runic Dome":0,"Happy Flower":26,"Sundial":14,"SacredBark":17,"Tiny Chest":23,"StoneCalendar":31,"Snake Skull":11,"StrikeDummy":9,"White Beast Statue":7,"Ring of the Snake":0},{"Ice Cream":2,"Runic Dome":0,"Happy Flower":12,"Sundial":8,"SacredBark":9,"Tiny Chest":11,"StoneCalendar":14,"Snake Skull":6,"StrikeDummy":5,"White Beast Statue":5,"Ring of the Snake":0},{"Ice Cream":10,"Runic Dome":0,"Happy Flower":68,"Sundial":44,"SacredBark":52,"Tiny Chest":64,"StoneCalendar":80,"Snake Skull":35,"StrikeDummy":31,"White Beast Statue":31,"Ring of the Snake":0}]},"card_choices":[{"not_picked":["Blur","Cloak And Dagger"],"picked":"Leg Sweep","floor":1},{"not_picked":["Expertise","Riddle With Holes"],"picked":"Noxious Fumes","floor":2},{"not_picked":["Deflect","Flechettes"],"picked":"Noxious Fumes","floor":4},{"not_picked":["Cloak And Dagger","PiercingWail"],"picked":"Quick Slash","floor":5},{"not_picked":["Outmaneuver","Expertise","Concentrate"],"picked":"SKIP","floor":7},{"not_picked":["Outmaneuver","Sucker Punch"],"picked":"Predator","floor":11},{"not_picked":["Reflex","Expertise"],"picked":"Backflip","floor":12},{"not_picked":["Flying Knee","Sucker Punch"],"picked":"Escape Plan","floor":14},{"not_picked":["After Image","Unload"],"picked":"Corpse Explosion","floor":16},{"not_picked":["Acrobatics","Outmaneuver"],"picked":"Crippling Poison","floor":18},{"not_picked":["Quick Slash","Concentrate"],"picked":"Escape Plan","floor":23},{"not_picked":["Escape Plan","Finisher"],"picked":"Caltrops","floor":24},{"not_picked":["Concentrate","Predator"],"picked":"Terror","floor":30},{"not_picked":["Reflex","Sucker Punch+1","PiercingWail"],"picked":"SKIP","floor":31}],"player_experience":726728,"relics_obtained":[{"floor":3,"key":"Ice Cream"},{"floor":7,"key":"White Beast Statue"},{"floor":9,"key":"StrikeDummy"},{"floor":11,"key":"Snake Skull"},{"floor":14,"key":"Sundial"},{"floor":23,"key":"Tiny Chest"},{"floor":26,"key":"Happy Flower"},{"floor":31,"key":"StoneCalendar"}],"event_choices":[{"damage_healed":0,"gold_gain":0,"player_choice":"Relic","damage_taken":0,"max_hp_gain":0,"max_hp_loss":0,"event_name":"Wheel of Change","floor":3,"gold_loss":0},{"damage_healed":0,"gold_gain":0,"player_choice":"Ignored","damage_taken":0,"max_hp_gain":0,"max_hp_loss":0,"event_name":"Vampires","floor":19,"gold_loss":0},{"cards_removed":["Defend_G"],"damage_healed":0,"gold_gain":0,"player_choice":"Gave Gold","damage_taken":0,"max_hp_gain":0,"max_hp_loss":0,"event_name":"Beggar","floor":20,"gold_loss":75},{"damage_healed":0,"gold_gain":0,"player_choice":"Joined the Cult","damage_taken":6,"max_hp_gain":0,"max_hp_loss":0,"event_name":"Nest","floor":21,"gold_loss":0,"cards_obtained":["RitualDagger"]},{"damage_healed":0,"gold_gain":0,"player_choice":"Paid Fearfully","damage_taken":0,"max_hp_gain":0,"max_hp_loss":0,"event_name":"Masked Bandits","floor":22,"gold_loss":64}],"is_beta":false,"boss_relics":[{"not_picked":["Fusion Hammer","Calling Bell"],"picked":"SacredBark"}],"items_purged_floors":[13],"is_endless":false,"potions_floor_spawned":[1,7,11,12,14,16,18,23,24,30,31],"killed_by":"Collector","ascension_level":13}}