{"host":"2q4w55ev63ot6isg","time":1613250916,"event":{"mods":["Aspiration","BaseMod","Downfall","Hubris","Marisa????????","Minty Spire (QoL Compilation)","Replay The Spire","StSLib","The Cursed","The Jungle","The Servant 0.9.4"],"gold_per_floor":[99,112,206,226,236,236,236,250,266,266,55,55,55,99,166,270,270,270,293,319,364,364,364],"floor_reached":21,"language":"ENG","playtime":832,"items_purged":[],"score":199,"play_id":"eea2551f-b78f-4733-9fdc-1a28d8e013aa","local_time":"20210213131516","is_ascension_mode":true,"campfire_choices":[{"data":"bronze:Goto","floor":1,"key":"SMITH"},{"floor":10,"key":"REST"},{"floor":12,"key":"REST"},{"data":"bronze:Fortify","floor":18,"key":"SMITH"}],"circlet_count":0,"master_deck":["bronze:Strike","bronze:Strike","bronze:Strike","bronze:Strike","bronze:Defend","bronze:Defend","bronze:Defend","bronze:Defend","bronze:Replicate","bronze:Goto+1","bronze:Refactor","bronze:Optimize","bronze:FollowUp","bronze:GetLatest","bronze:Repulsor","bronze:WhirlingStrike","bronze:ClassDefault","bronze:Fortify+1","ReplayTheSpireMod:Private Reserves","bronze:SpaghettiCode","bronze:ForceShield","bronze:Library","bronze:BuggyMess","bronze:WhirlingStrike+1"],"relics":["bronze:BronzeCore","Pen Nib","ReplayTheSpireMod:Ring of Challenge","Ring of Panic","Bronze Scales","Blue Doll","bronze:BottledCode","CeramicFish","Painkiller Herb"],"acts_visited":["Exordium","TheCity"],"potions_floor_usage":[9,16,20,21,21],"damage_taken":[{"damage":0,"enemies":"Cultist","floor":2,"turns":4},{"damage":0,"enemies":"Small Slimes","floor":4,"turns":4},{"damage":3,"enemies":"2 Louse","floor":5,"turns":3},{"damage":33,"enemies":"Large Slime","floor":8,"turns":4},{"damage":0,"enemies":"Lots of Slimes","floor":9,"turns":1},{"damage":0,"enemies":"downfall:FleeingMerchant","floor":11,"turns":4},{"damage":18,"enemies":"3 Sentries","floor":14,"turns":7},{"damage":5,"enemies":"Blue Slaver","floor":15,"turns":5},{"damage":11,"enemies":"SI_SHIV_ARCHETYPE","floor":16,"turns":5},{"damage":5,"enemies":"Shell Parasite","floor":19,"turns":4},{"damage":8,"enemies":"3 Byrds","floor":20,"turns":4},{"damage":49,"enemies":"Centurion and Healer","floor":21,"turns":4}],"seed_played":"-1995191977461427068","potions_obtained":[{"floor":2,"key":"CultistPotion"},{"floor":8,"key":"Explosive Potion"},{"floor":9,"key":"hexamod:SoulburnPotion"},{"floor":15,"key":"Weak Potion"},{"floor":16,"key":"Elixir"}],"is_trial":false,"path_per_floor":["R","M","?","M","M","?","T","M","M","R","$","R","?","E","M","B",null,"T","?","?","?"],"character_chosen":"THE_AUTOMATON","items_purchased":["Blue Doll","ReplayTheSpireMod:Private Reserves"],"campfire_rested":2,"item_purchase_floors":[11,11],"current_hp_per_floor":[70,70,53,53,50,50,50,17,17,38,38,59,59,41,36,25,60,60,55,47,0,0,0],"gold":364,"neow_bonus":"RANDOM_COMMON_RELIC","is_daily":false,"chose_seed":false,"campfire_upgraded":2,"win_rate":0.0,"timestamp":1613250916,"path_taken":["R","M","?","M","M","?","T","M","M","R","$","R","?","E","M","BOSS","T","?","?","?"],"items_purchased_type":["Relic","Card"],"build_version":"2020-12-22","purchased_purges":0,"victory":false,"max_hp_per_floor":[70,70,70,70,70,70,70,70,70,70,70,70,60,60,60,60,60,60,60,60,60,60,60],"card_choices":[{"not_picked":["bronze:Invalidate","bronze:WildBeam"],"picked":"bronze:Refactor","floor":2},{"not_picked":["bronze:WildBeam","bronze:Backtrace"],"picked":"bronze:Optimize","floor":3},{"not_picked":["bronze:BitShift","bronze:Overheat"],"picked":"bronze:FollowUp","floor":3},{"not_picked":["bronze:CutThrough","bronze:Fortify"],"picked":"bronze:GetLatest","floor":3},{"not_picked":["bronze:Allocate","bronze:Invalidate"],"picked":"bronze:Repulsor","floor":4},{"not_picked":["bronze:Frontload","bronze:Separator"],"picked":"bronze:WhirlingStrike","floor":5},{"not_picked":["bronze:Invalidate","bronze:Philosophize"],"picked":"bronze:ClassDefault","floor":8},{"not_picked":["bronze:Deprecate","bronze:ClassDefault","bronze:BitShift"],"picked":"SKIP","floor":9},{"not_picked":["bronze:Safeguard","bronze:OilSpill"],"picked":"bronze:Fortify","floor":11},{"not_picked":["bronze:DelayedSlice","bronze:Branch"],"picked":"bronze:SpaghettiCode","floor":14},{"not_picked":["bronze:WildBeam","bronze:CutThrough"],"picked":"bronze:ForceShield","floor":15},{"not_picked":["bronze:Format","bronze:InfiniteLoop"],"picked":"bronze:Library","floor":16},{"not_picked":["bronze:Backtrace","bronze:CutThrough"],"picked":"bronze:BuggyMess","floor":19},{"not_picked":["bronze:Deprecate","bronze:ClassDefault"],"picked":"bronze:WhirlingStrike+1","floor":20}],"player_experience":249136,"relics_obtained":[{"floor":6,"key":"ReplayTheSpireMod:Ring of Challenge"},{"floor":6,"key":"Ring of Panic"},{"floor":7,"key":"Bronze Scales"},{"floor":14,"key":"CeramicFish"}],"event_choices":[],"is_beta":false,"boss_relics":[{"not_picked":["hubris:VirtuousBlindfold","aspiration:SecretTechniqueScroll"],"picked":"Painkiller Herb"}],"items_purged_floors":[],"is_endless":false,"potions_floor_spawned":[2,8,9,15,16],"killed_by":"Centurion and Healer","ascension_level":2}}