{"host":"ajak9mjnql5yolum","time":1613258850,"event":{"mods":["BaseMod","Better Match","Better Note","Block Reminder","Colored Powertips","Fox Events","Minty Spire (QoL Compilation)","Shop Mod","StSLib"],"gold_per_floor":[119,130,30,30,43,43,108,143,143,162,162,10,28,42,42,139,139,153,1,20,20,20,20,20,20,20,20,20,31,31,46,46,46,46],"floor_reached":33,"language":"ENG","playtime":1301,"items_purged":[],"score":247,"play_id":"fa329641-4f65-4e59-ba0e-93c5b38e63ff","local_time":"20210213172730","is_ascension_mode":false,"campfire_choices":[{"floor":11,"key":"REST"},{"data":"Infinite Blades","floor":15,"key":"SMITH"},{"data":"Phantasmal Killer","floor":23,"key":"SMITH"},{"data":"Dodge and Roll","floor":25,"key":"SMITH"},{"data":"1","floor":30,"key":"LIFT"},{"floor":32,"key":"REST"}],"circlet_count":0,"master_deck":["Strike_G","Strike_G","Strike_G","Strike_G","Strike_G","Defend_G","Defend_G","Defend_G","Defend_G","Defend_G","Survivor+1","Neutralize+1","Eviscerate","Endless Agony","Outmaneuver","Leg Sweep","Dash","Deflect","Dodge and Roll+1","Accuracy","Blur","Infinite Blades+1","Phantasmal Killer+1","CurseOfTheBell","Slice+1","Sucker Punch+1","Slice+1","Catalyst+1","Neutralize+1","Genetic Algorithm+1","Deadly Poison","Noxious Fumes","Noxious Fumes+1","Deadly Poison"],"relics":["Ring of the Snake","NeowsBlessing","Gambling Chip","PreservedInsect","Sundial","OrangePellets","Calling Bell","MealTicket","Molten Egg 2","Prayer Wheel","Medical Kit","Girya"],"acts_visited":["Exordium","TheCity"],"potions_floor_usage":[7,7,16,21,29,33,33],"damage_taken":[{"damage":0,"enemies":"Small Slimes","floor":1,"turns":1},{"damage":0,"enemies":"Cultist","floor":2,"turns":1},{"damage":0,"enemies":"Jaw Worm","floor":5,"turns":1},{"damage":6,"enemies":"Gremlin Nob","floor":7,"turns":3},{"damage":18,"enemies":"3 Sentries","floor":8,"turns":9},{"damage":0,"enemies":"Exordium Thugs","floor":10,"turns":5},{"damage":0,"enemies":"Lots of Slimes","floor":13,"turns":7},{"damage":0,"enemies":"Large Slime","floor":14,"turns":8},{"damage":9,"enemies":"Slime Boss","floor":16,"turns":10},{"damage":6,"enemies":"Chosen","floor":18,"turns":6},{"damage":13,"enemies":"2 Thieves","floor":20,"turns":4},{"damage":0,"enemies":"Snecko","floor":21,"turns":2},{"damage":13,"enemies":"Centurion and Healer","floor":29,"turns":6},{"damage":16,"enemies":"Snake Plant","floor":31,"turns":4},{"damage":69,"enemies":"Automaton","floor":33,"turns":8}],"seed_played":"-1035941567016215321","potions_obtained":[{"floor":2,"key":"ColorlessPotion"},{"floor":5,"key":"Fire Potion"},{"floor":8,"key":"SmokeBomb"},{"floor":13,"key":"Strength Potion"},{"floor":18,"key":"Poison Potion"},{"floor":20,"key":"Fire Potion"},{"floor":29,"key":"GamblersBrew"}],"is_trial":false,"path_per_floor":["M","M","$","?","M","?","?","E","T","M","R","$","M","M","R","B",null,"M","$","M","M","?","R","$","R","T","?","$","M","R","M","R","B"],"character_chosen":"THE_SILENT","items_purchased":["Outmaneuver","Leg Sweep","OrangePellets","Medical Kit"],"campfire_rested":2,"item_purchase_floors":[3,3,12,19],"current_hp_per_floor":[70,70,70,70,70,70,64,46,46,46,67,67,67,67,67,58,70,64,70,57,57,57,57,70,70,70,70,70,57,57,41,62,0,0],"gold":46,"neow_bonus":"THREE_ENEMY_KILL","is_daily":false,"chose_seed":false,"campfire_upgraded":3,"win_rate":0.0,"timestamp":1613258850,"path_taken":["M","M","$","?","?","?","?","E","T","M","R","$","?","M","R","BOSS","M","$","?","M","?","R","$","R","T","?","?","M","R","M","R","BOSS"],"items_purchased_type":["Card","Card","Relic","Relic"],"build_version":"2020-12-22","purchased_purges":0,"victory":false,"max_hp_per_floor":[70,70,70,70,70,70,70,70,70,70,70,70,70,70,70,70,70,70,70,70,70,70,70,70,70,70,70,70,70,70,70,70,70,70],"card_choices":[{"not_picked":["Prepared","Bouncing Flask"],"picked":"Eviscerate","floor":1},{"not_picked":["Setup","Sucker Punch"],"picked":"Endless Agony","floor":2},{"not_picked":["Underhanded Strike","Eviscerate"],"picked":"Dash","floor":5},{"not_picked":["Backflip","Riddle With Holes"],"picked":"Deflect","floor":7},{"not_picked":["Malaise","Poisoned Stab"],"picked":"Dodge and Roll","floor":8},{"not_picked":["Dagger Throw","Flying Knee"],"picked":"Accuracy","floor":10},{"not_picked":["Dodge and Roll","Reflex"],"picked":"Blur","floor":13},{"not_picked":["Well Laid Plans","Riddle With Holes"],"picked":"Infinite Blades","floor":14},{"not_picked":["Grand Finale","Malaise"],"picked":"Phantasmal Killer","floor":16},{"not_picked":["Acrobatics+1","Dodge and Roll"],"picked":"Slice+1","floor":18},{"not_picked":["All Out Attack+1","Predator+1"],"picked":"Sucker Punch+1","floor":18},{"not_picked":["Backflip+1","Blur+1"],"picked":"Slice+1","floor":20},{"not_picked":["Acrobatics","Blade Dance"],"picked":"Catalyst+1","floor":20},{"not_picked":["Quick Slash+1","Blur+1"],"picked":"Deadly Poison","floor":29},{"not_picked":["Tactician","Cloak And Dagger"],"picked":"Noxious Fumes","floor":29},{"not_picked":["Cloak And Dagger","Calculated Gamble"],"picked":"Noxious Fumes+1","floor":31},{"not_picked":["Die Die Die+1","Dodge and Roll"],"picked":"Deadly Poison","floor":31}],"player_experience":431202,"relics_obtained":[{"floor":8,"key":"PreservedInsect"},{"floor":9,"key":"Sundial"},{"floor":17,"key":"MealTicket"},{"floor":17,"key":"Molten Egg 2"},{"floor":17,"key":"Prayer Wheel"},{"floor":26,"key":"Girya"}],"event_choices":[{"damage_healed":0,"gold_gain":0,"player_choice":"Upgraded","damage_taken":0,"max_hp_gain":0,"max_hp_loss":0,"event_name":"Upgrade Shrine","floor":4,"gold_loss":0,"cards_upgraded":["Neutralize"]},{"damage_healed":0,"gold_gain":0,"player_choice":"Grow","damage_taken":0,"max_hp_gain":0,"max_hp_loss":0,"event_name":"Living Wall","floor":6,"gold_loss":0,"cards_upgraded":["Survivor"]},{"damage_healed":0,"gold_gain":30,"player_choice":"Searched \u00273\u0027 times","damage_taken":0,"relics_obtained":["Gambling Chip"],"max_hp_gain":0,"max_hp_loss":0,"event_name":"Dead Adventurer","floor":7,"gold_loss":0},{"damage_healed":0,"gold_gain":0,"player_choice":"Copied","damage_taken":0,"max_hp_gain":0,"max_hp_loss":0,"event_name":"Duplicator","floor":22,"gold_loss":0,"cards_obtained":["Neutralize"]},{"cards_removed":["Phantasmal Killer"],"damage_healed":0,"gold_gain":0,"player_choice":"Take \u0026 Give","damage_taken":0,"max_hp_gain":0,"max_hp_loss":0,"event_name":"betterNote:BetterNote","floor":27,"gold_loss":0,"cards_obtained":["Genetic Algorithm"]}],"is_beta":false,"boss_relics":[{"not_picked":["Black Star","Coffee Dripper"],"picked":"Calling Bell"}],"items_purged_floors":[],"is_endless":false,"potions_floor_spawned":[2,5,8,13,18,20,29],"killed_by":"Automaton","ascension_level":0}}