{"host":"684z1xpuwaoqmmh1","time":1613235178,"event":{"mods":["A Magickal Journey","BaseMod","Downfall","Hermit","Jorbs\u0027s Wanderer Trilogy","Marisa????????","Minty Spire (QoL Compilation)","Robot Space Explorer","Shade Mod","StSLib","The Bug Knight","The Dragon Tamer","The Elementalist","The Hayseed","The Hierophant","The Marked","The Mystic","The Runesmith","The Saiyan","The Senshi","The Spell Scribe","The Vixen","TheBandit","TheFirefly"],"gold_per_floor":[119,119,131,142,67,67,83,117,117,117,134,161,161,180,180,254,254,269,269,2,2,52,80,80,94,117,117,117,135,165,192,204,294,306,333,359,388,417,429,476,488,529,541,582,609,621,665,343,343,343,343,343,87,114,114],"floor_reached":56,"language":"ENG","playtime":5259,"items_purged":["theSenshi:SailorKick","theSenshi:SailorKick","Writhe"],"score":2489,"play_id":"a5294a48-9314-47a6-aedf-cc3c97cd0911","local_time":"20210213185258","is_ascension_mode":true,"campfire_choices":[{"data":"theSenshi:IWillPunishYou","floor":6,"key":"SMITH"},{"floor":10,"key":"REST"},{"data":"theSenshi:SailorMarsAssists","floor":15,"key":"SMITH"},{"data":"theSenshi:IWillPunishYou","floor":24,"key":"SMITH"},{"data":"theSenshi:MoonHealingEscalation","floor":27,"key":"SMITH"},{"data":"theSenshi:MercurysCunning","floor":32,"key":"SMITH"},{"floor":41,"key":"RECALL"},{"data":"theSenshi:MoonCrystalPowerMakeUp","floor":49,"key":"SMITH"},{"data":"theSenshi:InTheNameOfTheMoon","floor":52,"key":"SMITH"}],"circlet_count":0,"master_deck":["AscendersBane","theSenshi:SailorKick","theSenshi:SailorKick","theSenshi:SailorBlock","theSenshi:SailorBlock","theSenshi:SailorBlock","theSenshi:SailorBlock","theSenshi:RoseThrow","theSenshi:MoonPrismPowerMakeUp","theSenshi:IWillPunishYou+1","theSenshi:SailorChibiMoonAssists","theSenshi:MercurysCunning+1","theSenshi:SailorMarsAssists+1","theSenshi:StudyParty+1","theSenshi:SailorJupiterAssists","theSenshi:SailorVenusAssists","theSenshi:IWillPunishYou+1","theSenshi:MoonHealingEscalation+1","theSenshi:SailorV","theSenshi:InTheNameOfTheMoon+1","theSenshi:SailorPlanetAttack+1","theSenshi:SailorUranusAssists+1","theSenshi:MoonCrystalPowerMakeUp+1","Finesse","theSenshi:MoonCrisisMakeUp"],"relics":["theSenshi:TransformationBroochRelic","Ornamental Fan","hexamod:CandleOfCauterizing","theSenshi:SailorFukuRelic","Busted Crown","theSenshi:RedHairPiecesRelic","Slimebound:PreparedRelic","Oddly Smooth Stone","Centennial Puzzle","MawBank","sneckomod:SneckoTalon","bronze:DecasWashers","theSenshi:TiaraRelic","theSenshi:CrescentMoonWandRelic","Boot","theSenshi:ChokerRelic","hexamod:BolsterEngine","Happy Flower"],"acts_visited":["Exordium","TheCity","TheBeyond","TheEnding"],"potions_floor_usage":[8,23,30,42,42,55,55],"damage_taken":[{"damage":2,"enemies":"Small Slimes","floor":1,"turns":5},{"damage":5,"enemies":"Cultist","floor":3,"turns":5},{"damage":0,"enemies":"2 Louse","floor":4,"turns":2},{"damage":6,"enemies":"Large Slime","floor":7,"turns":6},{"damage":25,"enemies":"3 Sentries","floor":8,"turns":8},{"damage":14,"enemies":"3 Louse","floor":11,"turns":3},{"damage":0,"enemies":"Gremlin Nob","floor":12,"turns":3},{"damage":0,"enemies":"2 Fungi Beasts","floor":14,"turns":4},{"damage":0,"enemies":"Slime Boss","floor":16,"turns":7},{"damage":22,"enemies":"3 Byrds","floor":18,"turns":5},{"damage":0,"enemies":"Book of Stabbing","floor":23,"turns":5},{"damage":0,"enemies":"2 Thieves","floor":25,"turns":4},{"damage":0,"enemies":"Centurion and Healer","floor":29,"turns":6},{"damage":34,"enemies":"Gremlin Leader","floor":30,"turns":11},{"damage":0,"enemies":"Cultist and Chosen","floor":31,"turns":6},{"damage":14,"enemies":"Collector","floor":33,"turns":11},{"damage":11,"enemies":"3 Shapes","floor":35,"turns":5},{"damage":0,"enemies":"Orb Walker","floor":36,"turns":3},{"damage":6,"enemies":"4 Shapes","floor":37,"turns":8},{"damage":37,"enemies":"Jaw Worm Horde","floor":38,"turns":4},{"damage":16,"enemies":"Giant Head","floor":40,"turns":5},{"damage":10,"enemies":"Reptomancer","floor":42,"turns":5},{"damage":0,"enemies":"Giant Head","floor":44,"turns":6},{"damage":17,"enemies":"Writhing Mass","floor":45,"turns":5},{"damage":0,"enemies":"Nemesis","floor":47,"turns":5},{"damage":8,"enemies":"Donu and Deca","floor":50,"turns":8},{"damage":28,"enemies":"Shield and Spear","floor":54,"turns":6},{"damage":20,"enemies":"The Heart","floor":55,"turns":11}],"seed_played":"4526786418486063582","potions_obtained":[{"floor":4,"key":"Swift Potion"},{"floor":7,"key":"FearPotion"},{"floor":12,"key":"Energy Potion"},{"floor":18,"key":"Regen Potion"},{"floor":29,"key":"ColorlessPotion"},{"floor":30,"key":"DuplicationPotion"},{"floor":37,"key":"PowerPotion"},{"floor":44,"key":"Block Potion"},{"floor":47,"key":"PowerPotion"}],"is_trial":false,"path_per_floor":["M","?","M","M","$","R","M","E","T","R","M","E","?","M","R","B",null,"M","?","$","?","?","E","R","M","T","R","?","M","E","M","R","B",null,"M","M","M","M","?","E","R","E","T","E","M","?","E","$","R","B",null,"R","$","E","B",null],"character_chosen":"THE_SENSHI","items_purchased":["theSenshi:RedHairPiecesRelic","theSenshi:MoonCrystalPowerMakeUp","theSenshi:ChokerRelic","hexamod:BolsterEngine","Finesse"],"campfire_rested":1,"item_purchase_floors":[20,48,48,53,53],"current_hp_per_floor":[66,75,70,70,70,70,64,39,39,61,47,47,47,47,47,47,68,46,46,46,46,46,60,60,70,70,70,70,75,61,71,71,75,75,75,75,71,44,44,38,38,38,38,68,68,68,71,71,71,71,71,71,71,53,63],"gold":114,"neow_bonus":"ONE_RANDOM_RARE_CARD","is_daily":false,"chose_seed":false,"campfire_upgraded":7,"win_rate":0.0,"timestamp":1613235178,"path_taken":["M","?","?","M","$","R","M","E","T","R","M","E","?","M","R","BOSS","M","?","$","?","?","E","R","M","T","R","?","M","E","M","R","BOSS","M","M","M","M","?","E","R","E","T","E","M","?","E","?","R","BOSS","R","$","E","BOSS"],"items_purchased_type":["Relic","Card","Relic","Relic","Card"],"build_version":"2020-12-22","purchased_purges":3,"victory":true,"max_hp_per_floor":[75,75,75,75,75,75,75,75,75,75,75,75,75,75,75,75,75,75,75,75,75,75,75,75,75,75,75,75,75,75,75,75,75,75,75,75,75,75,75,75,75,75,75,75,75,71,71,71,71,71,71,71,71,71,71],"card_choices":[{"not_picked":["theSenshi:Overload","theSenshi:TallSilhouette"],"picked":"theSenshi:SailorChibiMoonAssists","floor":1},{"not_picked":["theSenshi:NeptunesGrace","theSenshi:OdangoHead"],"picked":"theSenshi:MercurysCunning","floor":3},{"not_picked":["theSenshi:SailorStarMakerAssists","theSenshi:SailorPlanetPower","theSenshi:Sidestep"],"picked":"SKIP","floor":4},{"not_picked":["theSenshi:SteeledNerves","theSenshi:MoonPunch"],"picked":"theSenshi:SailorMarsAssists","floor":7},{"not_picked":["theSenshi:LunasBite","theSenshi:MoonPower"],"picked":"theSenshi:StudyParty","floor":8},{"not_picked":["theSenshi:LunasBite","theSenshi:SailorVenusAssists"],"picked":"theSenshi:SailorJupiterAssists","floor":11},{"not_picked":["theSenshi:TallSilhouette","theSenshi:DramaticEntrance"],"picked":"theSenshi:SailorVenusAssists","floor":12},{"not_picked":["theSenshi:SailorVenusAssists","theSenshi:MoonPower","theSenshi:SupersonicWaves"],"picked":"SKIP","floor":14},{"not_picked":["theSenshi:FatedKiss","theSenshi:StarlightHoneymoonTherapyKiss"],"picked":"theSenshi:IWillPunishYou","floor":16},{"not_picked":["theSenshi:MoonPower"],"picked":"SKIP","floor":18},{"not_picked":[],"picked":"theSenshi:MoonHealingEscalation","floor":23},{"not_picked":[],"picked":"theSenshi:SailorV","floor":25},{"not_picked":["theSenshi:SailorJupiterAssists"],"picked":"SKIP","floor":29},{"not_picked":["theSenshi:SailorVenusAssists"],"picked":"SKIP","floor":30},{"not_picked":["theSenshi:RainbowMoonHeartAche+1"],"picked":"SKIP","floor":31},{"not_picked":[],"picked":"theSenshi:InTheNameOfTheMoon","floor":33},{"not_picked":["theSenshi:LunasBite+1"],"picked":"SKIP","floor":35},{"not_picked":["theSenshi:SailorV"],"picked":"SKIP","floor":36},{"not_picked":[],"picked":"theSenshi:SailorPlanetAttack+1","floor":37},{"not_picked":["theSenshi:MoonsReflection"],"picked":"SKIP","floor":38},{"not_picked":["theSenshi:SchoolBag"],"picked":"SKIP","floor":40},{"not_picked":["theSenshi:MoonKick"],"picked":"SKIP","floor":42},{"not_picked":["theSenshi:TallSilhouette+1"],"picked":"SKIP","floor":44},{"not_picked":["theSenshi:SupersonicWaves"],"picked":"SKIP","floor":45},{"not_picked":[],"picked":"theSenshi:SailorUranusAssists+1","floor":47},{"not_picked":[],"picked":"theSenshi:MoonCrisisMakeUp","floor":54}],"player_experience":3276207,"relics_obtained":[{"floor":8,"key":"Ornamental Fan"},{"floor":9,"key":"hexamod:CandleOfCauterizing"},{"floor":12,"key":"theSenshi:SailorFukuRelic"},{"floor":23,"key":"Oddly Smooth Stone"},{"floor":26,"key":"Centennial Puzzle"},{"floor":30,"key":"MawBank"},{"floor":40,"key":"bronze:DecasWashers"},{"floor":42,"key":"theSenshi:TiaraRelic"},{"floor":44,"key":"theSenshi:CrescentMoonWandRelic"},{"floor":47,"key":"Boot"},{"floor":54,"key":"Happy Flower"}],"event_choices":[{"damage_healed":9,"gold_gain":0,"player_choice":"Full Heal","damage_taken":0,"max_hp_gain":0,"max_hp_loss":0,"event_name":"Wheel of Change","floor":2,"gold_loss":0},{"damage_healed":0,"gold_gain":0,"player_choice":"Grow","damage_taken":0,"max_hp_gain":0,"max_hp_loss":0,"event_name":"Living Wall","floor":13,"gold_loss":0,"cards_upgraded":["theSenshi:StudyParty"]},{"damage_healed":0,"gold_gain":0,"player_choice":"Opened","damage_taken":0,"relics_obtained":["Slimebound:PreparedRelic"],"max_hp_gain":0,"max_hp_loss":0,"event_name":"The Mausoleum","floor":21,"gold_loss":0,"cards_obtained":["Writhe"]},{"damage_healed":0,"gold_gain":0,"player_choice":"Memory 1","damage_taken":0,"max_hp_gain":0,"max_hp_loss":0,"event_name":"SensoryStone","floor":39,"gold_loss":0},{"damage_healed":0,"gold_gain":0,"player_choice":"Max HP","damage_taken":0,"max_hp_gain":0,"max_hp_loss":4,"event_name":"Winding Halls","floor":46,"gold_loss":0}],"is_beta":false,"boss_relics":[{"not_picked":["Velvet Choker","Fusion Hammer"],"picked":"Busted Crown"},{"not_picked":["Runic Dome","Astrolabe"],"picked":"sneckomod:SneckoTalon"}],"items_purged_floors":[5,20,48],"is_endless":false,"potions_floor_spawned":[4,7,12,18,29,30,31,37,40,44,47],"ascension_level":18}}