{"host":"uy3vg6glkp8m6iit","time":1613177893,"event":{"mods":["AchievementEnabler","BaseMod","Colored Map","DeckTracker","Highlight Path","Keyboard Shortcuts","Minty Spire (QoL Compilation)","Quick Restart","Random Character Button","Rare Cards Sparkle","Relic Stats","StSLib","everything is the same but u backflip on backflip"],"gold_per_floor":[119,119,139,150,163,163,196,196,196,196,218,178,178,212,212,289,289,301,318,328,170,170,197,44,44,95,16,42,42,57,70,70,144,144,161,161,172,182,195,230,230,257,257,269,269,285,304,324,324,324,324,324,40,69,69],"floor_reached":56,"language":"KOR","playtime":2587,"items_purged":["Strike_G","Strike_G"],"score":2316,"play_id":"8ddbc2ab-55f0-42f3-ac4b-1635f02acf28","local_time":"20210213095813","is_ascension_mode":true,"campfire_choices":[{"data":"Crippling Poison","floor":6.0,"key":"SMITH"},{"floor":8.0,"key":"REST"},{"data":"Neutralize","floor":10.0,"key":"SMITH"},{"data":"Tactician","floor":13.0,"key":"SMITH"},{"data":"Corpse Explosion","floor":15.0,"key":"SMITH"},{"floor":25.0,"key":"REST"},{"floor":32.0,"key":"REST"},{"floor":41.0,"key":"REST"},{"floor":49.0,"key":"RECALL"},{"floor":52.0,"key":"REST"}],"circlet_count":0,"master_deck":["AscendersBane","Strike_G","Strike_G","Strike_G","Defend_G","Defend_G","Defend_G","Defend_G","Defend_G","Survivor","Neutralize+1","Glass Knife+1","Tactician+1","Crippling Poison+1","Corpse Explosion+1","Deflect+1","Deadly Poison+1","Catalyst+1","Acrobatics+1","Venomology+1","Dodge and Roll+1","Grand Finale+1","Prepared+1","Malaise+1","Tactician+1","Calculated Gamble+1","Reflex+1","Concentrate+1","Acrobatics+1","Impatience+1","Expertise+1"],"relics":["Ring of the Snake","Incense Burner","Toxic Egg 2","Odd Mushroom","Sundial","SlaversCollar","Dream Catcher","Shuriken","Runic Pyramid","Potion Belt","Bronze Scales","Ice Cream","Bag of Preparation"],"acts_visited":["Exordium","TheCity","TheBeyond","TheEnding"],"potions_floor_usage":[54,55,55,55,55,55,55],"damage_taken":[{"damage":0.0,"enemies":"2 Louse","floor":1.0,"turns":3.0},{"damage":0.0,"enemies":"Cultist","floor":3.0,"turns":3.0},{"damage":0.0,"enemies":"Jaw Worm","floor":4.0,"turns":2.0},{"damage":24.0,"enemies":"Large Slime","floor":5.0,"turns":7.0},{"damage":12.0,"enemies":"Gremlin Nob","floor":7.0,"turns":4.0},{"damage":7.0,"enemies":"The Mushroom Lair","floor":11.0,"turns":3.0},{"damage":0.0,"enemies":"Looter","floor":12.0,"turns":4.0},{"damage":10.0,"enemies":"3 Sentries","floor":14.0,"turns":2.0},{"damage":0.0,"enemies":"The Guardian","floor":16.0,"turns":7.0},{"damage":0.0,"enemies":"Chosen","floor":18.0,"turns":3.0},{"damage":12.0,"enemies":"2 Thieves","floor":19.0,"turns":2.0},{"damage":3.0,"enemies":"Snecko","floor":20.0,"turns":5.0},{"damage":18.0,"enemies":"Book of Stabbing","floor":23.0,"turns":5.0},{"damage":20.0,"enemies":"Slavers","floor":28.0,"turns":4.0},{"damage":6.0,"enemies":"Shelled Parasite and Fungi","floor":30.0,"turns":6.0},{"damage":7.0,"enemies":"Snake Plant","floor":31.0,"turns":3.0},{"damage":33.0,"enemies":"Automaton","floor":33.0,"turns":9.0},{"damage":0.0,"enemies":"Orb Walker","floor":35.0,"turns":3.0},{"damage":0.0,"enemies":"3 Shapes","floor":37.0,"turns":5.0},{"damage":6.0,"enemies":"Jaw Worm Horde","floor":38.0,"turns":3.0},{"damage":6.0,"enemies":"3 Darklings","floor":39.0,"turns":3.0},{"damage":7.0,"enemies":"Giant Head","floor":40.0,"turns":7.0},{"damage":36.0,"enemies":"Reptomancer","floor":42.0,"turns":6.0},{"damage":2.0,"enemies":"Spire Growth","floor":44.0,"turns":5.0},{"damage":0.0,"enemies":"Transient","floor":46.0,"turns":6.0},{"damage":0.0,"enemies":"Writhing Mass","floor":47.0,"turns":5.0},{"damage":1.0,"enemies":"4 Shapes","floor":48.0,"turns":4.0},{"damage":12.0,"enemies":"Awakened One","floor":50.0,"turns":13.0},{"damage":34,"enemies":"Shield and Spear","floor":54,"turns":5},{"damage":10,"enemies":"The Heart","floor":55,"turns":7}],"seed_played":"-791183615539523661","potions_obtained":[{"floor":1.0,"key":"Block Potion"},{"floor":7.0,"key":"CunningPotion"},{"floor":14.0,"key":"AttackPotion"},{"floor":16.0,"key":"EntropicBrew"},{"floor":40.0,"key":"Regen Potion"},{"floor":42.0,"key":"FearPotion"},{"floor":54,"key":"PowerPotion"}],"is_trial":false,"path_per_floor":["M","?","M","M","M","R","E","R","T","R","?","M","R","E","R","B",null,"M","M","M","$","?","E","$","R","T","$","E","?","M","M","R","B",null,"M","?","M","M","M","E","R","E","T","M","?","M","M","M","R","B",null,"R","$","E","B",null],"character_chosen":"THE_SILENT","items_purchased":["Grand Finale","Malaise+1","Tactician+1","Impatience+1","Expertise+1"],"campfire_rested":5,"item_purchase_floors":[21,24,27,53,53],"current_hp_per_floor":[59,59,59,59,35,35,23,41,41,41,34,34,34,24,24,24,51,51,39,36,36,36,18,18,36,36,36,16,16,10,3,21,18,50,50,50,50,44,38,31,49,28,28,26,26,26,26,25,25,13,48,60,60,26,16],"gold":69,"neow_bonus":"THREE_RARE_CARDS","is_daily":false,"chose_seed":false,"campfire_upgraded":4,"win_rate":0.0,"timestamp":1613177893,"path_taken":["M","?","?","M","M","R","E","R","T","R","?","M","R","E","R","BOSS","M","M","M","$","?","E","$","R","T","$","E","?","M","?","R","BOSS","M","?","M","M","M","E","R","E","T","M","?","?","M","M","R","BOSS","R","$","E","BOSS"],"items_purchased_type":["Card","Card","Card","Card","Card"],"build_version":"2020-12-22","purchased_purges":2,"victory":true,"max_hp_per_floor":[60,60,60,60,60,60,60,60,60,60,60,60,60,60,60,60,60,60,60,60,60,60,60,60,60,60,60,60,60,60,60,60,60,60,60,60,60,60,60,60,60,60,60,60,60,60,60,60,60,60,60,60,60,60,60],"relic_stats":{"Dream Catcher":4,"counters":[30,144],"Sundial":[20],"Shuriken":[13],"Bronze Scales":[243],"Bag of Preparation":[2],"obtain_stats":[{"Potion Belt":40,"Ice Cream":43,"Incense Burner":7,"Bag of Preparation":54,"Odd Mushroom":11,"SlaversCollar":17,"Dream Catcher":23,"Sundial":14,"Shuriken":28,"Bronze Scales":42,"Toxic Egg 2":9,"Ring of the Snake":0,"Runic Pyramid":34},{"Potion Belt":22,"Ice Cream":23,"Incense Burner":5,"Bag of Preparation":29,"Odd Mushroom":6,"SlaversCollar":9,"Dream Catcher":13,"Sundial":8,"Shuriken":14,"Bronze Scales":23,"Toxic Egg 2":5,"Ring of the Snake":0,"Runic Pyramid":17},{"Potion Belt":93,"Ice Cream":99,"Incense Burner":19,"Bag of Preparation":137,"Odd Mushroom":22,"SlaversCollar":35,"Dream Catcher":50,"Sundial":28,"Shuriken":54,"Bronze Scales":99,"Toxic Egg 2":19,"Ring of the Snake":0,"Runic Pyramid":72}],"Ring of the Snake":[60]},"card_choices":[{"not_picked":["Tools of the Trade","Phantasmal Killer"],"picked":"Glass Knife","floor":0.0},{"not_picked":["Flying Knee","Dodge and Roll"],"picked":"Tactician","floor":1.0},{"not_picked":["Skewer","Distraction"],"picked":"Crippling Poison","floor":3.0},{"not_picked":["Poisoned Stab","Tactician","Catalyst"],"picked":"SKIP","floor":4.0},{"not_picked":["Dodge and Roll","Flechettes","Flying Knee"],"picked":"SKIP","floor":5.0},{"not_picked":["Bane","Sucker Punch"],"picked":"Corpse Explosion","floor":7.0},{"not_picked":["Underhanded Strike","Dagger Throw"],"picked":"Deflect+1","floor":11.0},{"not_picked":["Underhanded Strike","Dash"],"picked":"Deadly Poison+1","floor":12.0},{"not_picked":["Calculated Gamble+1","Sucker Punch"],"picked":"Catalyst+1","floor":14.0},{"not_picked":["Cloak And Dagger+1","Deadly Poison+1"],"picked":"Acrobatics+1","floor":18.0},{"not_picked":["Underhanded Strike","Crippling Poison+1"],"picked":"Venomology+1","floor":19.0},{"not_picked":["Acrobatics+1","Accuracy"],"picked":"Dodge and Roll+1","floor":20.0},{"not_picked":["Skewer","Flying Knee"],"picked":"Prepared+1","floor":23.0},{"not_picked":["Dagger Spray","Concentrate+1"],"picked":"Calculated Gamble+1","floor":28.0},{"not_picked":["Deadly Poison+1","Prepared+1","Blade Dance+1"],"picked":"SKIP","floor":30.0},{"not_picked":["Underhanded Strike+1","Deadly Poison+1","Prepared+1"],"picked":"SKIP","floor":31.0},{"not_picked":["Prepared+1","Slice"],"picked":"Reflex+1","floor":35.0},{"not_picked":["Poisoned Stab+1","Blade Dance+1","Underhanded Strike"],"picked":"SKIP","floor":37.0},{"not_picked":["Dagger Spray","Doppelganger+1","PiercingWail+1"],"picked":"SKIP","floor":38.0},{"not_picked":["Noxious Fumes","Poisoned Stab","Sucker Punch"],"picked":"SKIP","floor":39.0},{"not_picked":["Bullet Time+1","Dash","Accuracy+1"],"picked":"SKIP","floor":40.0},{"not_picked":["Slice+1","Storm of Steel+1"],"picked":"Concentrate+1","floor":42.0},{"not_picked":["Masterful Stab","Sucker Punch","Deadly Poison+1"],"picked":"SKIP","floor":44.0},{"not_picked":["Flying Knee","Tactician+1","Bane"],"picked":"SKIP","floor":46.0},{"not_picked":["Heel Hook+1","Deadly Poison+1","Concentrate+1"],"picked":"SKIP","floor":47.0},{"not_picked":["Bouncing Flask+1","Slice","Poisoned Stab"],"picked":"SKIP","floor":48.0},{"not_picked":["Slice","Dagger Spray+1"],"picked":"Acrobatics+1","floor":52.0},{"not_picked":["Flechettes","Sucker Punch","Distraction+1"],"picked":"SKIP","floor":54}],"player_experience":1517525,"relics_obtained":[{"floor":7.0,"key":"Incense Burner"},{"floor":9.0,"key":"Toxic Egg 2"},{"floor":11.0,"key":"Odd Mushroom"},{"floor":14.0,"key":"Sundial"},{"floor":23.0,"key":"Dream Catcher"},{"floor":28.0,"key":"Shuriken"},{"floor":40.0,"key":"Potion Belt"},{"floor":42.0,"key":"Bronze Scales"},{"floor":43.0,"key":"Ice Cream"},{"floor":54,"key":"Bag of Preparation"}],"event_choices":[{"damage_healed":0.0,"max_hp_gain":0.0,"max_hp_loss":0.0,"gold_gain":0.0,"event_name":"Upgrade Shrine","player_choice":"Upgraded","floor":2.0,"gold_loss":0.0,"damage_taken":0.0,"cards_upgraded":["Glass Knife"]},{"damage_healed":0.0,"max_hp_gain":0.0,"max_hp_loss":0.0,"gold_gain":0.0,"event_name":"Mushrooms","player_choice":"Fought Mushrooms","floor":11.0,"gold_loss":0.0,"damage_taken":0.0},{"damage_healed":0.0,"max_hp_gain":0.0,"max_hp_loss":0.0,"gold_gain":0.0,"event_name":"Vampires","player_choice":"Ignored","floor":22.0,"gold_loss":0.0,"damage_taken":0.0},{"damage_healed":0.0,"max_hp_gain":0.0,"max_hp_loss":0.0,"gold_gain":0.0,"event_name":"Upgrade Shrine","player_choice":"Upgraded","floor":29.0,"gold_loss":0.0,"damage_taken":0.0,"cards_upgraded":["Grand Finale"]},{"damage_healed":0.0,"max_hp_gain":0.0,"max_hp_loss":0.0,"gold_gain":0.0,"event_name":"Tomb of Lord Red Mask","player_choice":"Ignored","floor":36.0,"gold_loss":0.0,"damage_taken":0.0},{"damage_healed":0.0,"max_hp_gain":0.0,"max_hp_loss":0.0,"gold_gain":0.0,"event_name":"Match and Keep!","player_choice":"0 cards matched","floor":45.0,"gold_loss":0.0,"damage_taken":0.0,"cards_obtained":[]}],"is_beta":false,"boss_relics":[{"not_picked":["WristBlade","Ectoplasm"],"picked":"SlaversCollar"},{"not_picked":["Ring of the Serpent","SacredBark"],"picked":"Runic Pyramid"}],"items_purged_floors":[21,53],"is_endless":false,"potions_floor_spawned":[1,7,14,16,20,30,31,35,40,42,46,54],"ascension_level":19}}