{"host":"10hinapzqlh39548","time":1613236458,"event":{"mods":["BaseMod","Colored Powertips","Minty Spire (QoL Compilation)","MostiFishMod","Reliquary","Replay The Spire","StSLib","The Runesmith"],"gold_per_floor":[209,228,228,245,245,245,58,92,92,102,120,131,146,175,175,175,175],"floor_reached":16,"language":"ENG","playtime":1123,"items_purged":[],"score":114,"play_id":"7fcdfde0-16f4-483c-aa75-c768a053b963","local_time":"20210213181418","is_ascension_mode":false,"campfire_choices":[{"data":"Runesmith:Fortify","floor":6,"key":"SMITH"},{"data":"Runesmith:Grindstone","floor":15,"key":"SMITH"}],"circlet_count":0,"master_deck":["Runesmith:Strike_RS","Runesmith:Strike_RS","Runesmith:Strike_RS","Runesmith:Defend_RS","Runesmith:Defend_RS","Runesmith:Defend_RS","Runesmith:Defend_RS","Runesmith:CraftFirestone+1","Runesmith:Fortify+1","Runesmith:ChiselStab","Runesmith:Attraction+1","Runesmith:DoubleUp+1","Runesmith:ChiselStab","Runesmith:Grindstone+1","Runesmith:Accelerate","Runesmith:Attraction"],"relics":["Runesmith:BrokenRuby","DaveBox","CombinedTypeHook","SynthV:TestCard","Guide Book","Pear","Ornamental Fan"],"acts_visited":["Exordium"],"potions_floor_usage":[],"damage_taken":[{"damage":0,"enemies":"Cultist","floor":1,"turns":2},{"damage":1,"enemies":"Jaw Worm","floor":2,"turns":3},{"damage":0,"enemies":"Small Slimes","floor":4,"turns":2},{"damage":13,"enemies":"3 Sentries","floor":8,"turns":7},{"damage":0,"enemies":"2 Fungi Beasts","floor":10,"turns":3},{"damage":0,"enemies":"3 Louse","floor":11,"turns":2},{"damage":0,"enemies":"Large Slime","floor":12,"turns":5},{"damage":11,"enemies":"Exordium Wildlife","floor":13,"turns":2},{"damage":13,"enemies":"Lagavulin","floor":14,"turns":5},{"damage":45,"enemies":"Slime Boss","floor":16,"turns":6}],"seed_played":"4241333272799080358","potions_obtained":[{"floor":1,"key":"PowerPotion"},{"floor":8,"key":"Strength Potion"},{"floor":11,"key":"PowerPotion"}],"is_trial":false,"path_per_floor":["M","M","?","M","?","R","$","E","T","M","M","M","M","E","R","B"],"character_chosen":"RUNESMITH_CLASS","items_purchased":["Runesmith:DoubleUp","Guide Book"],"campfire_rested":0,"item_purchase_floors":[7,7],"current_hp_per_floor":[70,69,62,62,62,62,62,59,59,59,59,59,48,35,35,0,0],"gold":175,"neow_bonus":"HUNDRED_GOLD","is_daily":false,"chose_seed":false,"campfire_upgraded":2,"win_rate":0.0,"timestamp":1613236458,"path_taken":["M","M","?","M","?","R","$","E","T","M","M","M","M","E","R","BOSS"],"items_purchased_type":["Card","Relic"],"build_version":"2020-12-22","purchased_purges":0,"victory":false,"max_hp_per_floor":[70,70,70,70,70,70,70,80,80,80,80,80,80,80,80,80,80],"card_choices":[{"not_picked":["Runesmith:Prism","Runesmith:WhiteBalance","Runesmith:NegativeSpace"],"picked":"SKIP","floor":1},{"not_picked":["Runesmith:FrozenChisel","Runesmith:Grindstone","Runesmith:BackupBattery","Runesmith:HammerThrow"],"picked":"Runesmith:ChiselStab","floor":2},{"not_picked":["Runesmith:HeatExchange","Runesmith:EarthShield","Runesmith:StaticCage","Runesmith:CraftProtectio"],"picked":"Runesmith:Attraction","floor":4},{"not_picked":["Runesmith:Electrocute","Runesmith:CraftMedicinae","Runesmith:Accelerate","Runesmith:WhiteBalance"],"picked":"Runesmith:ChiselStab","floor":8},{"not_picked":["Runesmith:ShiftingStrike","Runesmith:Augment","Runesmith:StaticCage","Runesmith:ElementalConversion"],"picked":"Runesmith:Grindstone","floor":10},{"not_picked":["Runesmith:Attraction","Runesmith:HeatExchange","Runesmith:Repurpose","Runesmith:CraftProtectio"],"picked":"Runesmith:Accelerate","floor":11},{"not_picked":["Runesmith:ChargedHammer","Runesmith:Overpower","Runesmith:EnergizedChisel","Runesmith:ShiftingStrike"],"picked":"Runesmith:Attraction","floor":12},{"not_picked":["Runesmith:CraftMagma","Runesmith:DuctTape","Runesmith:StaticCage","Runesmith:EarthShield","Runesmith:UnstableHammer"],"picked":"SKIP","floor":13},{"not_picked":["Runesmith:ShiftingStrike","Runesmith:Retool","Runesmith:EarthShield","Runesmith:Empowerment","Runesmith:CraftReservo"],"picked":"SKIP","floor":14}],"player_experience":1198540,"relics_obtained":[{"floor":1,"key":"SynthV:TestCard"},{"floor":8,"key":"Pear"},{"floor":14,"key":"Ornamental Fan"}],"event_choices":[{"cards_removed":["Runesmith:Strike_RS"],"damage_healed":0,"gold_gain":0,"player_choice":"Card Removal","damage_taken":7,"max_hp_gain":0,"max_hp_loss":0,"event_name":"Golden Wing","floor":3,"gold_loss":0},{"damage_healed":0,"gold_gain":0,"player_choice":"Grow","damage_taken":0,"max_hp_gain":0,"max_hp_loss":0,"event_name":"Living Wall","floor":5,"gold_loss":0,"cards_upgraded":["Runesmith:CraftFirestone"]}],"is_beta":false,"boss_relics":[],"items_purged_floors":[],"is_endless":false,"potions_floor_spawned":[1,8,11],"killed_by":"Slime Boss","ascension_level":0}}