{"host":"s24sb66hw4a4sfft","time":1613180950,"event":{"mods":["AchievementEnabler","BaseMod","Colored Map","Colored Powertips","Googly Eyes","Hermit","Hubris","Minty Spire (QoL Compilation)","Quick Restart","Shop Mod","StSLib"],"gold_per_floor":[109,124,124,134,134,168,168,199,248,271,290,290,306,321,321,447,447,482,496,341,266,266,306,342,342,342],"floor_reached":25,"language":"ENG","playtime":2233,"items_purged":[],"score":260,"play_id":"d1a6deea-b693-4b50-88be-ea229ad71b50","local_time":"20210212204910","is_ascension_mode":false,"campfire_choices":[{"data":"hermit:Shortfuse","floor":7.0,"key":"SMITH"},{"data":"hermit:CursedWeapon","floor":12.0,"key":"SMITH"},{"floor":15.0,"key":"REST"}],"circlet_count":0,"master_deck":["hermit:Snapshot+1","hermit:Covet","hermit:Grudge","Injury","hermit:Quickdraw","hermit:CursedWeapon+1","hermit:Quickdraw","hermit:DeadOrAlive","hermit:Quickdraw+1","hermit:CursedWeapon","hermit:Misfire","hermit:Horror","hermit:Glare"],"relics":["hermit:Momento","NeowsBlessing","Golden Idol","hubris:CrystalStatue","hubris:SlimyHat","Oddly Smooth Stone","Pandora\u0027s Box","Anchor","Pear"],"acts_visited":["Exordium","TheCity"],"potions_floor_usage":[23,25,25,25],"damage_taken":[{"damage":0.0,"enemies":"2 Louse","floor":1.0,"turns":1.0},{"damage":0.0,"enemies":"Jaw Worm","floor":2.0,"turns":1.0},{"damage":0.0,"enemies":"Cultist","floor":4.0,"turns":1.0},{"damage":0.0,"enemies":"Gremlin Nob","floor":6.0,"turns":2.0},{"damage":4.0,"enemies":"3 Sentries","floor":8.0,"turns":5.0},{"damage":1.0,"enemies":"Looter","floor":10.0,"turns":2.0},{"damage":4.0,"enemies":"Exordium Wildlife","floor":11.0,"turns":3.0},{"damage":8.0,"enemies":"2 Fungi Beasts","floor":13.0,"turns":2.0},{"damage":7.0,"enemies":"3 Louse","floor":14.0,"turns":2.0},{"damage":38.0,"enemies":"The Guardian","floor":16.0,"turns":11.0},{"damage":2,"enemies":"Spheric Guardian","floor":18,"turns":2},{"damage":8,"enemies":"Chosen","floor":19,"turns":2},{"damage":54,"enemies":"Gremlin Leader","floor":23,"turns":4},{"damage":14,"enemies":"3 Cultists","floor":24,"turns":3},{"damage":6,"enemies":"Slavers","floor":25,"turns":2}],"seed_played":"7900076512401671931","potions_obtained":[{"floor":1.0,"key":"DistilledChaos"},{"floor":4.0,"key":"SteroidPotion"},{"floor":11.0,"key":"SkillPotion"},{"floor":13.0,"key":"hermit:Eclipse"},{"floor":16.0,"key":"LiquidMemories"},{"floor":18,"key":"PowerPotion"},{"floor":23,"key":"hermit:BlackBile"}],"is_trial":false,"path_per_floor":["M","M","?","M","?","E","R","E","T","M","M","R","M","M","R","B",null,"M","M","$","?","?","E","M","E"],"character_chosen":"HERMIT","items_purchased":["Anchor"],"campfire_rested":1,"item_purchase_floors":[20],"current_hp_per_floor":[75,75,75,75,75,75,75,71,71,70,66,66,58,51,73,35,75,73,65,65,65,65,21,7,1,1],"gold":342,"neow_bonus":"THREE_ENEMY_KILL","is_daily":false,"chose_seed":false,"campfire_upgraded":2,"win_rate":0.0,"timestamp":1613180950,"path_taken":["M","M","?","M","?","E","R","E","T","M","?","R","M","M","R","BOSS","M","M","$","?","?","E","M","E"],"items_purchased_type":["Relic"],"build_version":"2020-12-22","purchased_purges":0,"victory":false,"max_hp_per_floor":[75,75,75,75,75,75,75,75,75,75,75,75,75,75,75,75,75,75,75,75,75,75,85,85,85,85],"card_choices":[{"not_picked":["hermit:Brawl","hermit:TakeCover","hermit:SprayPray"],"picked":"SKIP","floor":1.0},{"not_picked":["hermit:ShadowCloak","hermit:HoleUp","hermit:CalledShot"],"picked":"SKIP","floor":2.0},{"not_picked":["hermit:Roulette","hermit:TrackingShot"],"picked":"hermit:Grudge","floor":4.0},{"not_picked":["hermit:LowProfile","hermit:Midnight"],"picked":"hermit:Shortfuse","floor":6.0},{"not_picked":["hermit:Malice","hermit:FullyLoaded"],"picked":"hermit:Quickdraw","floor":8.0},{"not_picked":["hermit:DeadOrAlive","hermit:Ricochet"],"picked":"hermit:CursedWeapon","floor":10.0},{"not_picked":["hermit:Dive","hermit:WideOpen","hermit:Gestalt"],"picked":"SKIP","floor":11.0},{"not_picked":["hermit:Midnight","hermit:Desperado"],"picked":"hermit:Quickdraw","floor":13.0},{"not_picked":["hermit:Reprieve","hermit:Combo","hermit:ItchyTrigger"],"picked":"SKIP","floor":14.0},{"not_picked":["hermit:FinalCanter","hermit:FromBeyond"],"picked":"hermit:DeadOrAlive","floor":16.0},{"not_picked":["hermit:Misfire","hermit:HoleUp"],"picked":"hermit:Quickdraw+1","floor":18},{"not_picked":["hermit:Dive+1","hermit:Quickdraw"],"picked":"hermit:CursedWeapon","floor":19},{"not_picked":["hermit:Roughhouse","hermit:Quickdraw"],"picked":"hermit:Horror","floor":23},{"not_picked":["hermit:Snipe","hermit:NoHoldsBarred"],"picked":"hermit:Glare","floor":24}],"player_experience":635126,"relics_obtained":[{"floor":6.0,"key":"hubris:CrystalStatue"},{"floor":8.0,"key":"hubris:SlimyHat"},{"floor":9.0,"key":"Oddly Smooth Stone"},{"floor":23,"key":"Pear"}],"event_choices":[{"damage_healed":0.0,"max_hp_gain":0.0,"max_hp_loss":0.0,"gold_gain":0.0,"event_name":"Golden Idol","player_choice":"Take Wound","floor":5.0,"gold_loss":0.0,"damage_taken":0.0,"relics_obtained":["Golden Idol"],"cards_obtained":["Injury"]},{"cards_removed":["hermit:Shortfuse"],"damage_healed":0,"gold_gain":0,"player_choice":"Gave Gold","damage_taken":0,"max_hp_gain":0,"max_hp_loss":0,"event_name":"Beggar","floor":21,"gold_loss":75},{"damage_healed":0,"gold_gain":0,"player_choice":"1 cards matched","damage_taken":0,"max_hp_gain":0,"max_hp_loss":0,"event_name":"Match and Keep!","floor":22,"gold_loss":0,"cards_obtained":["hermit:Misfire"]}],"is_beta":false,"boss_relics":[{"not_picked":["Black Star","hermit:ClaspedLocket"],"picked":"Pandora\u0027s Box"}],"items_purged_floors":[],"is_endless":false,"potions_floor_spawned":[1,4,11,13,16,18,23],"killed_by":"Slavers","ascension_level":0}}