{"host":"hk6dyp3pgs92n0l4","time":1613197261,"event":{"mods":["AchievementEnabler","BaseMod","Colored Powertips","GifTheSpireLib","Infinite Spire","Minty Spire (QoL Compilation)","Random Character Mod","StSLib","The Bug Knight","The Construct","The Cursed","The Disciple","The Hierophant","The Runesmith"],"gold_per_floor":[111,123,138,156,170,205,221,221,301,338,338,360,399,417,417,529,529,529,529],"floor_reached":18,"language":"ENG","playtime":1063,"items_purged":[],"score":186,"play_id":"ff8dbc2f-acf8-4c38-8ac0-ba51de8fbe6f","local_time":"20210212222101","is_ascension_mode":false,"campfire_choices":[{"data":"HollowMod:MothsMistake","floor":8,"key":"SMITH"},{"data":"HollowMod:SoulEater","floor":11,"key":"SMITH"},{"floor":15,"key":"REST"}],"circlet_count":0,"master_deck":["HollowMod:NailStrikeStart","HollowMod:NailStrikeStart","HollowMod:NailStrikeStart","HollowMod:QuickDashStart","HollowMod:QuickDashStart","HollowMod:QuickDashStart","HollowMod:FocusHealStart","HollowMod:PogoStrike","HollowMod:DoubleDash","HollowMod:MothsMistake+1","HollowMod:CornifersMapStart","HollowMod:SoulStrike","HollowMod:MonarchWings","HollowMod:LifebloodCocoon","HollowMod:SoulEater+1","HollowMod:SoulStrike","HollowMod:DashSlash","HollowMod:InfectedAttack","HollowMod:MidwifesHunger"],"relics":["HollowMod:VesselMask","infinitespire:PuzzleCube","infinitespire:Midas Blood","Oddly Smooth Stone","Thread and Needle","SlaversCollar"],"acts_visited":["Exordium","TheCity"],"potions_floor_usage":[6,6,13,13,13],"damage_taken":[{"damage":1,"enemies":"Jaw Worm","floor":1,"turns":3},{"damage":1,"enemies":"Cultist","floor":2,"turns":3},{"damage":3,"enemies":"2 Louse","floor":3,"turns":3},{"damage":6,"enemies":"Exordium Wildlife","floor":4,"turns":4},{"damage":2,"enemies":"Blue Slaver","floor":5,"turns":5},{"damage":10,"enemies":"3 Sentries","floor":6,"turns":9},{"damage":0,"enemies":"Looter","floor":7,"turns":3},{"damage":44,"enemies":"Gremlin Nob","floor":10,"turns":5},{"damage":13,"enemies":"2 Fungi Beasts","floor":12,"turns":4},{"damage":7,"enemies":"Lagavulin","floor":13,"turns":10},{"damage":0,"enemies":"Blue Slaver","floor":14,"turns":6},{"damage":34,"enemies":"HollowMod:FalseKnight","floor":16,"turns":10},{"damage":0,"enemies":"3 Byrds","floor":18,"turns":2}],"seed_played":"2118009497346318866","potions_obtained":[{"floor":3,"key":"SpeedPotion"},{"floor":4,"key":"Dexterity Potion"},{"floor":5,"key":"Strength Potion"},{"floor":6,"key":"SpeedPotion"},{"floor":12,"key":"EssenceOfSteel"}],"is_trial":false,"path_per_floor":["M","M","M","M","M","E","M","R","T","E","R","M","E","M","R","B",null,"M"],"character_chosen":"THE_BUGKNIGHT","items_purchased":[],"campfire_rested":1,"item_purchase_floors":[],"current_hp_per_floor":[67,66,68,67,65,61,61,61,61,17,17,10,15,21,41,17,68,68,68],"gold":529,"neow_bonus":"REMOVE_TWO","is_daily":false,"chose_seed":false,"campfire_upgraded":2,"win_rate":0.0,"timestamp":1613197261,"path_taken":["M","M","M","M","M","E","M","R","T","E","R","M","E","M","R","BOSS","M"],"items_purchased_type":[],"build_version":"2020-12-22","purchased_purges":0,"victory":false,"max_hp_per_floor":[68,68,68,68,68,68,68,68,68,68,68,68,68,68,68,68,68,68,68],"card_choices":[{"not_picked":["HollowMod:ShadowDash","HollowMod:TaintedHusks","HollowMod:NewJinnsSoul"],"picked":"SKIP","floor":1},{"not_picked":["HollowMod:NewLittleFool","HollowMod:VengefulVoid"],"picked":"HollowMod:DoubleDash","floor":2},{"not_picked":["HollowMod:CloakDash","HollowMod:HeavyBlow"],"picked":"HollowMod:MothsMistake","floor":3},{"not_picked":["HollowMod:HuntersJournal","HollowMod:DescendingDark"],"picked":"HollowMod:CornifersMapStart","floor":4},{"not_picked":["HollowMod:DescendingDark","HollowMod:WraithStrike"],"picked":"HollowMod:SoulStrike","floor":5},{"not_picked":["HollowMod:CycloneSlash","HollowMod:CrystalDash"],"picked":"HollowMod:MonarchWings","floor":6},{"not_picked":["HollowMod:VoidDash","HollowMod:FastStrike"],"picked":"HollowMod:LifebloodCocoon","floor":7},{"not_picked":["HollowMod:NewLittleFool","HollowMod:HornetsHelp"],"picked":"HollowMod:SoulEater","floor":10},{"not_picked":["HollowMod:ShadowDash","HollowMod:DoubleDash"],"picked":"HollowMod:SoulStrike","floor":12},{"not_picked":["HollowMod:NewLittleFool","HollowMod:FastStrike"],"picked":"HollowMod:DashSlash","floor":13},{"not_picked":["HollowMod:NewLittleFool","HollowMod:ShadowDash"],"picked":"HollowMod:InfectedAttack","floor":14},{"not_picked":["HollowMod:ElderbugsWisdom","HollowMod:VoidDash"],"picked":"HollowMod:MidwifesHunger","floor":16}],"player_experience":141426,"relics_obtained":[{"floor":6,"key":"infinitespire:PuzzleCube"},{"floor":9,"key":"infinitespire:Midas Blood"},{"floor":10,"key":"Oddly Smooth Stone"},{"floor":13,"key":"Thread and Needle"}],"event_choices":[],"is_beta":false,"boss_relics":[{"not_picked":["Sozu","construct:WeddingRing"],"picked":"SlaversCollar"}],"items_purged_floors":[],"is_endless":false,"potions_floor_spawned":[3,4,5,6,12],"killed_by":"3 Byrds","ascension_level":0}}