{"host":"kqjncq1jgqa58i7s","time":1613225250,"event":{"mods":["AchievementEnabler","BaseMod","Colored Map","Minty Spire (QoL Compilation)","Relic Stats"],"gold_per_floor":[116,134,134,152,167,10,35,50,77,77,152,167,167,184,184,261,261,273,30,30,30,30,56,56,91,115,139,139,156,156,183,183,263,263,276,285,305,305,305],"floor_reached":38,"language":"ENG","playtime":2538,"items_purged":["Strike_P"],"score":932,"play_id":"e068ae67-37ec-4dc8-a06d-831b32a202d1","local_time":"20210213150730","is_ascension_mode":true,"campfire_choices":[{"floor":10.0,"key":"REST"},{"data":"BattleHymn","floor":13.0,"key":"SMITH"},{"data":"ForeignInfluence","floor":15.0,"key":"SMITH"},{"floor":28.0,"key":"REST"},{"floor":30.0,"key":"REST"},{"floor":32.0,"key":"REST"}],"circlet_count":0,"master_deck":["AscendersBane","Strike_P+1","Strike_P+1","Strike_P+1","Defend_P+1","Defend_P+1","Defend_P+1","Defend_P+1","Eruption","Vigilance","ForeignInfluence+1","FlurryOfBlows","FlyingSleeves","Wallop","BattleHymn+1","Evaluate","MasterReality","MentalFortress","RitualDagger","Decay","Omniscience","Worship","Pray","Brilliance","Swift Strike"],"relics":["Black Star","Regal Pillow","Bag of Preparation","PreservedInsect","Blood Vial","Nunchaku","SlaversCollar","Sling","Damaru","TeardropLocket","CeramicFish","Strawberry","Tiny Chest","Cursed Key"],"acts_visited":["Exordium","TheCity","TheBeyond"],"potions_floor_usage":[38],"damage_taken":[{"damage":0.0,"enemies":"2 Louse","floor":1.0,"turns":4.0},{"damage":34.0,"enemies":"Cultist","floor":2.0,"turns":7.0},{"damage":0.0,"enemies":"Jaw Worm","floor":4.0,"turns":3.0},{"damage":6.0,"enemies":"Blue Slaver","floor":5.0,"turns":5.0},{"damage":11.0,"enemies":"3 Sentries","floor":7.0,"turns":9.0},{"damage":3.0,"enemies":"2 Fungi Beasts","floor":8.0,"turns":4.0},{"damage":18.0,"enemies":"Large Slime","floor":12.0,"turns":4.0},{"damage":16.0,"enemies":"Lots of Slimes","floor":14.0,"turns":4.0},{"damage":0.0,"enemies":"Hexaghost","floor":16.0,"turns":6.0},{"damage":0.0,"enemies":"Chosen","floor":18.0,"turns":3.0},{"damage":28.0,"enemies":"Slavers","floor":23.0,"turns":5.0},{"damage":3.0,"enemies":"Gremlin Leader","floor":25.0,"turns":5.0},{"damage":18.0,"enemies":"Shell Parasite","floor":27.0,"turns":6.0},{"damage":36.0,"enemies":"Centurion and Healer","floor":29.0,"turns":5.0},{"damage":36.0,"enemies":"Cultist and Chosen","floor":31.0,"turns":5.0},{"damage":33.0,"enemies":"Champ","floor":33.0,"turns":11.0},{"damage":31.0,"enemies":"Orb Walker","floor":35.0,"turns":4.0},{"damage":28,"enemies":"3 Shapes","floor":37,"turns":6},{"damage":23,"enemies":"Transient","floor":38,"turns":2}],"seed_played":"-901462719411332590","potions_obtained":[{"floor":4.0,"key":"EssenceOfSteel"},{"floor":5.0,"key":"BlessingOfTheForge"},{"floor":12.0,"key":"Weak Potion"},{"floor":14.0,"key":"SkillPotion"},{"floor":23.0,"key":"AttackPotion"},{"floor":27.0,"key":"EssenceOfSteel"},{"floor":31.0,"key":"Energy Potion"},{"floor":37,"key":"EssenceOfSteel"}],"is_trial":false,"path_per_floor":["M","M","?","M","M","$","E","M","T","R","?","M","R","M","R","B",null,"M","$","?","?","$","E","?","E","T","M","R","M","R","M","R","B",null,"M","?","M","M"],"character_chosen":"WATCHER","items_purchased":["Bag of Preparation","Sling"],"campfire_rested":4,"item_purchase_floors":[6,19],"current_hp_per_floor":[61,27,27,27,21,21,10,9,9,44,33,17,17,3,3,5,52,54,54,54,48,48,22,22,28,28,12,49,15,52,18,55,24,62,33,33,7,0,0],"gold":305,"neow_bonus":"BOSS_RELIC","is_daily":false,"chose_seed":false,"campfire_upgraded":2,"win_rate":0.0,"timestamp":1613225250,"path_taken":["M","M","?","M","M","?","E","?","T","R","?","M","R","M","R","BOSS","M","$","?","?","?","E","?","E","T","M","R","M","R","M","R","BOSS","M","?","M","M"],"items_purchased_type":["Relic","Relic"],"build_version":"2020-12-22","purchased_purges":1,"victory":false,"max_hp_per_floor":[68,68,68,68,68,68,68,68,68,68,68,68,68,68,68,68,68,68,68,68,68,68,68,68,75,75,75,75,75,75,75,75,75,75,75,75,75,75,75],"relic_stats":{"Blood Vial":28,"Regal Pillow":60,"Nunchaku":[14],"counters":[19,98],"CeramicFish":45,"Tiny Chest":0,"PreservedInsect":90,"Black Star":3,"Bag of Preparation":[30],"Cursed Key":0,"obtain_stats":[{"Regal Pillow":3,"CeramicFish":25,"Damaru":23,"PreservedInsect":7,"Bag of Preparation":6,"TeardropLocket":23,"Sling":19,"Cursed Key":34,"Blood Vial":7,"SlaversCollar":17,"Nunchaku":9,"Strawberry":25,"Tiny Chest":26,"Black Star":0,"PureWater":0},{"Regal Pillow":2,"CeramicFish":12,"Damaru":11,"PreservedInsect":5,"Bag of Preparation":4,"TeardropLocket":11,"Sling":10,"Cursed Key":16,"Blood Vial":5,"SlaversCollar":9,"Nunchaku":6,"Strawberry":12,"Tiny Chest":12,"Black Star":0,"PureWater":0},{"Regal Pillow":11,"CeramicFish":59,"Damaru":54,"PreservedInsect":28,"Bag of Preparation":19,"TeardropLocket":54,"Sling":49,"Cursed Key":86,"Blood Vial":28,"SlaversCollar":46,"Nunchaku":32,"Strawberry":59,"Tiny Chest":59,"Black Star":0,"PureWater":0}]},"card_choices":[{"not_picked":["Protect","ClearTheMind"],"picked":"ForeignInfluence","floor":1.0},{"not_picked":["BowlingBash","JustLucky"],"picked":"FollowUp","floor":2.0},{"not_picked":["EmptyBody","LikeWater"],"picked":"FlurryOfBlows","floor":4.0},{"not_picked":["Sanctity","MentalFortress"],"picked":"FlyingSleeves","floor":5.0},{"not_picked":["BowlingBash","Study"],"picked":"Wallop","floor":7.0},{"not_picked":["JustLucky","Halt"],"picked":"BattleHymn","floor":8.0},{"not_picked":["SashWhip","BattleHymn"],"picked":"Evaluate","floor":12.0},{"not_picked":["Fasting2","Study","ThirdEye"],"picked":"SKIP","floor":14.0},{"not_picked":["SpiritShield","Ragnarok"],"picked":"MasterReality","floor":16.0},{"not_picked":["SandsOfTime+1","WheelKick+1"],"picked":"MentalFortress","floor":18.0},{"not_picked":["SashWhip","CutThroughFate+1","FollowUp"],"picked":"SKIP","floor":23.0},{"not_picked":["SandsOfTime","ClearTheMind"],"picked":"Omniscience","floor":25.0},{"not_picked":["FlurryOfBlows","Weave"],"picked":"Worship","floor":27.0},{"not_picked":["CrushJoints","CarveReality","PathToVictory"],"picked":"SKIP","floor":29.0},{"not_picked":["Wallop","Fasting2"],"picked":"Pray","floor":31.0},{"not_picked":["Vault","Judgement"],"picked":"Brilliance","floor":33.0},{"not_picked":["Halt+1","WaveOfTheHand","ReachHeaven"],"picked":"SKIP","floor":35.0},{"not_picked":["Mind Blast","Secret Weapon"],"picked":"Swift Strike","floor":36.0},{"not_picked":["FlyingSleeves","Nirvana","Wallop"],"picked":"SKIP","floor":37}],"player_experience":1682042,"relics_obtained":[{"floor":7.0,"key":"PreservedInsect"},{"floor":7.0,"key":"Blood Vial"},{"floor":9.0,"key":"Nunchaku"},{"floor":23.0,"key":"Damaru"},{"floor":23.0,"key":"TeardropLocket"},{"floor":25.0,"key":"CeramicFish"},{"floor":25.0,"key":"Strawberry"},{"floor":26.0,"key":"Tiny Chest"}],"event_choices":[{"cards_removed":["FollowUp"],"damage_healed":0.0,"max_hp_gain":0.0,"max_hp_loss":0.0,"gold_gain":0.0,"event_name":"WeMeetAgain","player_choice":"Gave Card","floor":3.0,"gold_loss":0.0,"damage_taken":0.0,"relics_obtained":["Regal Pillow"]},{"damage_healed":0.0,"max_hp_gain":0.0,"max_hp_loss":0.0,"gold_gain":75.0,"event_name":"World of Goop","player_choice":"Gather Gold","floor":11.0,"gold_loss":0.0,"damage_taken":11.0},{"damage_healed":0.0,"max_hp_gain":0.0,"max_hp_loss":0.0,"gold_gain":0.0,"event_name":"Back to Basics","player_choice":"Simplicity","floor":20.0,"gold_loss":0.0,"damage_taken":0.0,"cards_upgraded":["Strike_P","Strike_P","Strike_P","Defend_P","Defend_P","Defend_P","Defend_P"]},{"damage_healed":0.0,"max_hp_gain":0.0,"max_hp_loss":0.0,"gold_gain":0.0,"event_name":"Nest","player_choice":"Joined the Cult","floor":21.0,"gold_loss":0.0,"damage_taken":6.0,"cards_obtained":["RitualDagger"]},{"damage_healed":0.0,"max_hp_gain":0.0,"max_hp_loss":0.0,"gold_gain":0.0,"event_name":"Forgotten Altar","player_choice":"Smashed Altar","floor":24.0,"gold_loss":0.0,"damage_taken":0.0,"cards_obtained":["Decay"]},{"damage_healed":0.0,"max_hp_gain":0.0,"max_hp_loss":0.0,"gold_gain":0.0,"event_name":"SensoryStone","player_choice":"Memory 1","floor":36.0,"gold_loss":0.0,"damage_taken":0.0}],"is_beta":false,"boss_relics":[{"not_picked":["Velvet Choker","Philosopher\u0027s Stone"],"picked":"SlaversCollar"},{"not_picked":["Tiny House","Pandora\u0027s Box"],"picked":"Cursed Key"}],"items_purged_floors":[19],"is_endless":false,"potions_floor_spawned":[4,5,12,14,23,27,31,37],"killed_by":"Transient","ascension_level":20}}