{"host":"seujf6kmfn3ctpoe","time":1613225662,"event":{"mods":["BaseMod","Colored Map","Conspire","Minty Spire (QoL Compilation)","Permanent Neow","Relic Sorter","Relic Stats","StSLib"],"gold_per_floor":[361,35,35,73,105,105,105,105,130,198,267,302,67,128,128,304,304,346,346,346,346,410,468,468,468,491,491,532,31,31,136,136,264,264,303,3,3,17,57,110,60,74,121,121,156,156,187,187,187,212],"floor_reached":51,"language":"ENG","playtime":2833,"items_purged":["Strike_G","Regret","Strike_G","Strike_G"],"score":876,"play_id":"080a9f3d-7896-4266-96a3-6efdd0a9b91d","local_time":"20210213151422","is_ascension_mode":true,"campfire_choices":[{"data":"HandOfGreed","floor":6,"key":"SMITH"},{"data":"Terror","floor":8,"key":"SMITH"},{"data":"Neutralize","floor":15,"key":"SMITH"},{"data":"Footwork","floor":24,"key":"SMITH"},{"data":"Ghostly","floor":27,"key":"SMITH"},{"floor":32,"key":"REST"},{"data":"Ghostly","floor":46,"key":"SMITH"},{"data":"Ghostly","floor":49,"key":"SMITH"}],"circlet_count":0,"master_deck":["Strike_G+1","Strike_G+1","Defend_G","Defend_G","Defend_G+1","Defend_G","Defend_G","Survivor+1","HandOfGreed+1","Dagger Spray+1","Backflip+1","Terror+1","Footwork+1","Ghostly+1","Ghostly+1","Ghostly+1","Ghostly","Ghostly","Deflect+1","Footwork+1","Venomology","Flechettes+1","Footwork+1","Blur+1"],"relics":["Ring of the Snake","Gremlin Horn","Art of War","War Paint","Cursed Key","MutagenicStrength","Toy Ornithopter","Happy Flower","Smiling Mask","Potion Belt","Omamori","DollysMirror","Oddly Smooth Stone","conspire:Flyswatter","Philosopher\u0027s Stone","ClockworkSouvenir","Matryoshka","Juzu Bracelet","Whetstone","MealTicket","Eternal Feather","Regal Pillow","Bag of Preparation"],"acts_visited":["Exordium","TheCity","TheBeyond"],"potions_floor_usage":[16,16,33,35,39,40,42,45,50],"damage_taken":[{"damage":0,"enemies":"Small Slimes","floor":1,"turns":5},{"damage":0,"enemies":"Jaw Worm","floor":4,"turns":3},{"damage":1,"enemies":"Cultist","floor":5,"turns":4},{"damage":0,"enemies":"Exordium Thugs","floor":10,"turns":5},{"damage":0,"enemies":"2 Fungi Beasts","floor":11,"turns":4},{"damage":2,"enemies":"Looter","floor":12,"turns":3},{"damage":0,"enemies":"Exordium Wildlife","floor":14,"turns":4},{"damage":2,"enemies":"Slime Boss","floor":16,"turns":15},{"damage":12,"enemies":"Chosen","floor":18,"turns":5},{"damage":3,"enemies":"2 Thieves","floor":22,"turns":5},{"damage":9,"enemies":"conspire:SneckoGhost","floor":23,"turns":9},{"damage":2,"enemies":"Snecko","floor":28,"turns":8},{"damage":0,"enemies":"Slavers","floor":31,"turns":8},{"damage":2,"enemies":"Automaton","floor":33,"turns":12},{"damage":1,"enemies":"Orb Walker","floor":35,"turns":7},{"damage":0,"enemies":"3 Darklings","floor":38,"turns":7},{"damage":1,"enemies":"Writhing Mass","floor":39,"turns":7},{"damage":3,"enemies":"Reptomancer","floor":40,"turns":12},{"damage":0,"enemies":"4 Shapes","floor":42,"turns":4},{"damage":19,"enemies":"Nemesis","floor":45,"turns":17},{"damage":0,"enemies":"Reptomancer","floor":47,"turns":7},{"damage":28,"enemies":"Time Eater","floor":50,"turns":22}],"seed_played":"6386340104597225477","potions_obtained":[{"floor":1,"key":"Block Potion"},{"floor":10,"key":"Swift Potion"},{"floor":11,"key":"FearPotion"},{"floor":16,"key":"CultistPotion"},{"floor":22,"key":"SteroidPotion"},{"floor":23,"key":"Weak Potion"},{"floor":33,"key":"BlessingOfTheForge"}],"is_trial":false,"path_per_floor":["M","$","?","M","M","R","T","R","T","M","M","M","$","M","R","B",null,"M","?","?","?","M","E","R","?","T","R","M","$","T","E","R","B",null,"M","$","?","M","M","E","$","M","T","T","E","R","E","?","R","B",null],"character_chosen":"THE_SILENT","items_purchased":["HandOfGreed","Dagger Spray","Footwork","War Paint","Potion Belt","Omamori","DollysMirror","ClockworkSouvenir","Fruit Juice"],"campfire_rested":1,"item_purchase_floors":[2,2,13,13,29,29,29,36,36],"current_hp_per_floor":[63,63,50,50,49,49,49,49,49,49,49,47,47,47,47,45,63,51,31,31,31,28,19,19,19,19,19,17,17,17,17,26,29,31,31,31,31,31,36,36,36,36,36,36,17,29,29,29,33,10],"gold":212,"neow_bonus":"TWO_FIFTY_GOLD","is_daily":false,"chose_seed":false,"campfire_upgraded":7,"win_rate":0.0,"timestamp":1613225662,"path_taken":["M","$","?","M","M","R","?","R","T","M","M","?","$","M","R","BOSS","M","?","?","?","M","E","R","?","T","R","M","$","?","E","R","BOSS","M","$","?","M","M","E","$","M","T","?","E","R","E","?","R","BOSS"],"items_purchased_type":["Card","Card","Card","Relic","Relic","Relic","Relic","Relic","Potion"],"build_version":"2020-12-22","purchased_purges":4,"victory":true,"max_hp_per_floor":[63,63,63,63,63,63,63,63,63,63,63,63,63,63,63,63,63,63,31,31,31,31,31,31,31,31,31,31,31,31,31,31,31,31,31,31,31,31,36,36,36,36,36,36,36,36,36,33,33,33],"relic_stats":{"Regal Pillow":0,"Gremlin Horn":[27,27],"Happy Flower":[37],"counters":[22,173],"Eternal Feather":16,"Juzu Bracelet":1,"Bag of Preparation":[2],"Whetstone":["Dagger Spray","Strike_G"],"War Paint":["Survivor","Backflip"],"Cursed Key":4,"Smiling Mask":225,"MealTicket":0,"Art of War":[29],"obtain_stats":[{"Potion Belt":29,"Regal Pillow":45,"Gremlin Horn":7,"Happy Flower":23,"Oddly Smooth Stone":30,"Eternal Feather":44,"Omamori":29,"Juzu Bracelet":43,"Bag of Preparation":47,"Whetstone":43,"War Paint":13,"Cursed Key":17,"Smiling Mask":26,"ClockworkSouvenir":36,"Matryoshka":40,"DollysMirror":29,"MutagenicStrength":20,"Philosopher\u0027s Stone":34,"MealTicket":44,"Art of War":9,"Toy Ornithopter":21,"Ring of the Snake":0,"conspire:Flyswatter":31},{"Potion Belt":12,"Regal Pillow":20,"Gremlin Horn":3,"Happy Flower":11,"Oddly Smooth Stone":12,"Eternal Feather":19,"Omamori":12,"Juzu Bracelet":19,"Bag of Preparation":21,"Whetstone":19,"War Paint":6,"Cursed Key":8,"Smiling Mask":11,"ClockworkSouvenir":15,"Matryoshka":18,"DollysMirror":12,"MutagenicStrength":9,"Philosopher\u0027s Stone":14,"MealTicket":19,"Art of War":3,"Toy Ornithopter":9,"Ring of the Snake":0,"conspire:Flyswatter":13},{"Potion Belt":70,"Regal Pillow":144,"Gremlin Horn":12,"Happy Flower":62,"Oddly Smooth Stone":70,"Eternal Feather":127,"Omamori":70,"Juzu Bracelet":127,"Bag of Preparation":151,"Whetstone":127,"War Paint":24,"Cursed Key":43,"Smiling Mask":62,"ClockworkSouvenir":97,"Matryoshka":123,"DollysMirror":70,"MutagenicStrength":48,"Philosopher\u0027s Stone":90,"MealTicket":127,"Art of War":12,"Toy Ornithopter":48,"Ring of the Snake":0,"conspire:Flyswatter":78}],"Toy Ornithopter":15,"Ring of the Snake":[44]},"card_choices":[{"not_picked":["Predator","Masterful Stab","Underhanded Strike"],"picked":"SKIP","floor":1},{"not_picked":["Escape Plan","Poisoned Stab"],"picked":"Backflip","floor":4},{"not_picked":["Poisoned Stab","Underhanded Strike"],"picked":"Terror","floor":5},{"not_picked":["Bane","Acrobatics","Expertise"],"picked":"SKIP","floor":10},{"not_picked":["Backflip","Prepared","Accuracy"],"picked":"SKIP","floor":11},{"not_picked":["PiercingWail","Distraction","Choke"],"picked":"SKIP","floor":12},{"not_picked":["Reflex","Sucker Punch","Cloak And Dagger"],"picked":"SKIP","floor":14},{"not_picked":["Deadly Poison","Predator+1","Bane+1"],"picked":"SKIP","floor":18},{"not_picked":["Deadly Poison","Prepared"],"picked":"Deflect+1","floor":22},{"not_picked":["Tactician","Deadly Poison","Eviscerate+1"],"picked":"SKIP","floor":23},{"not_picked":["Underhanded Strike","Acrobatics","Blur"],"picked":"SKIP","floor":28},{"not_picked":["Quick Slash","Expertise","After Image"],"picked":"SKIP","floor":31},{"not_picked":["Grand Finale","Envenom"],"picked":"Venomology","floor":33},{"not_picked":["Dagger Spray+1","Bane+1","Blade Dance+1"],"picked":"SKIP","floor":35},{"not_picked":["Terror","Deadly Poison+1","Acrobatics+1"],"picked":"SKIP","floor":38},{"not_picked":["Cloak And Dagger+1","Slice","Prepared+1"],"picked":"SKIP","floor":39},{"not_picked":["Quick Slash+1","Blur+1"],"picked":"Flechettes+1","floor":40},{"not_picked":["Dagger Throw+1","Slice+1"],"picked":"Footwork+1","floor":42},{"not_picked":["Reflex+1","Deadly Poison","Unload"],"picked":"SKIP","floor":45},{"not_picked":["Prepared+1","Outmaneuver"],"picked":"Blur+1","floor":47}],"player_experience":437373,"relics_obtained":[{"floor":7,"key":"Gremlin Horn"},{"floor":9,"key":"Art of War"},{"floor":23,"key":"Happy Flower"},{"floor":26,"key":"Smiling Mask"},{"floor":30,"key":"Oddly Smooth Stone"},{"floor":31,"key":"conspire:Flyswatter"},{"floor":40,"key":"Matryoshka"},{"floor":43,"key":"Juzu Bracelet"},{"floor":43,"key":"Whetstone"},{"floor":44,"key":"MealTicket"},{"floor":44,"key":"Eternal Feather"},{"floor":45,"key":"Regal Pillow"},{"floor":47,"key":"Bag of Preparation"}],"event_choices":[{"damage_healed":0,"gold_gain":0,"player_choice":"Entered Light","damage_taken":13,"max_hp_gain":0,"max_hp_loss":0,"event_name":"Shining Light","floor":3,"gold_loss":0,"cards_upgraded":["Defend_G","Strike_G"]},{"damage_healed":0,"gold_gain":0,"player_choice":"Became a Ghost","damage_taken":0,"max_hp_gain":0,"max_hp_loss":32,"event_name":"Ghosts","floor":19,"gold_loss":0,"cards_obtained":["Ghostly","Ghostly","Ghostly","Ghostly","Ghostly"]},{"damage_healed":0,"gold_gain":0,"player_choice":"Inject Mutagens","damage_taken":0,"relics_obtained":["MutagenicStrength"],"max_hp_gain":0,"max_hp_loss":0,"event_name":"Drug Dealer","floor":20,"gold_loss":0},{"damage_healed":0,"gold_gain":0,"player_choice":"Opened","damage_taken":0,"relics_obtained":["Toy Ornithopter"],"max_hp_gain":0,"max_hp_loss":0,"event_name":"The Mausoleum","floor":21,"gold_loss":0},{"damage_healed":0,"gold_gain":0,"player_choice":"Ignored","damage_taken":0,"max_hp_gain":0,"max_hp_loss":0,"event_name":"Vampires","floor":25,"gold_loss":0},{"cards_removed":["Neutralize"],"damage_healed":0,"gold_gain":0,"player_choice":"Removed Attack","damage_taken":0,"max_hp_gain":0,"max_hp_loss":0,"event_name":"Falling","floor":37,"gold_loss":0},{"cards_removed":["Parasite"],"damage_healed":0,"gold_gain":0,"player_choice":"Purged","damage_taken":0,"max_hp_gain":0,"max_hp_loss":0,"event_name":"Purifier","floor":48,"gold_loss":0}],"is_beta":false,"boss_relics":[{"not_picked":["Astrolabe","Runic Pyramid"],"picked":"Cursed Key"},{"not_picked":["conspire:SeveredTorchhead","Pandora\u0027s Box"],"picked":"Philosopher\u0027s Stone"}],"items_purged_floors":[2,29,36,41],"is_endless":false,"potions_floor_spawned":[1,10,11,16,22,23,33,40,42],"ascension_level":1}}