{"host":"r6lqs70fdfl5jnjl","time":1613227280,"event":{"mods":["Act Like it!","BaseMod","Minty Spire (QoL Compilation)","StSLib"],"gold_per_floor":[115,115,62,62,35,65,65,91,166,186,203,203,378,391,391,488,488,498,498,597,616,633,633,650,681,681,304,316,1,1,32,32,32,32],"floor_reached":33,"language":"ZHS","playtime":1138,"items_purged":["Doubt","Strike_R"],"score":343,"play_id":"3c85ce0a-852d-4a00-8cd8-e4de7208c635","local_time":"20210213224120","is_ascension_mode":false,"campfire_choices":[{"floor":7.0,"key":"RECALL"},{"data":"Double Tap","floor":12.0,"key":"SMITH"},{"data":"Heavy Blade","floor":15.0,"key":"SMITH"},{"data":"Heavy Blade","floor":23.0,"key":"SMITH"},{"floor":30.0,"key":"REST"},{"floor":32.0,"key":"REST"}],"circlet_count":0,"master_deck":["Strike_R","Strike_R","Strike_R","Defend_R+1","Defend_R+1","Defend_R","Defend_R","Bash","Cleave","Heavy Blade+1","Cleave","Double Tap+1","Armaments+1","Warcry+1","Seeing Red+1","Limit Break+1","CurseOfTheBell","Heavy Blade+1","Blood for Blood","Flex+1","Inflame","Spot Weakness+1","Sword Boomerang","Thunderclap","Twin Strike","Master of Strategy+1","Heavy Blade"],"relics":["Burning Blood","NeowsBlessing","Oddly Smooth Stone","Toy Ornithopter","Thread and Needle","Toxic Egg 2","Calling Bell","Potion Belt","Gremlin Horn","Magic Flower","Bronze Scales","White Beast Statue","Boot"],"acts_visited":["Exordium","TheCity"],"potions_floor_usage":[33],"damage_taken":[{"damage":0.0,"enemies":"Small Slimes","floor":1.0,"turns":1.0},{"damage":0.0,"enemies":"Lagavulin","floor":6.0,"turns":1.0},{"damage":0.0,"enemies":"Gremlin Nob","floor":8.0,"turns":1.0},{"damage":3.0,"enemies":"Jaw Worm","floor":10.0,"turns":3.0},{"damage":0.0,"enemies":"Cultist","floor":11.0,"turns":3.0},{"damage":0.0,"enemies":"3 Louse","floor":14.0,"turns":2.0},{"damage":72.0,"enemies":"Hexaghost","floor":16.0,"turns":9.0},{"damage":2.0,"enemies":"3 Byrds","floor":18.0,"turns":4.0},{"damage":6.0,"enemies":"Chosen","floor":21.0,"turns":4.0},{"damage":37.0,"enemies":"Snecko","floor":22.0,"turns":6.0},{"damage":24.0,"enemies":"Snake Plant","floor":24.0,"turns":4.0},{"damage":17.0,"enemies":"Book of Stabbing","floor":25.0,"turns":3.0},{"damage":17.0,"enemies":"3 Cultists","floor":28.0,"turns":4.0},{"damage":41.0,"enemies":"Slavers","floor":31.0,"turns":4.0},{"damage":98,"enemies":"Automaton","floor":33,"turns":6}],"seed_played":"-5299436505308140685","potions_obtained":[{"floor":1.0,"key":"HeartOfIron"},{"floor":8.0,"key":"FearPotion"},{"floor":14.0,"key":"DistilledChaos"},{"floor":21.0,"key":"PowerPotion"},{"floor":22.0,"key":"ElixirPotion"},{"floor":28.0,"key":"SkillPotion"},{"floor":31.0,"key":"DistilledChaos"}],"is_trial":false,"path_per_floor":["M","?","$","?","$","E","R","E","T","M","M","R","?","M","R","B",null,"M","?","?","M","M","R","M","E","T","$","M","$","R","E","R","B"],"character_chosen":"IRONCLAD","items_purchased":["Heavy Blade","Cleave","Sword Boomerang","White Beast Statue","Twin Strike","Master of Strategy+1"],"campfire_rested":2,"item_purchase_floors":[3,5,27,27,29,29],"current_hp_per_floor":[80,64,64,39,39,45,45,51,51,54,60,60,60,66,66,15,80,80,80,80,80,52,52,37,29,29,29,21,21,45,29,53,0,0],"gold":32,"neow_bonus":"THREE_ENEMY_KILL","is_daily":false,"chose_seed":false,"campfire_upgraded":3,"win_rate":0.0,"timestamp":1613227280,"path_taken":["M","?","$","?","?","E","R","E","T","M","M","R","?","M","R","BOSS","M","?","?","M","M","R","M","E","T","$","M","?","R","E","R","BOSS"],"items_purchased_type":["Card","Card","Card","Relic","Card","Card"],"build_version":"2020-12-22","purchased_purges":2,"victory":false,"max_hp_per_floor":[80,80,80,80,80,80,80,80,80,80,80,80,80,80,80,80,80,80,80,80,80,80,80,80,80,80,80,80,80,80,80,80,80,80],"card_choices":[{"not_picked":["Searing Blow","Combust"],"picked":"Cleave","floor":1.0},{"not_picked":["Perfected Strike","Iron Wave"],"picked":"Double Tap","floor":6.0},{"not_picked":["Fire Breathing","Rage","True Grit"],"picked":"SKIP","floor":8.0},{"not_picked":["Clothesline","Sword Boomerang"],"picked":"Armaments+1","floor":10.0},{"not_picked":["Perfected Strike","Body Slam"],"picked":"Warcry+1","floor":11.0},{"not_picked":["Dark Embrace","Sword Boomerang"],"picked":"Seeing Red+1","floor":14.0},{"not_picked":["Juggernaut","Barricade"],"picked":"Limit Break+1","floor":16.0},{"not_picked":["Seeing Red+1","Armaments+1"],"picked":"Heavy Blade","floor":18.0},{"not_picked":["Shockwave+1","Power Through+1"],"picked":"Blood for Blood","floor":21.0},{"not_picked":["Headbutt","Blood for Blood+1"],"picked":"Flex+1","floor":22.0},{"not_picked":["Headbutt","Sword Boomerang"],"picked":"Inflame","floor":24.0},{"not_picked":["Twin Strike","Warcry+1"],"picked":"Spot Weakness+1","floor":25.0},{"not_picked":["Body Slam","Flame Barrier+1"],"picked":"Thunderclap","floor":28.0},{"not_picked":["Twin Strike","Headbutt"],"picked":"Heavy Blade","floor":31.0}],"player_experience":24861,"relics_obtained":[{"floor":6.0,"key":"Toy Ornithopter"},{"floor":8.0,"key":"Thread and Needle"},{"floor":9.0,"key":"Toxic Egg 2"},{"floor":17.0,"key":"Potion Belt"},{"floor":17.0,"key":"Gremlin Horn"},{"floor":17.0,"key":"Magic Flower"},{"floor":25.0,"key":"Bronze Scales"},{"floor":31.0,"key":"Boot"}],"event_choices":[{"damage_healed":0.0,"max_hp_gain":0.0,"max_hp_loss":0.0,"gold_gain":0.0,"event_name":"Shining Light","player_choice":"Entered Light","floor":2.0,"gold_loss":0.0,"damage_taken":16.0,"cards_upgraded":["Defend_R","Defend_R"]},{"damage_healed":0.0,"max_hp_gain":0.0,"max_hp_loss":0.0,"gold_gain":0.0,"event_name":"Scrap Ooze","player_choice":"Success","floor":4.0,"gold_loss":0.0,"damage_taken":25.0,"relics_obtained":["Oddly Smooth Stone"]},{"damage_healed":0.0,"max_hp_gain":0.0,"max_hp_loss":0.0,"gold_gain":175.0,"event_name":"Liars Game","player_choice":"AGREE","floor":13.0,"gold_loss":0.0,"damage_taken":0.0,"cards_obtained":["Doubt"]},{"cards_removed":["Strike_R"],"damage_healed":0.0,"max_hp_gain":0.0,"max_hp_loss":0.0,"gold_gain":0.0,"event_name":"Back to Basics","player_choice":"Elegance","floor":19.0,"gold_loss":0.0,"damage_taken":0.0},{"damage_healed":0.0,"max_hp_gain":0.0,"max_hp_loss":0.0,"gold_gain":99.0,"event_name":"Nest","player_choice":"Stole From Cult","floor":20.0,"gold_loss":0.0,"damage_taken":0.0}],"is_beta":false,"boss_relics":[{"not_picked":["Snecko Eye","SacredBark"],"picked":"Calling Bell"}],"items_purged_floors":[27,29],"is_endless":false,"potions_floor_spawned":[1,8,14,21,22,28,31],"killed_by":"Automaton","ascension_level":0}}