{"host":"0awa854l6bexpjrv","time":1613251739,"event":{"mods":["BaseMod","Block Reminder","Colored Map","Colored Powertips","Downfall","Highlight Path","Minty Spire (QoL Compilation)","Quick Restart","Rare Cards Sparkle","StSLib","SuperFastMode"],"gold_per_floor":[11,11,86,11,23,23,57,157,183,200,9,22,41,41,41,136,136,149,149,215,47,97,129,129,4,28,78,28,44,44,55,55,55,55],"floor_reached":33,"language":"ENG","playtime":1514,"items_purged":["Strike_R","Strike_R","Strike_R"],"score":329,"play_id":"3a954096-d76c-49a2-bf04-f9dce83ddbfe","local_time":"20210213132859","is_ascension_mode":true,"campfire_choices":[{"data":"Bash","floor":6,"key":"SMITH"},{"floor":15,"key":"REST"},{"floor":24,"key":"REST"},{"data":"Armaments","floor":30,"key":"SMITH"},{"floor":32,"key":"REST"}],"circlet_count":0,"master_deck":["Strike_R+1","Defend_R","Defend_R","Defend_R+1","Defend_R","Bash+1","Iron Wave","Rampage","Clothesline","Anger","Dropkick","Armaments+1","Headbutt","Berserk","Whirlwind","Rampage+1","Uppercut","Power Through+1","Blood for Blood+1","Reaper"],"relics":["Burning Blood","Peace Pipe","Ornamental Fan","PreservedInsect","Strange Spoon","Snecko Eye","SsserpentHead","Enchiridion","Question Card","Boot","Gremlin Horn"],"acts_visited":["Exordium","TheCity"],"potions_floor_usage":[16,20,23,23,33],"damage_taken":[{"damage":8,"enemies":"Jaw Worm","floor":1,"turns":5},{"damage":0,"enemies":"2 Louse","floor":5,"turns":3},{"damage":15,"enemies":"Gremlin Nob","floor":7,"turns":4},{"damage":0,"enemies":"Cultist","floor":10,"turns":4},{"damage":7,"enemies":"Looter","floor":12,"turns":3},{"damage":14,"enemies":"3 Louse","floor":13,"turns":4},{"damage":47,"enemies":"Slime Boss","floor":16,"turns":9},{"damage":12,"enemies":"Spheric Guardian","floor":18,"turns":4},{"damage":11,"enemies":"2 Thieves","floor":20,"turns":4},{"damage":22,"enemies":"Slavers","floor":23,"turns":7},{"damage":7,"enemies":"Snake Plant","floor":29,"turns":3},{"damage":13,"enemies":"Snecko","floor":31,"turns":4},{"damage":121,"enemies":"Automaton","floor":33,"turns":10}],"seed_played":"-7986189238244279861","potions_obtained":[{"floor":10,"key":"Dexterity Potion"},{"floor":12,"key":"BloodPotion"},{"floor":16,"key":"Regen Potion"},{"floor":18,"key":"FearPotion"},{"floor":23,"key":"ColorlessPotion"}],"is_trial":false,"path_per_floor":["M","?","?","$","M","R","E","?","T","M","$","M","M","?","R","B",null,"M","?","M","$","?","E","R","$","T","?","$","M","R","M","R","B"],"character_chosen":"IRONCLAD","items_purchased":["Strange Spoon","Dropkick","Uppercut","BloodPotion"],"campfire_rested":3,"item_purchase_floors":[11,11,21,28],"current_hp_per_floor":[78,78,67,67,73,73,64,64,64,70,70,69,61,45,69,44,71,65,65,60,60,44,43,67,67,67,67,67,66,66,59,80,0,0],"gold":55,"neow_bonus":"ONE_RARE_RELIC","is_daily":false,"chose_seed":false,"campfire_upgraded":2,"win_rate":0.0,"timestamp":1613251739,"path_taken":["M","?","?","$","M","R","E","?","T","M","$","?","M","?","R","BOSS","M","?","?","$","?","E","R","$","T","?","$","M","R","M","R","BOSS"],"items_purchased_type":["Relic","Card","Card","Potion"],"build_version":"2020-12-22","purchased_purges":3,"victory":false,"max_hp_per_floor":[80,80,80,80,80,80,80,80,80,80,80,80,80,80,80,80,80,80,80,80,80,80,80,80,80,80,80,80,80,80,80,80,80,80],"card_choices":[{"not_picked":["Blood for Blood","Ghostly Armor"],"picked":"Iron Wave","floor":1},{"not_picked":["Wild Strike","Clash"],"picked":"Rampage","floor":5},{"not_picked":["Thunderclap","Burning Pact"],"picked":"Clothesline","floor":7},{"not_picked":["Havoc","Body Slam"],"picked":"Anger","floor":10},{"not_picked":["Flex","Twin Strike"],"picked":"Armaments","floor":12},{"not_picked":["Second Wind","Brutality"],"picked":"Headbutt","floor":13},{"not_picked":["Barricade","Double Tap"],"picked":"Berserk","floor":16},{"not_picked":["Shrug It Off","Wild Strike"],"picked":"Whirlwind","floor":18},{"not_picked":["Armaments+1","Power Through"],"picked":"Rampage+1","floor":20},{"not_picked":["Thunderclap","Second Wind"],"picked":"Power Through+1","floor":23},{"not_picked":["Clash+1","Intimidate+1","Shrug It Off+1"],"picked":"Blood for Blood+1","floor":29},{"not_picked":["Iron Wave","Fire Breathing","Flex+1"],"picked":"Reaper","floor":31}],"player_experience":764139,"relics_obtained":[{"floor":7,"key":"Ornamental Fan"},{"floor":9,"key":"PreservedInsect"},{"floor":22,"key":"Enchiridion"},{"floor":23,"key":"Question Card"},{"floor":26,"key":"Boot"}],"event_choices":[{"cards_removed":["Strike_R"],"damage_healed":0,"gold_gain":0,"player_choice":"Forget","damage_taken":0,"max_hp_gain":0,"max_hp_loss":0,"event_name":"Living Wall","floor":2,"gold_loss":0},{"damage_healed":0,"gold_gain":75,"player_choice":"Gather Gold","damage_taken":11,"max_hp_gain":0,"max_hp_loss":0,"event_name":"World of Goop","floor":3,"gold_loss":0},{"damage_healed":0,"gold_gain":100,"player_choice":"Gold","damage_taken":0,"max_hp_gain":0,"max_hp_loss":0,"event_name":"Wheel of Change","floor":8,"gold_loss":0},{"damage_healed":0,"gold_gain":0,"player_choice":"Entered Light","damage_taken":16,"max_hp_gain":0,"max_hp_loss":0,"event_name":"Shining Light","floor":14,"gold_loss":0,"cards_upgraded":["Strike_R","Defend_R"]},{"damage_healed":0,"gold_gain":0,"player_choice":"Trade","damage_taken":0,"relics_obtained":["SsserpentHead"],"max_hp_gain":0,"max_hp_loss":0,"event_name":"FaceTrader","floor":19,"gold_loss":0},{"damage_healed":0,"gold_gain":0,"player_choice":"Obtained Book","damage_taken":16,"max_hp_gain":0,"max_hp_loss":0,"event_name":"Cursed Tome","floor":22,"gold_loss":0},{"damage_healed":0,"gold_gain":0,"player_choice":"Gave Potion","damage_taken":0,"relics_obtained":["Gremlin Horn"],"max_hp_gain":0,"max_hp_loss":0,"event_name":"WeMeetAgain","floor":27,"gold_loss":0}],"is_beta":false,"boss_relics":[{"not_picked":["Empty Cage","Black Star"],"picked":"Snecko Eye"}],"items_purged_floors":[4,21,25],"is_endless":false,"potions_floor_spawned":[10,12,16,18,23],"killed_by":"Automaton","ascension_level":5}}