{"host":"5y2vm16xfq9gfmb2","time":1613176210,"event":{"mods":["AchievementEnabler","BaseMod","Better Third Choice","Colored Map","Colored Powertips","DeckTracker","Marisa????????","Minty Spire (QoL Compilation)","Rare Cards Sparkle","Relic Stats","StSLib","The Alterego","The Animator","The Marked","The Servant 0.9.4"],"gold_per_floor":[112,132,146,146,146,146,175,23,23,41,52,52,7,7,7,114,114,129,129,129,145,7,40,40,40],"floor_reached":24,"language":"ENG","playtime":1157,"items_purged":[],"score":206,"play_id":"d8dca9f1-2ba6-4565-87b6-7fce9089148e","local_time":"20210212193010","is_ascension_mode":false,"campfire_choices":[{"floor":6,"key":"RECALL"},{"floor":12,"key":"REST"},{"floor":15,"key":"REST"}],"circlet_count":0,"master_deck":["animator:Strike_Overlord","animator:Defend_Overlord","animator:Strike","animator:Strike","animator:Strike","animator:Defend","animator:Defend","animator:Cocytus","animator:Demiurge","animator:Millim+1","animator:Vanir","animator:Vanir","Finisher","animator:PandorasActor","animator:Rimuru","animator:Tatsumaki","animator:NarberalGamma","animator:Kazuma","animator:ChaikaTrabant","animator:RinTohsaka","animator:HigakiRinne","animator:Entoma+1","animator:IzunaHatsuse"],"relics":["animator:LivingPicture","animator:TheMissingPiece","animator:PurgingStone","NeowsBlessing","Toy Ornithopter","Membership Card","Empty Cage","OrangePellets","Strawberry"],"acts_visited":["Exordium","TheCity"],"potions_floor_usage":[10,16,16,16,23,24],"damage_taken":[{"damage":0,"enemies":"Cultist","floor":1,"turns":1},{"damage":0,"enemies":"Small Slimes","floor":2,"turns":1},{"damage":0,"enemies":"2 Louse","floor":3,"turns":1},{"damage":24,"enemies":"Exordium Thugs","floor":7,"turns":4},{"damage":3,"enemies":"3 Louse","floor":10,"turns":2},{"damage":22,"enemies":"Large Slime","floor":11,"turns":7},{"damage":44,"enemies":"Hexaghost","floor":16,"turns":10},{"damage":16,"enemies":"Chosen","floor":18,"turns":3},{"damage":28,"enemies":"Shell Parasite","floor":21,"turns":7},{"damage":8,"enemies":"animator:HornedBat","floor":23,"turns":4},{"damage":26,"enemies":"Snake Plant","floor":24,"turns":4}],"seed_played":"-6279471814251903683","potions_obtained":[{"floor":1,"key":"Energy Potion"},{"floor":5,"key":"Ancient Potion"},{"floor":5,"key":"Explosive Potion"},{"floor":10,"key":"SneckoOil"},{"floor":16,"key":"PowerPotion"},{"floor":23,"key":"LiquidMemories"}],"is_trial":false,"path_per_floor":["M","M","M","?","?","R","M","$","T","M","M","R","$","?","R","B",null,"M","?","?","M","$","E","M"],"character_chosen":"THE_ANIMATOR","items_purchased":["Membership Card","animator:NarberalGamma","animator:Kazuma","animator:HigakiRinne","animator:Entoma","OrangePellets"],"campfire_rested":2,"item_purchase_floors":[8,13,13,22,22,22],"current_hp_per_floor":[66,66,66,50,50,50,26,26,26,28,6,25,25,25,44,15,66,50,41,41,13,13,19,0,0],"gold":40,"neow_bonus":"THREE_ENEMY_KILL","is_daily":false,"chose_seed":false,"campfire_upgraded":0,"win_rate":0.0,"timestamp":1613176210,"path_taken":["M","M","?","?","?","R","M","$","T","M","?","R","$","?","R","BOSS","M","?","?","?","$","E","M"],"items_purchased_type":["Relic","Card","Card","Card","Card","Relic"],"build_version":"2020-12-22","purchased_purges":0,"victory":false,"max_hp_per_floor":[66,66,66,66,66,66,66,66,66,66,66,66,66,66,66,66,66,66,66,66,66,66,75,75,75],"relic_stats":{"OrangePellets":[0],"counters":[11,43],"obtain_stats":[{"OrangePellets":22,"animator:PurgingStone":0,"NeowsBlessing":0,"animator:TheMissingPiece":0,"Strawberry":23,"animator:LivingPicture":0,"Membership Card":8,"Empty Cage":17,"Toy Ornithopter":4},{"OrangePellets":9,"animator:PurgingStone":0,"NeowsBlessing":0,"animator:TheMissingPiece":0,"Strawberry":10,"animator:LivingPicture":0,"Membership Card":4,"Empty Cage":7,"Toy Ornithopter":3},{"OrangePellets":35,"animator:PurgingStone":0,"NeowsBlessing":0,"animator:TheMissingPiece":0,"Strawberry":39,"animator:LivingPicture":0,"Membership Card":7,"Empty Cage":26,"Toy Ornithopter":3}],"Toy Ornithopter":30},"card_choices":[{"not_picked":["animator:Vesta","animator:ShinjiMatou"],"picked":"animator:Millim","floor":1},{"not_picked":["animator:Spearman","animator:DolaRiku"],"picked":"animator:Vanir","floor":2},{"not_picked":["animator:Spearman","animator:ZankiKiguchi"],"picked":"animator:Vanir","floor":3},{"not_picked":["animator:NarberalGamma","animator:Demiurge"],"picked":"animator:PandorasActor","floor":7},{"not_picked":["animator:Assassin","animator:EmiyaShirou"],"picked":"animator:Rimuru","floor":10},{"not_picked":["animator:DolaCouronne","animator:DolaStephanie"],"picked":"animator:Tatsumaki","floor":11},{"not_picked":["animator:AcuraShin","animator:HigakiRinne"],"picked":"animator:ChaikaTrabant","floor":16},{"not_picked":["animator:Alexander","animator:Verdia"],"picked":"animator:UneriGinkaku+1","floor":18},{"not_picked":["animator:Shion","animator:GazelDwargon"],"picked":"animator:Millim","floor":21},{"not_picked":["animator:Spearman","animator:RinTohsaka"],"picked":"animator:IzunaHatsuse","floor":23}],"player_experience":68262,"relics_obtained":[{"floor":23,"key":"Strawberry"}],"event_choices":[{"damage_healed":0,"gold_gain":0,"player_choice":"Got Potions","damage_taken":0,"max_hp_gain":0,"max_hp_loss":0,"event_name":"Lab","floor":5,"gold_loss":0},{"damage_healed":25,"gold_gain":0,"player_choice":"Embrace Burn","damage_taken":0,"max_hp_gain":0,"max_hp_loss":66,"event_name":"betterThird:BetterShining","floor":14,"gold_loss":0},{"damage_healed":0,"gold_gain":0,"player_choice":"Stopped","damage_taken":9,"max_hp_gain":0,"max_hp_loss":0,"event_name":"Cursed Tome","floor":19,"gold_loss":0},{"damage_healed":0,"gold_gain":0,"cards_transformed":["animator:UneriGinkaku"],"player_choice":"Transformed","damage_taken":0,"max_hp_gain":0,"max_hp_loss":0,"event_name":"Transmorgrifier","floor":20,"gold_loss":0,"cards_obtained":["animator:RinTohsaka"]}],"is_beta":false,"boss_relics":[{"not_picked":["Cursed Key","Runic Dome"],"picked":"Empty Cage"}],"items_purged_floors":[],"is_endless":false,"potions_floor_spawned":[1,7,10,16,23],"killed_by":"Snake Plant","ascension_level":0}}