{"host":"q786d26vp7h4gpli","time":1613215607,"event":{"mods":["BaseMod","Downfall","Minty Spire (QoL Compilation)","Quick Restart","Remove Card Discount Mod","StSLib","Td1madao Mod"],"gold_per_floor":[99,109,121,121,133,198,198,211,225,244,244,6,6,79,89,196,196,196,219,238,4,4,27,27,27,27,27],"floor_reached":25,"language":"ENG","playtime":2329,"items_purged":["downfall:Malfunctioning","hexamod:Defend"],"score":245,"play_id":"ffb530b6-1c3e-4279-80e6-7dfabb12457e","local_time":"20210213192647","is_ascension_mode":false,"campfire_choices":[{"data":"hexamod:Float","floor":1,"key":"SMITH"},{"floor":11,"key":"REST"},{"floor":13,"key":"REST"},{"data":"hexamod:AdvancingGuard","floor":18,"key":"SMITH"}],"circlet_count":0,"master_deck":["hexamod:Strike","hexamod:Strike","hexamod:Strike","hexamod:Strike","hexamod:Defend","hexamod:Defend+1","hexamod:Defend+1","hexamod:Sear+1","hexamod:Float+1","Swift Strike","hexamod:InspiringFlames+1","hexamod:EmpoweredFlame+1","hexamod:GhostOfSpireFuture","hexamod:AdvancingGuard+1","hexamod:SwordOfDarkness","hexamod:SpectersWail+1","hexamod:ShieldOfDarkness","hexamod:PowerFromBeyond","hexamod:HauntingEcho+1","hexamod:ThermalTransfer","hexamod:SecondSeal","hexamod:FifthSeal","hexamod:FirstSeal","hexamod:InspiringFlames","hexamod:SixthSeal","hexamod:SpectralAdrenaline","hexamod:FourthSeal","hexamod:NightmareStrike","hexamod:HeatShield","expansioncontent:AwakenDeath","hexamod:ThermalTransfer+1"],"relics":["hexamod:SpiritBrand","War Paint","Bag of Preparation","Orichalcum","Mummified Hand","SlaversCollar","Membership Card","Omamori"],"acts_visited":["Exordium","TheCity"],"potions_floor_usage":[16,16,19,25],"damage_taken":[{"damage":1,"enemies":"Jaw Worm","floor":2,"turns":3},{"damage":0,"enemies":"Small Slimes","floor":3,"turns":4},{"damage":0,"enemies":"Cultist","floor":5,"turns":3},{"damage":35,"enemies":"3 Sentries","floor":6,"turns":8},{"damage":3,"enemies":"Exordium Wildlife","floor":8,"turns":5},{"damage":0,"enemies":"Red Slaver","floor":9,"turns":3},{"damage":0,"enemies":"Exordium Thugs","floor":10,"turns":4},{"damage":0,"enemies":"downfall:FleeingMerchant","floor":12,"turns":4},{"damage":0,"enemies":"2 Fungi Beasts","floor":15,"turns":2},{"damage":0,"enemies":"SI_SHIV_ARCHETYPE","floor":16,"turns":7},{"damage":28,"enemies":"Chosen","floor":19,"turns":7},{"damage":22,"enemies":"3 Byrds","floor":20,"turns":7},{"damage":5,"enemies":"downfall:FleeingMerchant","floor":21,"turns":4},{"damage":24,"enemies":"3 Cultists","floor":23,"turns":6},{"damage":12,"enemies":"Shelled Parasite and Fungi","floor":25,"turns":2}],"seed_played":"7924253213805793897","potions_obtained":[{"floor":5,"key":"SteroidPotion"},{"floor":6,"key":"Strength Potion"},{"floor":8,"key":"Dexterity Potion"},{"floor":9,"key":"Block Potion"},{"floor":23,"key":"bronze:BurnAndBuffPotion"},{"floor":23,"key":"ColorlessPotion"}],"is_trial":false,"path_per_floor":["R","M","M","?","M","?","T","M","M","M","R","$","R","T","M","B",null,"R","M","M","$","?","M","T","M"],"character_chosen":"THE_SPIRIT","items_purchased":["Orichalcum","hexamod:HauntingEcho","hexamod:ThermalTransfer","Membership Card","hexamod:HeatShield","expansioncontent:AwakenDeath"],"campfire_rested":2,"item_purchase_floors":[12,12,12,21,21,21],"current_hp_per_floor":[70,69,69,69,69,34,34,31,31,31,52,52,70,70,70,70,70,70,42,27,29,29,12,12,0,0,0],"gold":27,"neow_bonus":"RANDOM_COLORLESS","is_daily":false,"chose_seed":false,"campfire_upgraded":2,"win_rate":0.0,"timestamp":1613215607,"path_taken":["R","M","M","?","M","?","T","M","M","M","R","?","R","?","M","BOSS","R","M","?","$","?","M","T","?"],"items_purchased_type":["Relic","Card","Card","Relic","Card","Card"],"build_version":"2020-12-22","purchased_purges":2,"victory":false,"max_hp_per_floor":[70,70,70,70,70,70,70,70,70,70,70,70,70,70,70,70,70,70,70,70,70,70,70,70,70,70,70],"card_choices":[{"not_picked":["Dramatic Entrance","Bandage Up"],"picked":"Swift Strike","floor":0},{"not_picked":["hexamod:Haunt","hexamod:NightmareGuise"],"picked":"hexamod:InspiringFlames","floor":2},{"not_picked":["hexamod:RadiantFlame","hexamod:HauntingEcho"],"picked":"hexamod:EmpoweredFlame","floor":3},{"not_picked":["hexamod:SkipABeat","hexamod:StepThrough"],"picked":"hexamod:GhostOfSpireFuture","floor":5},{"not_picked":["hexamod:HeatMetal","hexamod:PowerFromBeyond"],"picked":"hexamod:AdvancingGuard","floor":6},{"not_picked":["hexamod:AdvancingGuard","hexamod:HeatMetal"],"picked":"hexamod:SwordOfDarkness","floor":8},{"not_picked":["hexamod:BurningTouch","hexamod:Firestarter"],"picked":"hexamod:SpectersWail","floor":9},{"not_picked":["hexamod:GhostOfSpireFuture","hexamod:GhostOfSpirePast"],"picked":"hexamod:ShieldOfDarkness","floor":10},{"not_picked":["hexamod:DynamicBlow","hexamod:GhostOfSpirePresent"],"picked":"hexamod:PowerFromBeyond","floor":12},{"not_picked":["hexamod:Incineration","hexamod:GhostflameBarrier"],"picked":"hexamod:SecondSeal","floor":15},{"not_picked":["hexamod:GhostOfSpirePresent","hexamod:VolcanoVisage"],"picked":"hexamod:FifthSeal","floor":16},{"not_picked":["hexamod:FourthSeal","hexamod:ThirdSeal"],"picked":"hexamod:FirstSeal","floor":19},{"not_picked":["hexamod:Haunt+1","hexamod:EmpoweredFlame+1"],"picked":"hexamod:InspiringFlames","floor":19},{"not_picked":["hexamod:SecondSeal","hexamod:FirstSeal"],"picked":"hexamod:SixthSeal","floor":20},{"not_picked":["hexamod:SwordOfDarkness+1","hexamod:PhantomCloak+1"],"picked":"hexamod:SpectralAdrenaline","floor":20},{"not_picked":["hexamod:FirstSeal","hexamod:SecondSeal"],"picked":"hexamod:FourthSeal","floor":21},{"not_picked":["hexamod:InspiringFlames+1","hexamod:FourthSeal"],"picked":"hexamod:NightmareStrike","floor":21},{"not_picked":["hexamod:GhostOfSpirePresent","hexamod:HeatMetal"],"picked":"hexamod:ThermalTransfer+1","floor":23}],"player_experience":581916,"relics_obtained":[{"floor":6,"key":"War Paint"},{"floor":7,"key":"Bag of Preparation"},{"floor":14,"key":"Mummified Hand"},{"floor":24,"key":"Omamori"}],"event_choices":[],"is_beta":false,"boss_relics":[{"not_picked":["Empty Cage","Runic Pyramid"],"picked":"SlaversCollar"}],"items_purged_floors":[12,21],"is_endless":false,"potions_floor_spawned":[5,6,8,9,23],"killed_by":"Shelled Parasite and Fungi","ascension_level":0}}