{"host":"49pjgf1q9ev52n8z","time":1613195939,"event":{"mods":["BaseMod","Bestiary","Colored Map","Keyboard Shortcuts","Minty Spire (QoL Compilation)","Practice Mode","Relic Stats","StSLib"],"gold_per_floor":[13,26,26,46,46,46,85,85,110,141,141,161,161,199,199,324,324,349,89,89,114,139,139,180,180,180,180,214,226,273,312,324,465,477,514,542,104,125,138,169,235,259,259,292,292,333,347,361,361,361],"floor_reached":51,"language":"ENG","playtime":5842,"items_purged":["Strike_R"],"score":1258,"play_id":"fb199cff-6a83-46ac-8781-5ea647d96bc4","local_time":"20210212215859","is_ascension_mode":true,"campfire_choices":[{"data":"Bash","floor":6.0,"key":"SMITH"},{"data":"Inflame","floor":8.0,"key":"SMITH"},{"data":"Clothesline","floor":13.0,"key":"SMITH"},{"data":"Demon Form","floor":15.0,"key":"SMITH"},{"data":"Combust","floor":23.0,"key":"SMITH"},{"data":"Flame Barrier","floor":25.0,"key":"SMITH"},{"data":"Pommel Strike","floor":27.0,"key":"SMITH"},{"data":"Feel No Pain","floor":29.0,"key":"SMITH"},{"data":"Reaper","floor":32.0,"key":"SMITH"},{"data":"Strike_R","floor":45,"key":"PURGE"},{"data":"True Grit","floor":49,"key":"PURGE"}],"circlet_count":0,"master_deck":["Strike_R+1","Strike_R","Strike_R","Defend_R","Defend_R","Defend_R","Defend_R","Bash+1","Inflame+1","Twin Strike","Sword Boomerang+1","Demon Form+1","Clothesline+1","Feel No Pain+1","Reaper+1","Shrug It Off+1","Pommel Strike+1","Combust+1","Flame Barrier+1","Corruption","Headbutt+1","Limit Break","Dual Wield+1","Sever Soul+1","Disarm","Dropkick+1","Feel No Pain+1","Dark Embrace"],"relics":["Burning Blood","FossilizedHelix","Golden Idol","Anchor","Vajra","Tiny Chest","Bag of Marbles","Snecko Eye","Singing Bowl","Enchiridion","Bottled Flame","Bottled Lightning","MawBank","PreservedInsect","Dream Catcher","Fusion Hammer","Membership Card","Bronze Scales","Akabeko","Peace Pipe","Incense Burner","The Courier","Juzu Bracelet","Pen Nib"],"acts_visited":["Exordium","TheCity","TheBeyond"],"potions_floor_usage":[33,38,50,50],"damage_taken":[{"damage":3.0,"enemies":"Small Slimes","floor":1.0,"turns":4.0},{"damage":0.0,"enemies":"2 Louse","floor":2.0,"turns":3.0},{"damage":0.0,"enemies":"Jaw Worm","floor":4.0,"turns":2.0},{"damage":15.0,"enemies":"3 Sentries","floor":7.0,"turns":8.0},{"damage":0.0,"enemies":"Lagavulin","floor":10.0,"turns":4.0},{"damage":8.0,"enemies":"Exordium Thugs","floor":12.0,"turns":4.0},{"damage":0.0,"enemies":"3 Sentries","floor":14.0,"turns":5.0},{"damage":35.0,"enemies":"Hexaghost","floor":16.0,"turns":6.0},{"damage":11.0,"enemies":"2 Thieves","floor":18.0,"turns":4.0},{"damage":0.0,"enemies":"Shell Parasite","floor":21.0,"turns":3.0},{"damage":6.0,"enemies":"Centurion and Healer","floor":22.0,"turns":4.0},{"damage":21.0,"enemies":"Slavers","floor":24.0,"turns":4.0},{"damage":37.0,"enemies":"Book of Stabbing","floor":28.0,"turns":7.0},{"damage":0.0,"enemies":"Slavers","floor":30.0,"turns":4.0},{"damage":31,"enemies":"Collector","floor":33,"turns":6},{"damage":35,"enemies":"3 Shapes","floor":35,"turns":5},{"damage":0,"enemies":"Orb Walker","floor":36,"turns":3},{"damage":0,"enemies":"Maw","floor":38,"turns":5},{"damage":0,"enemies":"Spire Growth","floor":39,"turns":3},{"damage":0,"enemies":"Reptomancer","floor":40,"turns":2},{"damage":34,"enemies":"2 Orb Walkers","floor":41,"turns":4},{"damage":22,"enemies":"Sphere and 2 Shapes","floor":42,"turns":4},{"damage":0,"enemies":"Giant Head","floor":44,"turns":7},{"damage":0,"enemies":"Reptomancer","floor":46,"turns":3},{"damage":0,"enemies":"4 Shapes","floor":47,"turns":3},{"damage":3,"enemies":"Transient","floor":48,"turns":5},{"damage":25,"enemies":"Time Eater","floor":50,"turns":7}],"seed_played":"1564751730050891691","potions_obtained":[{"floor":1.0,"key":"SpeedPotion"},{"floor":2.0,"key":"Explosive Potion"},{"floor":4.0,"key":"LiquidMemories"},{"floor":16.0,"key":"PowerPotion"},{"floor":21.0,"key":"ColorlessPotion"},{"floor":24.0,"key":"Ancient Potion"},{"floor":28.0,"key":"Dexterity Potion"},{"floor":30.0,"key":"CultistPotion"},{"floor":39,"key":"Explosive Potion"},{"floor":47,"key":"Regen Potion"}],"is_trial":false,"path_per_floor":["M","M","?","M","?","R","E","R","T","E","?","M","R","E","R","B",null,"M","$","?","M","M","R","E","R","T","R","E","R","E","T","R","B",null,"M","M","$","M","M","E","?","M","T","E","R","E","M","M","R","B",null],"character_chosen":"IRONCLAD","items_purchased":["Singing Bowl","Membership Card","Bronze Scales","Akabeko","True Grit","AttackPotion","LiquidBronze","Disarm"],"campfire_rested":0,"item_purchase_floors":[19,37,37,37,37,37,37,37],"current_hp_per_floor":[75,80,60,66,66,66,57,57,57,63,47,45,45,51,51,22,66,71,71,55,68,79,79,80,80,80,80,57,57,80,80,80,80,80,67,80,80,80,82,84,69,62,62,86,86,88,90,92,92,73],"gold":361,"neow_bonus":"ONE_RARE_RELIC","is_daily":false,"chose_seed":false,"campfire_upgraded":9,"win_rate":0.0,"timestamp":1613195939,"path_taken":["M","M","?","M","?","R","E","R","T","E","?","?","R","E","R","BOSS","M","$","?","M","M","R","E","R","T","R","E","R","E","?","R","BOSS","M","M","$","M","M","E","?","M","T","E","R","E","M","M","R","BOSS"],"items_purchased_type":["Relic","Relic","Relic","Relic","Card","Potion","Potion","Card"],"build_version":"2020-12-22","purchased_purges":1,"victory":true,"max_hp_per_floor":[80,80,80,80,80,80,80,80,80,80,80,80,80,80,80,80,80,80,80,80,80,80,80,80,80,80,80,80,80,80,80,80,80,80,80,80,80,80,82,84,84,84,84,86,86,88,90,92,92,92],"relic_stats":{"Singing Bowl":12,"counters":[27,119],"Golden Idol":204,"PreservedInsect":272,"Pen Nib":[3],"Juzu Bracelet":0,"MawBank":108,"Burning Blood":105,"Peace Pipe":2,"Dream Catcher":0,"Bronze Scales":[99],"Snecko Eye":[170,161,152,164],"Tiny Chest":1,"obtain_stats":[{"Singing Bowl":19,"Golden Idol":3,"Vajra":9,"Enchiridion":20,"PreservedInsect":30,"The Courier":43,"Pen Nib":46,"Incense Burner":41,"Juzu Bracelet":44,"MawBank":28,"Burning Blood":0,"Akabeko":37,"Peace Pipe":40,"Anchor":7,"Bottled Flame":24,"Dream Catcher":31,"Bronze Scales":37,"Snecko Eye":17,"Tiny Chest":10,"Fusion Hammer":34,"Bag of Marbles":14,"Bottled Lightning":26,"Membership Card":37,"FossilizedHelix":0},{"Singing Bowl":9,"Golden Idol":2,"Vajra":4,"Enchiridion":9,"PreservedInsect":14,"The Courier":22,"Pen Nib":24,"Incense Burner":21,"Juzu Bracelet":23,"MawBank":13,"Burning Blood":0,"Akabeko":17,"Peace Pipe":20,"Anchor":4,"Bottled Flame":12,"Dream Catcher":14,"Bronze Scales":17,"Snecko Eye":8,"Tiny Chest":5,"Fusion Hammer":15,"Bag of Marbles":7,"Bottled Lightning":12,"Membership Card":17,"FossilizedHelix":0},{"Singing Bowl":40,"Golden Idol":7,"Vajra":17,"Enchiridion":40,"PreservedInsect":62,"The Courier":94,"Pen Nib":104,"Incense Burner":90,"Juzu Bracelet":101,"MawBank":58,"Burning Blood":0,"Akabeko":76,"Peace Pipe":86,"Anchor":17,"Bottled Flame":51,"Dream Catcher":62,"Bronze Scales":76,"Snecko Eye":36,"Tiny Chest":21,"Fusion Hammer":68,"Bag of Marbles":30,"Bottled Lightning":51,"Membership Card":76,"FossilizedHelix":0}]},"card_choices":[{"not_picked":["Searing Blow","Disarm"],"picked":"Inflame","floor":1.0},{"not_picked":["Thunderclap","Wild Strike"],"picked":"Twin Strike","floor":2.0},{"not_picked":["Wild Strike","Reckless Charge","Warcry"],"picked":"SKIP","floor":4.0},{"not_picked":["Ghostly Armor","Sever Soul"],"picked":"Sword Boomerang","floor":7.0},{"not_picked":["Clash","Bloodletting"],"picked":"Demon Form","floor":10.0},{"not_picked":["Rupture","Heavy Blade"],"picked":"Clothesline","floor":12.0},{"not_picked":["Dual Wield","Reckless Charge"],"picked":"Feel No Pain","floor":14.0},{"not_picked":["Berserk","Bludgeon"],"picked":"Reaper","floor":16.0},{"not_picked":["Power Through","Perfected Strike"],"picked":"Shrug It Off+1","floor":18.0},{"not_picked":["Clothesline","Thunderclap"],"picked":"Pommel Strike","floor":21.0},{"not_picked":["Havoc","Flex"],"picked":"Combust","floor":22.0},{"not_picked":["Body Slam+1","Fire Breathing"],"picked":"Flame Barrier","floor":24.0},{"not_picked":["Searing Blow","Seeing Red"],"picked":"Corruption","floor":28.0},{"not_picked":["Inflame","Flame Barrier"],"picked":"Headbutt+1","floor":30.0},{"not_picked":["Juggernaut","Double Tap"],"picked":"Limit Break","floor":33},{"not_picked":["Infernal Blade","Cleave"],"picked":"Dual Wield+1","floor":35},{"not_picked":["Carnage+1","Pommel Strike"],"picked":"Sever Soul+1","floor":36},{"not_picked":["Cleave+1","Inflame"],"picked":"Dropkick+1","floor":38},{"not_picked":["Ghostly Armor","Spot Weakness+1","Perfected Strike+1"],"picked":"Singing Bowl","floor":39},{"not_picked":["Juggernaut","True Grit+1","Headbutt+1"],"picked":"Singing Bowl","floor":40},{"not_picked":["Heavy Blade+1","Warcry+1"],"picked":"Feel No Pain+1","floor":41},{"not_picked":["Cleave","Flex"],"picked":"Dark Embrace","floor":42},{"not_picked":["Whirlwind+1","Sword Boomerang+1","Uppercut+1"],"picked":"Singing Bowl","floor":44},{"not_picked":["Cleave","Shrug It Off+1","Clothesline+1"],"picked":"Singing Bowl","floor":46},{"not_picked":["Searing Blow+1","Second Wind","Twin Strike+1"],"picked":"Singing Bowl","floor":47},{"not_picked":["Wild Strike+1","Double Tap","Infernal Blade"],"picked":"Singing Bowl","floor":48}],"player_experience":820987,"relics_obtained":[{"floor":7.0,"key":"Anchor"},{"floor":9.0,"key":"Vajra"},{"floor":10.0,"key":"Tiny Chest"},{"floor":14.0,"key":"Bag of Marbles"},{"floor":20.0,"key":"Enchiridion"},{"floor":24.0,"key":"Bottled Flame"},{"floor":26.0,"key":"Bottled Lightning"},{"floor":28.0,"key":"MawBank"},{"floor":30.0,"key":"PreservedInsect"},{"floor":31.0,"key":"Dream Catcher"},{"floor":40,"key":"Peace Pipe"},{"floor":41,"key":"Incense Burner"},{"floor":43,"key":"The Courier"},{"floor":44,"key":"Juzu Bracelet"},{"floor":46,"key":"Pen Nib"}],"event_choices":[{"damage_healed":0.0,"max_hp_gain":0.0,"max_hp_loss":0.0,"gold_gain":0.0,"event_name":"Golden Idol","player_choice":"Take Damage","floor":3.0,"gold_loss":0.0,"damage_taken":20.0,"relics_obtained":["Golden Idol"]},{"damage_healed":0.0,"max_hp_gain":0.0,"max_hp_loss":0.0,"gold_gain":0.0,"event_name":"Liars Game","player_choice":"Ignored","floor":5.0,"gold_loss":0.0,"damage_taken":0.0},{"damage_healed":0.0,"max_hp_gain":0.0,"max_hp_loss":0.0,"gold_gain":0.0,"event_name":"Shining Light","player_choice":"Entered Light","floor":11.0,"gold_loss":0.0,"damage_taken":16.0,"cards_upgraded":["Sword Boomerang","Strike_R"]},{"damage_healed":0.0,"max_hp_gain":0.0,"max_hp_loss":0.0,"gold_gain":0.0,"event_name":"Cursed Tome","player_choice":"Obtained Book","floor":20.0,"gold_loss":0.0,"damage_taken":16.0},{"damage_healed":0,"gold_gain":0,"player_choice":"Fight","damage_taken":0,"max_hp_gain":0,"max_hp_loss":0,"event_name":"Mysterious Sphere","floor":41,"gold_loss":0}],"is_beta":false,"boss_relics":[{"not_picked":["Empty Cage","Cursed Key"],"picked":"Snecko Eye"},{"not_picked":["Runic Dome","Black Blood"],"picked":"Fusion Hammer"}],"items_purged_floors":[37],"is_endless":false,"potions_floor_spawned":[1,2,4,16,21,24,28,30,39,41,44,46,47],"ascension_level":7}}