{"host":"z8k0b1oqxoiri7b9","time":1613194200,"event":{"mods":["AchievementEnabler","BaseMod","Downfall","Minty Spire (QoL Compilation)","StSLib"],"gold_per_floor":[99,115,115,135,52,65,91,124,124,30,58,82,244,286,317,429,441,453,483,495,507,504,533,545,349,362,380,380,380,380,380,380],"floor_reached":30,"language":"ENG","playtime":1785,"items_purged":["sneckomod:Strike"],"score":298,"play_id":"f73b8d85-fb45-4d99-aeca-26be281bd227","local_time":"20210213133000","is_ascension_mode":false,"campfire_choices":[{"data":"sneckomod:TailWhip","floor":1.0,"key":"SMITH"},{"data":"sneckomod:Memorize","floor":18,"key":"SMITH"}],"circlet_count":0,"master_deck":["sneckomod:Strike","sneckomod:Strike","sneckomod:Defend+1","sneckomod:Defend+1","sneckomod:Defend","sneckomod:TailWhip+1","sneckomod:SnekBite","sneckomod:Unknown","sneckomod:Unknown2Cost","sneckomod:UnknownExhaust","sneckomod:UnknownDraw","sneckomod:Unknown0Cost","sneckomod:UnknownExhaust","sneckomod:UnknownClassBLUE","sneckomod:UnknownRareAttack","downfall:Icky","sneckomod:Unknown3Cost","expansioncontent:DashGenerateEvil","Meteor Strike"],"relics":["sneckomod:SneckoSoul","Lantern","War Paint","sneckomod:SneckoCommon","MawBank","Omamori","Philosopher\u0027s Stone","Necronomicon","sneckomod:UnknownEgg","MutagenicStrength","Molten Egg 2"],"acts_visited":["Exordium","TheCity"],"potions_floor_usage":[22,22,26,30,30],"damage_taken":[{"damage":0.0,"enemies":"Cultist","floor":2.0,"turns":3.0},{"damage":0.0,"enemies":"Jaw Worm","floor":4.0,"turns":4.0},{"damage":5.0,"enemies":"downfall:FleeingMerchant","floor":5.0,"turns":4.0},{"damage":0.0,"enemies":"2 Louse","floor":6.0,"turns":1.0},{"damage":8.0,"enemies":"Gremlin Nob","floor":8.0,"turns":3.0},{"damage":7.0,"enemies":"downfall:FleeingMerchant","floor":10.0,"turns":4.0},{"damage":0.0,"enemies":"Lagavulin","floor":11.0,"turns":7.0},{"damage":6.0,"enemies":"2 Fungi Beasts","floor":12.0,"turns":3.0},{"damage":24.0,"enemies":"Gremlin Nob","floor":14.0,"turns":3.0},{"damage":7.0,"enemies":"3 Louse","floor":15.0,"turns":5.0},{"damage":11,"enemies":"SI_SHIV_ARCHETYPE","floor":16,"turns":7},{"damage":6,"enemies":"Chosen","floor":19,"turns":4},{"damage":37,"enemies":"downfall:FleeingMerchant","floor":22,"turns":4},{"damage":28,"enemies":"Snake Plant","floor":23,"turns":5},{"damage":0,"enemies":"downfall:FleeingMerchant","floor":25,"turns":1},{"damage":10,"enemies":"Cultist and Chosen","floor":26,"turns":5},{"damage":0,"enemies":"Chosen and Byrds","floor":27,"turns":4},{"damage":9,"enemies":"Centurion and Healer","floor":30,"turns":1}],"seed_played":"9018246514020921073","potions_obtained":[{"floor":2.0,"key":"SteroidPotion"},{"floor":3.0,"key":"champ:CounterPotion"},{"floor":3.0,"key":"Energy Potion"},{"floor":3.0,"key":"Weak Potion"},{"floor":12.0,"key":"FearPotion"},{"floor":14.0,"key":"PowerPotion"},{"floor":23,"key":"Energy Potion"},{"floor":26,"key":"bronze:BurnAndBuffPotion"}],"is_trial":false,"path_per_floor":["R","M","?","M","$","M","T","E","T","$","E","M","?","E","M","B",null,"R","M","?","?","$","M","T","$","M","M","?","?","M"],"character_chosen":"THE_SNECKO","items_purchased":["sneckomod:Unknown0Cost","sneckomod:UnknownRareAttack","expansioncontent:DashGenerateEvil","sneckomod:UnknownEgg"],"campfire_rested":0,"item_purchase_floors":[5,10,25,25],"current_hp_per_floor":[99,99,99,99,94,94,94,86,86,79,79,73,73,49,42,31,99,99,93,77,77,40,12,12,12,2,2,2,2,0,0,0],"gold":380,"neow_bonus":"TEN_PERCENT_HP_BONUS","is_daily":false,"chose_seed":false,"campfire_upgraded":2,"win_rate":0.0,"timestamp":1613194200,"path_taken":["R","M","?","?","$","M","T","E","?","?","E","?","?","E","M","BOSS","R","M","?","?","?","?","T","$","M","M","?","?","M"],"items_purchased_type":["Card","Card","Card","Relic"],"build_version":"2020-12-22","purchased_purges":1,"victory":false,"max_hp_per_floor":[99,99,99,99,99,99,99,99,99,99,99,99,99,99,99,99,99,99,99,99,99,99,99,99,99,99,99,99,99,99,99,99],"card_choices":[{"not_picked":["sneckomod:Rotation","sneckomod:UnknownExhaust"],"picked":"sneckomod:Unknown2Cost","floor":2.0},{"not_picked":["sneckomod:RainOfDice","sneckomod:UnknownCommonSkill"],"picked":"sneckomod:UnknownExhaust","floor":4.0},{"not_picked":["sneckomod:UnknownCommonSkill","sneckomod:DiceBoulder"],"picked":"sneckomod:UnknownDraw","floor":5.0},{"not_picked":["sneckomod:Nope","sneckomod:QuickBite","sneckomod:UnknownDraw"],"picked":"SKIP","floor":6.0},{"not_picked":["sneckomod:IronFang","sneckomod:UnknownClassBLUE"],"picked":"sneckomod:UnknownExhaust","floor":8.0},{"not_picked":["sneckomod:CheapStock","sneckomod:UnknownDraw","sneckomod:Nope"],"picked":"SKIP","floor":10.0},{"not_picked":["sneckomod:DiceBoulder","sneckomod:SoulDraw","sneckomod:SerpentIdol"],"picked":"SKIP","floor":11.0},{"not_picked":["sneckomod:DefensiveFlair","sneckomod:RainOfDice","sneckomod:DiceCrush"],"picked":"SKIP","floor":12.0},{"not_picked":["sneckomod:Cheat","sneckomod:MasterEye","sneckomod:SoulRoll"],"picked":"SKIP","floor":14.0},{"not_picked":["sneckomod:Nope","sneckomod:QuickMove"],"picked":"sneckomod:Memorize","floor":15.0},{"not_picked":["sneckomod:UnknownRareSkill","sneckomod:Mudshield"],"picked":"sneckomod:Unknown3Cost","floor":16},{"not_picked":["sneckomod:Rotation","sneckomod:Unknown1Cost","sneckomod:UnknownBlock+1"],"picked":"SKIP","floor":19},{"not_picked":["sneckomod:ImprovisedGuard","sneckomod:UnknownUncommonSkill","sneckomod:Nope+1"],"picked":"SKIP","floor":22},{"not_picked":["sneckomod:Unknown1Cost","sneckomod:IronFang","sneckomod:DiceCrush"],"picked":"SKIP","floor":23},{"not_picked":["sneckomod:UnknownCommonAttack","sneckomod:UnknownWeak","sneckomod:UnknownVulnerable+1"],"picked":"SKIP","floor":25},{"not_picked":["sneckomod:MorePower","sneckomod:UnknownUncommonPower+1","sneckomod:UnknownClassHEXA_GHOST_PURPLE+1"],"picked":"SKIP","floor":26},{"not_picked":["sneckomod:UnknownVulnerable+1","sneckomod:UnknownClassBLUE+1","sneckomod:UnknownUncommonSkill+1"],"picked":"SKIP","floor":27}],"player_experience":203034,"relics_obtained":[{"floor":7.0,"key":"Lantern"},{"floor":8.0,"key":"War Paint"},{"floor":9.0,"key":"sneckomod:SneckoCommon"},{"floor":11.0,"key":"MawBank"},{"floor":14.0,"key":"Omamori"},{"floor":20,"key":"Necronomicon"}],"event_choices":[{"damage_healed":0.0,"max_hp_gain":0.0,"max_hp_loss":0.0,"gold_gain":0.0,"event_name":"Lab","player_choice":"Got Potions","floor":3.0,"gold_loss":0.0,"damage_taken":0.0},{"damage_healed":0,"gold_gain":0,"player_choice":"Ignored","damage_taken":0,"max_hp_gain":0,"max_hp_loss":0,"event_name":"Vampires","floor":21,"gold_loss":0},{"damage_healed":0,"gold_gain":0,"player_choice":"Inject Mutagens","damage_taken":0,"relics_obtained":["MutagenicStrength"],"max_hp_gain":0,"max_hp_loss":0,"event_name":"Drug Dealer","floor":28,"gold_loss":0}],"is_beta":false,"boss_relics":[{"not_picked":["Cursed Key","Velvet Choker"],"picked":"Philosopher\u0027s Stone"}],"items_purged_floors":[25],"is_endless":false,"potions_floor_spawned":[2,4,12,14,16,23,26],"killed_by":"Centurion and Healer","ascension_level":0}}