{"host":"w01zow3jg16g8jdh","time":1613226991,"event":{"mods":["2.2 Compatiblity","AchievementEnabler","BaseMod","DeckTracker","Hermit","Keyboard Shortcuts","Marisa£¨Ùöéë¡¡Øª×âÞÞ£©","Minty Spire (QoL Compilation)","Permanent Neow","StSLib","SuperFastMode"],"gold_per_floor":[110,60,60,60,74,107,107,140,140,175,192,219,219,144,144,244,244,261,261,307,322,341,371,371,401,401,301,328,253,265,299,311,427,439,465,199,199,199,217,252,252,252,252,283,298,329,349,379,379,379,379,379,89,124,124,124],"floor_reached":55,"language":"KOR","playtime":1070,"items_purged":["Strike_MRS","Defend_MRS","Strike_MRS+1"],"score":1743,"play_id":"261dc9f3-efad-4157-b4e4-b3b838c1318a","local_time":"20210213233631","is_ascension_mode":true,"campfire_choices":[{"floor":7.0,"key":"REST"},{"data":"CollectingQuirk","floor":15.0,"key":"SMITH"},{"data":"MilkyWay","floor":32.0,"key":"SMITH"},{"floor":49,"key":"RECALL"},{"data":"SporeBomb","floor":52,"key":"SMITH"}],"circlet_count":0,"master_deck":["AscendersBane","Defend_MRS+1","MasterSpark+1","SporeBomb+1","MilkyWay+1","CollectingQuirk+1","MagicChant+1","GrandCross+1","ChargingUp+1","Parasite","MaximisePower","CollectingQuirk+1","OortCloud+1"],"relics":["MiniHakkero","WingedGreaves","Oddly Smooth Stone","Anchor","Tiny Chest","Letter Opener","Omamori","Black Star","Necronomicon","Juzu Bracelet","BreadOfAWashokuLover","Nloth\u0027s Gift","Eternal Feather","Bottled Flame","Ornamental Fan","Blood Vial","Incense Burner","ShroomBag","MawBank","Runic Dome","DollysMirror","Centennial Puzzle","Bottled Lightning","Smiling Mask","Gambling Chip","Darkstone Periapt","Pen Nib","Happy Flower","Orichalcum","Turnip","Singing Bowl","Chemical X","Bronze Scales","Vajra","Du-Vu Doll"],"acts_visited":["Exordium","TheCity","TheBeyond","TheEnding"],"potions_floor_usage":[33,55],"damage_taken":[{"damage":0.0,"enemies":"2 Louse","floor":1.0,"turns":2.0},{"damage":7.0,"enemies":"Jaw Worm","floor":5.0,"turns":2.0},{"damage":25.0,"enemies":"3 Sentries","floor":6.0,"turns":7.0},{"damage":16.0,"enemies":"Lagavulin","floor":8.0,"turns":6.0},{"damage":14.0,"enemies":"3 Sentries","floor":10.0,"turns":6.0},{"damage":0.0,"enemies":"Small Slimes","floor":11.0,"turns":2.0},{"damage":10.0,"enemies":"Lagavulin","floor":12.0,"turns":3.0},{"damage":0.0,"enemies":"The Guardian","floor":16.0,"turns":8.0},{"damage":17.0,"enemies":"2 Thieves","floor":18.0,"turns":3.0},{"damage":0.0,"enemies":"Spheric Guardian","floor":21.0,"turns":2.0},{"damage":14.0,"enemies":"Shelled Parasite and Fungi","floor":22.0,"turns":3.0},{"damage":0.0,"enemies":"Book of Stabbing","floor":23.0,"turns":2.0},{"damage":0.0,"enemies":"Gremlin Leader","floor":25.0,"turns":2.0},{"damage":0.0,"enemies":"Slavers","floor":28.0,"turns":2.0},{"damage":0.0,"enemies":"Centurion and Healer","floor":30.0,"turns":2.0},{"damage":0.0,"enemies":"Gremlin Leader","floor":31.0,"turns":3.0},{"damage":12,"enemies":"Automaton","floor":33,"turns":6},{"damage":0,"enemies":"3 Shapes","floor":35,"turns":1},{"damage":0,"enemies":"Orb Walker","floor":39,"turns":1},{"damage":0,"enemies":"Giant Head","floor":40,"turns":3},{"damage":0,"enemies":"Nemesis","floor":44,"turns":1},{"damage":0,"enemies":"3 Darklings","floor":45,"turns":1},{"damage":0,"enemies":"Reptomancer","floor":46,"turns":1},{"damage":0,"enemies":"Transient","floor":47,"turns":2},{"damage":0,"enemies":"Nemesis","floor":48,"turns":1},{"damage":3,"enemies":"Awakened One","floor":50,"turns":3},{"damage":0,"enemies":"Shield and Spear","floor":54,"turns":1},{"damage":95,"enemies":"The Heart","floor":55,"turns":3}],"seed_played":"933588885378295185","potions_obtained":[{"floor":8.0,"key":"BottledSpark"},{"floor":10.0,"key":"DuplicationPotion"},{"floor":11.0,"key":"DistilledChaos"},{"floor":12.0,"key":"EssenceOfSteel"},{"floor":22.0,"key":"DistilledChaos"},{"floor":25.0,"key":"SpeedPotion"},{"floor":28.0,"key":"Explosive Potion"},{"floor":30.0,"key":"ColorlessPotion"},{"floor":35,"key":"FearPotion"},{"floor":40,"key":"Strength Potion"},{"floor":48,"key":"Dexterity Potion"},{"floor":54,"key":"DuplicationPotion"}],"is_trial":false,"path_per_floor":["M","?","T","?","M","E","R","E","T","E","M","E","?","$","R","B",null,"M","?","T","M","M","E","?","E","T","$","E","?","M","E","R","B",null,"M","$","?","T","M","E","?","$","T","E","M","E","M","E","R","B",null,"R","$","E","B"],"character_chosen":"MARISA","items_purchased":["DollysMirror","Chemical X","Bronze Scales"],"campfire_rested":1,"item_purchase_floors":[36,53,53],"current_hp_per_floor":[50,50,50,35,28,3,25,9,9,45,45,35,35,35,35,35,65,48,32,32,32,18,18,18,19,19,19,19,19,21,24,30,24,62,64,64,64,64,66,72,72,72,72,75,75,75,75,77,77,77,77,77,77,77,0,0],"gold":124,"neow_bonus":"TRANSFORM_TWO_CARDS","is_daily":false,"chose_seed":false,"campfire_upgraded":3,"win_rate":0.0,"timestamp":1613226991,"path_taken":["M","?","?","?","?","E","R","E","T","E","M","E","?","?","R","BOSS","M","?","?","M","M","E","?","E","T","$","E","?","M","E","R","BOSS","M","$","?","?","M","E","?","$","T","E","M","E","M","E","R","BOSS","R","$","E","BOSS"],"items_purchased_type":["Relic","Relic","Relic"],"build_version":"2020-12-22","purchased_purges":3,"victory":false,"max_hp_per_floor":[75,75,75,75,75,75,75,75,75,75,75,75,75,75,75,75,75,75,75,75,75,75,75,75,75,75,75,75,75,75,75,75,75,75,75,75,75,75,75,75,75,75,75,75,75,75,75,77,77,77,77,77,77,77,90,90],"card_choices":[{"not_picked":["PowerUp","ShootingEcho"],"picked":"MilkyWay","floor":1.0},{"not_picked":["ManaConvection","WitchOfGreed","OneTimeOff"],"picked":"SKIP","floor":5.0},{"not_picked":["SuperPerseids","ShootingEcho","DragonMeteor"],"picked":"SKIP","floor":6.0},{"not_picked":["6A","NonDirectionalLaser","ShootingEcho"],"picked":"SKIP","floor":8.0},{"not_picked":["WitchLeyline","SuperNova"],"picked":"CollectingQuirk","floor":10.0},{"not_picked":["GasGiant","UnstableBomb"],"picked":"MagicChant","floor":11.0},{"not_picked":["UnstableBomb","DC","MeteoricShower"],"picked":"SKIP","floor":12.0},{"not_picked":["WitchLeyline+1","SprinkleStarSeal"],"picked":"GrandCross+1","floor":18.0},{"not_picked":["MysteriousBeam","MeteoricShower","OpenUniverse"],"picked":"SKIP","floor":21.0},{"not_picked":["DragonMeteor","GravityBeat","DarkSpark+1"],"picked":"SKIP","floor":22.0},{"not_picked":["NonDirectionalLaser","Acceleration+1","6A+1"],"picked":"SKIP","floor":23.0},{"not_picked":["NonDirectionalLaser","Acceleration+1","6A+1"],"picked":"SKIP","floor":23.0},{"not_picked":["EventHorizon","DragonMeteor+1","DC"],"picked":"SKIP","floor":25.0},{"not_picked":["SatelliteIllusion","WitchOfGreed"],"picked":"ChargingUp+1","floor":28.0},{"not_picked":["ChargingUp","ShootingEcho","Orbital+1"],"picked":"SKIP","floor":30.0},{"not_picked":["DC","ShootTheMoon","StarlightTyphoon+1"],"picked":"SKIP","floor":31.0},{"not_picked":["BigCrunch","SuperNova"],"picked":"MaximisePower","floor":33},{"not_picked":["GrandCross","StarlightTyphoon","6A"],"picked":"SKIP","floor":35},{"not_picked":["OpenUniverse+1","DC","AsteroidBelt+1"],"picked":"SKIP","floor":39},{"not_picked":["DarkMatter","CollectingQuirk","Occultation+1"],"picked":"SKIP","floor":40},{"not_picked":["ManaRampage","GasGiant","ShootingEcho+1"],"picked":"SKIP","floor":44},{"not_picked":["MysteriousBeam+1","AsteroidBelt","EnergyRecoil+1"],"picked":"SKIP","floor":45},{"not_picked":["OrrerysSun","Acceleration+1","ShootingEcho+1"],"picked":"SKIP","floor":46},{"not_picked":["GalacticHalo","EnergyFlow+1","JA"],"picked":"SKIP","floor":47},{"not_picked":["6A+1","CasketOfStar","BigCrunch"],"picked":"Singing Bowl","floor":48},{"not_picked":["FairyDestructionRay+1","SporeBomb"],"picked":"OortCloud+1","floor":54}],"player_experience":386567,"relics_obtained":[{"floor":3.0,"key":"WingedGreaves"},{"floor":6.0,"key":"Oddly Smooth Stone"},{"floor":8.0,"key":"Anchor"},{"floor":9.0,"key":"Tiny Chest"},{"floor":10.0,"key":"Letter Opener"},{"floor":12.0,"key":"Omamori"},{"floor":19.0,"key":"Necronomicon"},{"floor":20.0,"key":"War Paint"},{"floor":23.0,"key":"Juzu Bracelet"},{"floor":23.0,"key":"BreadOfAWashokuLover"},{"floor":25.0,"key":"Eternal Feather"},{"floor":25.0,"key":"Bottled Flame"},{"floor":26.0,"key":"Ornamental Fan"},{"floor":28.0,"key":"Blood Vial"},{"floor":28.0,"key":"Incense Burner"},{"floor":31.0,"key":"ShroomBag"},{"floor":31.0,"key":"MawBank"},{"floor":38,"key":"Bottled Lightning"},{"floor":40,"key":"Smiling Mask"},{"floor":40,"key":"Gambling Chip"},{"floor":44,"key":"Darkstone Periapt"},{"floor":44,"key":"Pen Nib"},{"floor":46,"key":"Happy Flower"},{"floor":46,"key":"Orichalcum"},{"floor":48,"key":"Turnip"},{"floor":48,"key":"Singing Bowl"},{"floor":54,"key":"Vajra"},{"floor":54,"key":"Du-Vu Doll"}],"event_choices":[{"cards_removed":["Strike_MRS"],"damage_healed":0.0,"max_hp_gain":0.0,"max_hp_loss":0.0,"gold_gain":0.0,"event_name":"The Cleric","player_choice":"Card Removal","floor":2.0,"gold_loss":50.0,"damage_taken":0.0},{"damage_healed":0.0,"max_hp_gain":0.0,"max_hp_loss":0.0,"gold_gain":0.0,"event_name":"Shining Light","player_choice":"Entered Light","floor":4.0,"gold_loss":0.0,"damage_taken":15.0,"cards_upgraded":["MasterSpark","Strike_MRS"]},{"cards_removed":["Defend_MRS"],"damage_healed":0.0,"max_hp_gain":0.0,"max_hp_loss":0.0,"gold_gain":0.0,"event_name":"Living Wall","player_choice":"Forget","floor":13.0,"gold_loss":0.0,"damage_taken":0.0},{"damage_healed":0.0,"max_hp_gain":0.0,"max_hp_loss":0.0,"gold_gain":0.0,"event_name":"Cursed Tome","player_choice":"Obtained Book","floor":19.0,"gold_loss":0.0,"damage_taken":16.0},{"damage_healed":0.0,"max_hp_gain":0.0,"max_hp_loss":0.0,"gold_gain":0.0,"event_name":"N\u0027loth","player_choice":"Traded Relic","floor":24.0,"relics_lost":["War Paint"],"gold_loss":0.0,"damage_taken":0.0,"relics_obtained":["Nloth\u0027s Gift"]},{"cards_removed":["UpSweep"],"damage_healed":0.0,"max_hp_gain":0.0,"max_hp_loss":0.0,"gold_gain":0.0,"event_name":"Beggar","player_choice":"Gave Gold","floor":29.0,"gold_loss":75.0,"damage_taken":0.0},{"damage_healed":0,"gold_gain":0,"player_choice":"Gave Potion","damage_taken":0,"relics_obtained":["Centennial Puzzle"],"max_hp_gain":0,"max_hp_loss":0,"event_name":"WeMeetAgain","floor":37,"gold_loss":0},{"cards_removed":["MeteoricShower"],"damage_healed":0,"gold_gain":0,"player_choice":"Removed Attack","damage_taken":0,"max_hp_gain":0,"max_hp_loss":0,"event_name":"Falling","floor":41,"gold_loss":0}],"is_beta":false,"boss_relics":[{"not_picked":["Busted Crown","Snecko Eye"],"picked":"Black Star"},{"not_picked":["Runic Pyramid","SacredBark"],"picked":"Runic Dome"}],"items_purged_floors":[14,27,36],"is_endless":false,"potions_floor_spawned":[8,10,11,12,22,25,28,30,31,35,40,48,54],"killed_by":"The Heart","ascension_level":10}}