{"host":"mvy2rmdvyttjfm6x","time":1613235652,"event":{"mods":["AchievementEnabler","BaseMod","Keyboard Shortcuts","Lobotomy","Minty Spire (QoL Compilation)","Quick Restart","StSLib"],"gold_per_floor":[116,126,139,150,164,164,195,210,210,223,237,252,252,252],"floor_reached":13,"language":"KOR","playtime":683,"items_purged":[],"score":93,"play_id":"5f73fc34-c0c2-4db9-8088-5ca7fb1c0918","local_time":"20210214020052","is_ascension_mode":false,"campfire_choices":[{"data":"Scrawl","floor":6,"key":"SMITH"}],"circlet_count":0,"master_deck":["Strike_P","Strike_P","Strike_P","Strike_P","Defend_P","Defend_P","Defend_P","Defend_P","Eruption","Vigilance","QueenOfHatred","CrushJoints","WallGazer","OSAHOGD","Halt","Scorched","OldLady","Scrawl+1","PunishingBird","Wellcheers","Meditate","BigBird","Adaptation+1","FieryBird"],"relics":["PureWater","CogitoBucket","Blue Candle","HellTrain","Frozen Egg 2"],"acts_visited":["Exordium"],"potions_floor_usage":[7,8,13,13],"damage_taken":[{"damage":1.0,"enemies":"Jaw Worm","floor":1.0,"turns":3.0},{"damage":7.0,"enemies":"Cultist","floor":2.0,"turns":3.0},{"damage":2.0,"enemies":"Small Slimes","floor":3.0,"turns":3.0},{"damage":21.0,"enemies":"2 Fungi Beasts","floor":4.0,"turns":3.0},{"damage":17,"enemies":"Exordium Thugs","floor":5,"turns":3},{"damage":11,"enemies":"3 Sentries","floor":7,"turns":3},{"damage":5,"enemies":"Large Slime","floor":8,"turns":3},{"damage":16,"enemies":"3 Louse","floor":10,"turns":2},{"damage":8,"enemies":"Exordium Thugs","floor":11,"turns":2},{"damage":17,"enemies":"Red Slaver","floor":12,"turns":4},{"damage":43,"enemies":"Lagavulin","floor":13,"turns":5}],"seed_played":"-1745709116375244929","potions_obtained":[{"floor":4.0,"key":"Explosive Potion"},{"floor":5,"key":"SkillPotion"},{"floor":8,"key":"StancePotion"},{"floor":11,"key":"Ancient Potion"},{"floor":12,"key":"Regen Potion"}],"is_trial":false,"path_per_floor":["M","M","M","M","M","R","E","M","T","M","M","M","E"],"character_chosen":"WATCHER","items_purchased":[],"campfire_rested":0,"item_purchase_floors":[],"current_hp_per_floor":[71,65,66,51,40,40,35,30,30,23,21,10,0,0],"gold":252,"neow_bonus":"","is_daily":false,"chose_seed":false,"campfire_upgraded":1,"win_rate":0.0,"timestamp":1613235652,"path_taken":["M","M","M","M","M","R","E","M","T","M","M","M","E"],"items_purchased_type":[],"build_version":"2020-12-22","purchased_purges":0,"victory":false,"max_hp_per_floor":[72,72,72,72,72,72,72,72,72,72,72,72,72,72],"card_choices":[{"not_picked":["HeroicMonk","FairyFestival"],"picked":"QueenOfHatred","floor":1.0},{"not_picked":["Halt","Crescendo"],"picked":"CrushJoints","floor":1.0},{"not_picked":["SpiderBud","WhitesApple"],"picked":"WallGazer","floor":2.0},{"not_picked":["ClearTheMind","Protect","WindmillStrike"],"picked":"SKIP","floor":2.0},{"not_picked":["CrumblingArmor","SpiderBud"],"picked":"OSAHOGD","floor":3.0},{"not_picked":["Omniscience","Protect"],"picked":"Halt","floor":3.0},{"not_picked":["Bloodbath","OldLady"],"picked":"Scorched","floor":4.0},{"not_picked":["Crescendo","FollowUp","WindmillStrike"],"picked":"SKIP","floor":4.0},{"not_picked":["SpiderBud","CherryBlossoms"],"picked":"OldLady","floor":5},{"not_picked":["CrushJoints","Collect"],"picked":"Scrawl","floor":5},{"not_picked":["Murderer","Laetitia"],"picked":"PunishingBird","floor":7},{"not_picked":["CrushJoints","Study","PathToVictory"],"picked":"SKIP","floor":7},{"not_picked":["UniverseFragment","FieryBird"],"picked":"Wellcheers","floor":8},{"not_picked":["Judgement","Nirvana"],"picked":"Meditate","floor":8},{"not_picked":["Scarecrow","MeatLantern"],"picked":"BigBird","floor":10},{"not_picked":["DeceiveReality","WindmillStrike","Fasting2+1"],"picked":"SKIP","floor":10},{"not_picked":["DeceiveReality","WindmillStrike","Fasting2+1"],"picked":"SKIP","floor":10},{"not_picked":["FlyingSleeves","Crescendo"],"picked":"Adaptation+1","floor":11},{"not_picked":["SpiderBud","VoidDream"],"picked":"FieryBird","floor":12},{"not_picked":["Weave","ClearTheMind","PathToVictory"],"picked":"SKIP","floor":12}],"player_experience":111117,"relics_obtained":[{"floor":7,"key":"Blue Candle"},{"floor":9,"key":"Frozen Egg 2"}],"event_choices":[],"is_beta":false,"boss_relics":[],"items_purged_floors":[],"is_endless":false,"potions_floor_spawned":[4,5,8,11,12],"killed_by":"Lagavulin","ascension_level":0}}