{"host":"37ccm3d17clopct7","time":1613203189,"event":{"mods":["BaseMod","GungeonMod","Hermit","Lobotomy","Minty Spire (QoL Compilation)","StSLib","The Bug Knight","The Cursed","The Hierophant","The Jungle","The Runesmith"],"gold_per_floor":[210,210,210,230,244,244,262,296,296,296,221,221,234,252,252,351,351,364,364,380,380,380,380,380,380,380,399,419,57,88,116,116,116,116],"floor_reached":33,"language":"KOR","playtime":1403,"items_purged":["Runesmith:Strike_RS","Runesmith:Defend_RS"],"score":278,"play_id":"cc2f46a2-a8c3-45e0-a9df-083557e34d50","local_time":"20210213165949","is_ascension_mode":true,"campfire_choices":[{"floor":6,"key":"RECALL"},{"floor":10,"key":"REST"},{"data":"Runesmith:Fortify","floor":12,"key":"SMITH"},{"floor":15,"key":"REST"},{"data":"Runesmith:Refine","floor":23,"key":"SMITH"},{"floor":25,"key":"REST"},{"floor":32,"key":"REST"}],"circlet_count":0,"master_deck":["Runesmith:Strike_RS","Runesmith:Strike_RS","Runesmith:Defend_RS","Runesmith:Defend_RS","Runesmith:CraftFirestone+1","Runesmith:Fortify+1","Runesmith:ChiselStab","Runesmith:EarthShield","Runesmith:BackupBattery","Runesmith:CraftProtectio","Runesmith:FissionHammer","Runesmith:Refine+1","Runesmith:ChiselStab","Runesmith:Permafrost","Runesmith:CraftMagma","Runesmith:Refine"],"relics":["Runesmith:BrokenRuby","DemoMod:ChaffGrenade","Juzu Bracelet","Empty Cage","Lee\u0027s Waffle","Red Mask","DemoMod:WhiteGuonStone"],"acts_visited":["Exordium","TheCity"],"potions_floor_usage":[8,16,16,33],"damage_taken":[{"damage":0,"enemies":"Small Slimes","floor":1,"turns":4},{"damage":0,"enemies":"2 Louse","floor":4,"turns":3},{"damage":3,"enemies":"Cultist","floor":5,"turns":4},{"damage":5,"enemies":"Red Slaver","floor":7,"turns":4},{"damage":25,"enemies":"Lagavulin","floor":8,"turns":7},{"damage":1,"enemies":"2 Fungi Beasts","floor":13,"turns":4},{"damage":0,"enemies":"Lots of Slimes","floor":14,"turns":6},{"damage":29,"enemies":"Hexaghost","floor":16,"turns":13},{"damage":35,"enemies":"3 Byrds","floor":18,"turns":8},{"damage":1,"enemies":"Shell Parasite","floor":20,"turns":10},{"damage":2,"enemies":"Snecko","floor":27,"turns":11},{"damage":21,"enemies":"Centurion and Healer","floor":28,"turns":10},{"damage":39,"enemies":"Masked Bandits","floor":30,"turns":5},{"damage":33,"enemies":"Gremlin Leader","floor":31,"turns":9},{"damage":33,"enemies":"Collector","floor":33,"turns":3}],"seed_played":"6920348714475850083","potions_obtained":[{"floor":1,"key":"Swift Potion"},{"floor":7,"key":"ColorlessPotion"},{"floor":14,"key":"Swift Potion"},{"floor":16,"key":"DistilledChaos"},{"floor":27,"key":"Swift Potion"},{"floor":31,"key":"SkillPotion"}],"is_trial":false,"path_per_floor":["M","?","?","M","M","R","M","E","T","R","$","R","M","M","R","B",null,"M","?","M","?","?","R","?","R","T","M","M","$","?","E","R","B"],"character_chosen":"RUNESMITH_CLASS","items_purchased":["Lee\u0027s Waffle","Runesmith:Permafrost","Runesmith:CraftMagma"],"campfire_rested":4,"item_purchase_floors":[29,29,29],"current_hp_per_floor":[70,70,70,70,67,67,62,37,37,58,58,58,57,57,70,41,70,35,35,34,34,57,57,57,70,70,68,47,77,38,5,28,0,0],"gold":116,"neow_bonus":"HUNDRED_GOLD","is_daily":false,"chose_seed":false,"campfire_upgraded":2,"win_rate":0.0,"timestamp":1613203189,"path_taken":["M","?","?","M","?","R","M","E","T","R","$","R","M","M","R","BOSS","M","?","M","?","?","R","?","R","T","M","M","$","?","E","R","BOSS"],"items_purchased_type":["Relic","Card","Card"],"build_version":"2020-12-22","purchased_purges":2,"victory":false,"max_hp_per_floor":[70,70,70,70,70,70,70,70,70,70,70,70,70,70,70,70,70,70,70,70,70,70,70,70,70,70,70,70,77,77,77,77,77,77],"card_choices":[{"not_picked":["Runesmith:Accelerate","Runesmith:UnstableHammer"],"picked":"Runesmith:ChiselStab","floor":1},{"not_picked":["Runesmith:NanitesCloud","Runesmith:HammerThrow"],"picked":"Runesmith:EarthShield","floor":4},{"not_picked":["Runesmith:EnergizedChisel","Runesmith:HeatedChisel"],"picked":"Runesmith:BackupBattery","floor":5},{"not_picked":["Runesmith:UnstableHammer","Runesmith:HeatExchange","Runesmith:ShiftingStrike"],"picked":"SKIP","floor":7},{"not_picked":["Runesmith:Overpower","Runesmith:HammerAndChisel","Runesmith:HeatedChisel"],"picked":"SKIP","floor":8},{"not_picked":["Runesmith:WhiteBalance","Runesmith:Grindstone"],"picked":"Runesmith:CraftProtectio","floor":13},{"not_picked":["Runesmith:ChiselStab","Runesmith:BackupBattery","Runesmith:HammerThrow"],"picked":"SKIP","floor":14},{"not_picked":["Runesmith:LightningRod","Runesmith:CraftPrismatica"],"picked":"Runesmith:FissionHammer","floor":16},{"not_picked":["Runesmith:Overpower","Runesmith:Repurpose+1"],"picked":"Runesmith:Refine","floor":18},{"not_picked":["Runesmith:HeatExchange","Runesmith:Supernova","Runesmith:ShiftingStrike"],"picked":"SKIP","floor":20},{"not_picked":["Runesmith:Overpower","Runesmith:UnstableHammer"],"picked":"Runesmith:ChiselStab","floor":27},{"not_picked":["Runesmith:FrozenChisel+1","Runesmith:ChaoticBlast+1","Runesmith:EarthShield"],"picked":"SKIP","floor":28},{"not_picked":["Runesmith:HammerThrow","Runesmith:MakeshiftArmor"],"picked":"Runesmith:Refine","floor":30},{"not_picked":["Runesmith:LightningRod","Runesmith:StaticCage","Runesmith:MakeshiftArmor+1"],"picked":"SKIP","floor":31}],"player_experience":195705,"relics_obtained":[{"floor":8,"key":"DemoMod:ChaffGrenade"},{"floor":9,"key":"Juzu Bracelet"},{"floor":30,"key":"Red Mask"},{"floor":31,"key":"DemoMod:WhiteGuonStone"}],"event_choices":[{"damage_healed":0,"gold_gain":0,"player_choice":"Ignored","damage_taken":0,"max_hp_gain":0,"max_hp_loss":0,"event_name":"Liars Game","floor":2,"gold_loss":0},{"damage_healed":0,"gold_gain":0,"player_choice":"Ignored","damage_taken":0,"max_hp_gain":0,"max_hp_loss":0,"event_name":"NoteForYourself","floor":3,"gold_loss":0},{"damage_healed":0,"gold_gain":0,"player_choice":"Ignored","damage_taken":0,"max_hp_gain":0,"max_hp_loss":0,"event_name":"Ghosts","floor":19,"gold_loss":0},{"damage_healed":0,"gold_gain":0,"player_choice":"Forge","damage_taken":0,"max_hp_gain":0,"max_hp_loss":0,"event_name":"Accursed Blacksmith","floor":21,"gold_loss":0,"cards_upgraded":["Runesmith:CraftFirestone"]},{"damage_healed":23,"gold_gain":0,"player_choice":"Heal","damage_taken":0,"max_hp_gain":0,"max_hp_loss":0,"event_name":"The Library","floor":22,"gold_loss":0},{"damage_healed":0,"gold_gain":0,"player_choice":"Ignored","damage_taken":0,"max_hp_gain":0,"max_hp_loss":0,"event_name":"The Mausoleum","floor":24,"gold_loss":0},{"damage_healed":0,"gold_gain":0,"player_choice":"Fought Bandits","damage_taken":0,"max_hp_gain":0,"max_hp_loss":0,"event_name":"Masked Bandits","floor":30,"gold_loss":0}],"is_beta":false,"boss_relics":[{"not_picked":["Runic Pyramid","SacredBark"],"picked":"Empty Cage"}],"items_purged_floors":[11,29],"is_endless":false,"potions_floor_spawned":[1,7,14,16,27,31],"killed_by":"Collector","ascension_level":1}}