{"host":"5yoj846f700ld8qy","time":1613224604,"event":{"mods":["AchievementEnabler","BaseMod","Better Altar","Better Match","Better Note","Better Sensory Stone","Better Skull","Better Third Choice","Colored Map","Colored Powertips","Minty Spire (QoL Compilation)","StSLib","UnlockEverythingMod"],"gold_per_floor":[115,131,131,131,56,56,87,87,87,102,113,127,160,160,160,237,237,257,257,157,157,157,187,206,206,229,241,253,265,288,310,322,334,334],"floor_reached":33,"language":"ENG","playtime":1250,"items_purged":["Normality","Writhe"],"score":550,"play_id":"46f8e35b-917a-47ea-b781-1323707f0b1b","local_time":"20210213155644","is_ascension_mode":true,"campfire_choices":[{"data":"Seeing Red","floor":6,"key":"SMITH"},{"data":"Carnage","floor":8,"key":"SMITH"},{"floor":15,"key":"REST"},{"floor":25,"key":"REST"},{"data":"Brutality","floor":27,"key":"SMITH"},{"data":"True Grit","floor":29,"key":"SMITH"},{"data":"Ghostly Armor","floor":32,"key":"SMITH"}],"circlet_count":0,"master_deck":["AscendersBane","Strike_R","Strike_R","Strike_R","Defend_R","Defend_R","Defend_R","Defend_R","Bash","Bludgeon+1","True Grit+1","Seeing Red+1","Carnage+1","Ghostly Armor+1","Rampage","Burning Pact","Juggernaut","Reaper","Uppercut+1","Good Instincts","Bandage Up","Brutality+1","Feel No Pain","Metallicize"],"relics":["Burning Blood","Orichalcum","Question Card","TungstenRod","StrikeDummy","Empty Cage","HornCleat","The Courier","InkBottle","MawBank"],"acts_visited":["Exordium","TheCity"],"potions_floor_usage":[11,16,28,30,33],"damage_taken":[{"damage":0,"enemies":"Cultist","floor":1,"turns":2},{"damage":2,"enemies":"2 Louse","floor":2,"turns":3},{"damage":38,"enemies":"3 Sentries","floor":7,"turns":10},{"damage":0,"enemies":"Small Slimes","floor":10,"turns":3},{"damage":1,"enemies":"2 Fungi Beasts","floor":11,"turns":3},{"damage":0,"enemies":"3 Louse","floor":12,"turns":4},{"damage":27,"enemies":"Lagavulin","floor":13,"turns":5},{"damage":25,"enemies":"Hexaghost","floor":16,"turns":8},{"damage":8,"enemies":"2 Thieves","floor":18,"turns":3},{"damage":59,"enemies":"Book of Stabbing","floor":23,"turns":6},{"damage":10,"enemies":"Spheric Guardian","floor":24,"turns":4},{"damage":0,"enemies":"Centurion and Healer","floor":28,"turns":1},{"damage":13,"enemies":"Shelled Parasite and Fungi","floor":30,"turns":6},{"damage":9,"enemies":"Snake Plant","floor":31,"turns":4},{"damage":23,"enemies":"Automaton","floor":33,"turns":6}],"seed_played":"8635890235835582342","potions_obtained":[{"floor":7,"key":"Strength Potion"},{"floor":10,"key":"Ancient Potion"},{"floor":11,"key":"Strength Potion"},{"floor":12,"key":"SmokeBomb"},{"floor":24,"key":"Explosive Potion"},{"floor":31,"key":"Block Potion"}],"is_trial":false,"path_per_floor":["M","M","?","?","$","R","E","R","T","M","M","M","E","?","R","B",null,"M","?","$","?","T","E","M","R","T","R","M","R","M","M","R","B"],"character_chosen":"IRONCLAD","items_purchased":[],"campfire_rested":2,"item_purchase_floors":[],"current_hp_per_floor":[74,75,75,75,75,75,43,43,43,49,54,60,39,24,46,27,63,61,61,61,61,61,12,12,34,34,34,40,40,41,48,48,41,41],"gold":334,"neow_bonus":"THREE_RARE_CARDS","is_daily":false,"chose_seed":false,"campfire_upgraded":5,"win_rate":0.0,"timestamp":1613224604,"path_taken":["M","M","?","?","$","R","E","R","T","M","M","M","E","?","R","BOSS","M","?","$","?","?","E","?","R","T","R","?","R","?","M","R","BOSS"],"items_purchased_type":[],"build_version":"2020-12-22","purchased_purges":2,"victory":false,"max_hp_per_floor":[75,75,75,75,75,75,75,75,75,75,75,75,75,75,75,75,75,75,75,75,75,75,75,75,75,75,75,75,75,75,75,75,75,75],"card_choices":[{"not_picked":["Double Tap","Corruption"],"picked":"Bludgeon","floor":0},{"not_picked":["Combust","Evolve"],"picked":"True Grit","floor":1},{"not_picked":["Evolve","Anger"],"picked":"Seeing Red","floor":2},{"not_picked":["Rupture","Clash"],"picked":"Carnage","floor":7},{"not_picked":["Perfected Strike","Disarm","Feel No Pain"],"picked":"Ghostly Armor","floor":10},{"not_picked":["Armaments","Iron Wave","Cleave"],"picked":"Rampage","floor":11},{"not_picked":["Searing Blow","Pommel Strike","Twin Strike"],"picked":"Burning Pact","floor":12},{"not_picked":["Dual Wield","Body Slam","Headbutt"],"picked":"Juggernaut","floor":13},{"not_picked":["Berserk","Exhume","Immolate"],"picked":"Reaper","floor":16},{"not_picked":["Shrug It Off","Rampage","Clothesline"],"picked":"Uppercut+1","floor":18},{"not_picked":["Trip","Bandage Up","Jack Of All Trades"],"picked":"Good Instincts","floor":21},{"not_picked":["Blind","Trip","Mind Blast"],"picked":"Bandage Up","floor":21},{"not_picked":["Battle Trance","Pommel Strike","Flex"],"picked":"Brutality","floor":23},{"not_picked":["Flex","Infernal Blade","Battle Trance"],"picked":"Feel No Pain","floor":24},{"not_picked":["Carnage","Anger","Whirlwind"],"picked":"Metallicize","floor":30},{"not_picked":["Dark Embrace","Heavy Blade","Shockwave","Inflame"],"picked":"SKIP","floor":31}],"player_experience":444130,"relics_obtained":[{"floor":7,"key":"Orichalcum"},{"floor":9,"key":"Question Card"},{"floor":13,"key":"TungstenRod"},{"floor":22,"key":"The Courier"},{"floor":23,"key":"InkBottle"},{"floor":26,"key":"MawBank"}],"event_choices":[{"damage_healed":0,"gold_gain":0,"player_choice":"Grow","damage_taken":0,"max_hp_gain":0,"max_hp_loss":0,"event_name":"Living Wall","floor":3,"gold_loss":0,"cards_upgraded":["Bludgeon"]},{"damage_healed":0,"gold_gain":0,"player_choice":"Ignored","damage_taken":131,"max_hp_gain":0,"max_hp_loss":0,"event_name":"betterThird:BetterSerpent","floor":4,"gold_loss":0},{"damage_healed":0,"gold_gain":1,"player_choice":"Relic ","damage_taken":18,"max_hp_gain":0,"max_hp_loss":0,"event_name":"betterThird:BetterScrap","floor":14,"gold_loss":0,"cards_obtained":["Blur"]},{"damage_healed":0,"gold_gain":0,"player_choice":"Opened","damage_taken":0,"relics_obtained":["HornCleat"],"max_hp_gain":0,"max_hp_loss":0,"event_name":"The Mausoleum","floor":19,"gold_loss":0,"cards_obtained":["Writhe"]},{"damage_healed":0,"gold_gain":2,"player_choice":"1","damage_taken":0,"max_hp_gain":0,"max_hp_loss":0,"event_name":"betterStone:BetterStone","floor":21,"gold_loss":0}],"is_beta":false,"boss_relics":[{"not_picked":["Tiny House","Runic Cube"],"picked":"Empty Cage"}],"items_purged_floors":[5,20],"is_endless":false,"potions_floor_spawned":[7,10,11,12,24,31],"killed_by":"Automaton","ascension_level":20}}