{"host":"fbdlh90rovbiajun","time":1613198192,"event":{"mods":["AchievementEnabler","BaseMod","Colored Map","Keyboard Shortcuts","Minty Spire (QoL Compilation)","SuperFastMode"],"gold_per_floor":[116,133,133,133,149,149,3,3,53,84,20,20,41,41,41,162,162,183,197,397,273,287,287,308,324,348,473,517,617,617,642,642,772,772,793,1126,557,557,257,257,122,0,26,26,26,37,54,5,5,5],"floor_reached":51,"language":"KOR","playtime":1713,"items_purged":["Defend_R","Defend_R","Strike_R","Defend_R"],"score":803,"play_id":"e2cfb156-40a4-45ea-95c4-cd5ea68cb230","local_time":"20210213153632","is_ascension_mode":false,"campfire_choices":[{"data":"Rage","floor":6,"key":"SMITH"},{"data":"Inflame","floor":12,"key":"SMITH"},{"data":"Flex","floor":15,"key":"SMITH"},{"data":"Heavy Blade","floor":23,"key":"SMITH"},{"data":"Battle Trance","floor":30,"key":"SMITH"},{"data":"Infernal Blade","floor":32,"key":"SMITH"},{"data":"Thunderclap","floor":40,"key":"SMITH"},{"data":"Heavy Blade","floor":45,"key":"SMITH"},{"data":"Offering","floor":49,"key":"SMITH"}],"circlet_count":0,"master_deck":["Strike_R","Strike_R","Strike_R","Defend_R","Bash","Rage+1","Thunderclap+1","Pommel Strike","Flex+1","Clash","Battle Trance+1","Inflame+1","Offering+1","Offering","Intimidate","Heavy Blade+1","Iron Wave","Infernal Blade+1","Thunderclap+1","Pommel Strike+1","Flex+1","Inflame+1","Heavy Blade+1","Clash"],"relics":["Burning Blood","NeowsBlessing","Bag of Preparation","MawBank","Philosopher\u0027s Stone","Juzu Bracelet","Bird Faced Urn","HornCleat","Bottled Tornado","Sozu","Sling","PreservedInsect","Happy Flower","Oddly Smooth Stone","Red Mask","Vajra"],"acts_visited":["Exordium","TheCity","TheBeyond"],"potions_floor_usage":[27,33,50,50],"damage_taken":[{"damage":0,"enemies":"Jaw Worm","floor":1,"turns":1},{"damage":0,"enemies":"Small Slimes","floor":2,"turns":1},{"damage":0,"enemies":"Cultist","floor":5,"turns":1},{"damage":12,"enemies":"Blue Slaver","floor":10,"turns":2},{"damage":7,"enemies":"Exordium Thugs","floor":13,"turns":3},{"damage":21,"enemies":"The Guardian","floor":16,"turns":7},{"damage":6,"enemies":"Shell Parasite","floor":18,"turns":2},{"damage":17,"enemies":"2 Thieves","floor":19,"turns":2},{"damage":12,"enemies":"3 Cultists","floor":22,"turns":3},{"damage":12,"enemies":"Sentry and Sphere","floor":24,"turns":2},{"damage":12,"enemies":"Shelled Parasite and Fungi","floor":25,"turns":2},{"damage":17,"enemies":"Colosseum Slavers","floor":27,"turns":2},{"damage":6,"enemies":"Colosseum Nobs","floor":27,"turns":2},{"damage":6,"enemies":"Gremlin Leader","floor":28,"turns":3},{"damage":6,"enemies":"Centurion and Healer","floor":31,"turns":2},{"damage":12,"enemies":"Champ","floor":33,"turns":5},{"damage":6,"enemies":"3 Darklings","floor":35,"turns":2},{"damage":6,"enemies":"3 Shapes","floor":46,"turns":1},{"damage":6,"enemies":"Maw","floor":47,"turns":3},{"damage":79,"enemies":"Awakened One","floor":50,"turns":5}],"seed_played":"-7866077840073510320","potions_obtained":[{"floor":2,"key":"Swift Potion"},{"floor":5,"key":"Energy Potion"},{"floor":10,"key":"SkillPotion"},{"floor":18,"key":"BloodPotion"},{"floor":27,"key":"Dexterity Potion"}],"is_trial":false,"path_per_floor":["M","M","?","?","M","R","$","?","T","M","$","R","M","$","R","B",null,"M","M","?","$","M","R","M","M","T","?","E","?","R","M","R","B",null,"M","?","$","?","$","R","$","?","T","?","R","M","M","$","R","B",null],"character_chosen":"IRONCLAD","items_purchased":["Flex","Clash","Inflame","Iron Wave","Sling","PreservedInsect","Happy Flower","Oddly Smooth Stone","Inflame","Heavy Blade","Clash"],"campfire_rested":0,"item_purchase_floors":[7,7,11,21,37,37,37,39,41,41,48],"current_hp_per_floor":[80,80,68,48,54,54,54,54,54,48,48,48,47,47,47,32,80,80,69,69,69,63,63,57,51,51,56,58,58,58,60,60,56,80,80,80,80,80,80,80,80,80,80,80,80,80,80,80,80,9],"gold":5,"neow_bonus":"THREE_ENEMY_KILL","is_daily":false,"chose_seed":false,"campfire_upgraded":9,"win_rate":0.0,"timestamp":1613198192,"path_taken":["M","M","?","?","M","R","?","?","T","M","$","R","?","$","R","BOSS","M","M","?","$","M","R","?","M","T","?","E","?","R","M","R","BOSS","M","?","?","?","?","R","$","?","T","?","R","M","M","?","R","BOSS"],"items_purchased_type":["Card","Card","Card","Card","Relic","Relic","Relic","Relic","Card","Card","Card"],"build_version":"2020-12-22","purchased_purges":4,"victory":true,"max_hp_per_floor":[80,80,80,80,80,80,80,80,80,80,80,80,80,80,80,80,80,80,80,80,80,80,80,80,80,80,80,80,80,80,80,80,80,80,80,80,80,80,80,80,80,80,80,80,80,80,80,80,80,80],"card_choices":[{"not_picked":["Warcry","Clothesline"],"picked":"Rage","floor":1},{"not_picked":["Seeing Red","Rupture"],"picked":"Thunderclap","floor":2},{"not_picked":["Twin Strike","Power Through"],"picked":"Pommel Strike","floor":5},{"not_picked":["Anger","Armaments"],"picked":"Battle Trance","floor":10},{"not_picked":["True Grit","Clash"],"picked":"Offering","floor":13},{"not_picked":["Brutality","Demon Form"],"picked":"Offering","floor":16},{"not_picked":["Twin Strike","Perfected Strike+1"],"picked":"Intimidate","floor":18},{"not_picked":["Battle Trance","Flame Barrier"],"picked":"Heavy Blade","floor":19},{"not_picked":["Headbutt","Bludgeon"],"picked":"Infernal Blade","floor":22},{"not_picked":["Ghostly Armor","Cleave"],"picked":"Thunderclap+1","floor":24},{"not_picked":["Shrug It Off","Anger+1","Rampage+1"],"picked":"SKIP","floor":25},{"not_picked":["Flame Barrier","Fiend Fire"],"picked":"Pommel Strike+1","floor":28},{"not_picked":["Searing Blow+1","Headbutt"],"picked":"Flex+1","floor":31},{"not_picked":["Headbutt","Feel No Pain","Anger+1"],"picked":"SKIP","floor":35},{"not_picked":["Cleave+1","Clothesline","Warcry"],"picked":"SKIP","floor":46},{"not_picked":["Perfected Strike+1","Body Slam+1","Brutality"],"picked":"SKIP","floor":47}],"player_experience":21256,"relics_obtained":[{"floor":9,"key":"MawBank"},{"floor":26,"key":"Juzu Bracelet"},{"floor":27,"key":"Bird Faced Urn"},{"floor":27,"key":"HornCleat"},{"floor":28,"key":"Bottled Tornado"},{"floor":43,"key":"Vajra"}],"event_choices":[{"damage_healed":0,"gold_gain":0,"player_choice":"Success","damage_taken":12,"relics_obtained":["Bag of Preparation"],"max_hp_gain":0,"max_hp_loss":0,"event_name":"Scrap Ooze","floor":3,"gold_loss":0},{"damage_healed":0,"gold_gain":0,"player_choice":"Take Damage","damage_taken":20,"relics_obtained":["Golden Idol"],"max_hp_gain":0,"max_hp_loss":0,"event_name":"Golden Idol","floor":4,"gold_loss":0},{"damage_healed":0,"gold_gain":0,"player_choice":"0 cards matched","damage_taken":0,"max_hp_gain":0,"max_hp_loss":0,"event_name":"Match and Keep!","floor":8,"gold_loss":0,"cards_obtained":[]},{"damage_healed":0,"gold_gain":200,"player_choice":"Gold","damage_taken":0,"max_hp_gain":0,"max_hp_loss":0,"event_name":"Wheel of Change","floor":20,"gold_loss":0},{"damage_healed":0,"gold_gain":0,"player_choice":"Fight","damage_taken":0,"max_hp_gain":0,"max_hp_loss":0,"event_name":"Colosseum","floor":27,"gold_loss":0},{"damage_healed":0,"gold_gain":0,"player_choice":"Fought Nobs","damage_taken":0,"max_hp_gain":0,"max_hp_loss":0,"event_name":"Colosseum","floor":27,"gold_loss":0},{"damage_healed":0,"gold_gain":100,"player_choice":"Pray","damage_taken":0,"max_hp_gain":0,"max_hp_loss":0,"event_name":"Golden Shrine","floor":29,"gold_loss":0},{"damage_healed":0,"gold_gain":333,"player_choice":"Gave Idol","damage_taken":0,"max_hp_gain":0,"max_hp_loss":0,"event_name":"The Moai Head","floor":36,"relics_lost":["Golden Idol"],"gold_loss":0},{"cards_removed":["Strike_R"],"damage_healed":0,"gold_gain":0,"player_choice":"Removed Attack","damage_taken":0,"max_hp_gain":0,"max_hp_loss":0,"event_name":"Falling","floor":38,"gold_loss":0},{"damage_healed":0,"gold_gain":0,"player_choice":"Paid","damage_taken":0,"relics_obtained":["Red Mask"],"max_hp_gain":0,"max_hp_loss":0,"event_name":"Tomb of Lord Red Mask","floor":42,"gold_loss":122},{"damage_healed":0,"gold_gain":0,"player_choice":"Forge","damage_taken":0,"max_hp_gain":0,"max_hp_loss":0,"event_name":"Accursed Blacksmith","floor":44,"gold_loss":0,"cards_upgraded":["Inflame"]}],"is_beta":false,"boss_relics":[{"not_picked":["Runic Dome","Ectoplasm"],"picked":"Philosopher\u0027s Stone"},{"not_picked":["Black Star","Fusion Hammer"],"picked":"Sozu"}],"items_purged_floors":[7,21,37,39],"is_endless":false,"potions_floor_spawned":[2,5,10,18,24,27,27,46],"ascension_level":0}}