{"host":"seujf6kmfn3ctpoe","time":1613256891,"event":{"mods":["BaseMod","Colored Map","Conspire","Minty Spire (QoL Compilation)","Permanent Neow","Relic Sorter","Relic Stats","StSLib"],"gold_per_floor":[119,6,19,34,46,46,63,63,63,98,112,112,16,35,35,165,165,185,110,124,149,173,173,207,207,282,318,334,370,295,319,319,439,439,464,464,483,483,496,496,521,521,521,541,541,541,560,575,575,575,575],"floor_reached":50,"language":"ENG","playtime":2333,"items_purged":["Chaos"],"score":566,"play_id":"1fc85401-7cf7-4cea-82b7-993f3add5ab9","local_time":"20210213235451","is_ascension_mode":true,"campfire_choices":[{"data":"White Noise","floor":6,"key":"SMITH"},{"data":"Scrape","floor":8,"key":"SMITH"},{"floor":15,"key":"REST"},{"data":"Auto Shields","floor":23,"key":"SMITH"},{"floor":32,"key":"REST"},{"data":"White Noise","floor":40,"key":"SMITH"},{"data":"Conserve Battery","floor":42,"key":"SMITH"},{"data":"Gash","floor":45,"key":"SMITH"},{"data":"Gash","floor":49,"key":"SMITH"}],"circlet_count":0,"master_deck":["Zap+1","Dualcast","White Noise+1","Gash+1","Scrape+1","Gash+1","FTL","Gash+1","Ball Lightning","Auto Shields+1","Conserve Battery+1","Reboot","Leap","Leap","Ball Lightning","Gash","White Noise+1","Reboot","Conserve Battery+1","Skim+1","Static Discharge+1","Scrape+1"],"relics":["Cracked Core","Gremlin Horn","White Beast Statue","Golden Idol","Pandora\u0027s Box","Pantograph","Blue Candle","Lantern","Bottled Flame","Black Star","Bottled Lightning"],"acts_visited":["Exordium","TheCity","TheBeyond"],"potions_floor_usage":[16,21,24,24,27,27,27,28,29,29,33,35,37,50,50,50],"damage_taken":[{"damage":0,"enemies":"Cultist","floor":1,"turns":3},{"damage":0,"enemies":"conspire:RoseBush","floor":3,"turns":2},{"damage":3,"enemies":"Small Slimes","floor":4,"turns":3},{"damage":3,"enemies":"Exordium Thugs","floor":5,"turns":3},{"damage":10,"enemies":"Large Slime","floor":7,"turns":5},{"damage":12,"enemies":"3 Sentries","floor":10,"turns":6},{"damage":10,"enemies":"Looter","floor":11,"turns":3},{"damage":0,"enemies":"2 Fungi Beasts","floor":14,"turns":1},{"damage":1,"enemies":"Slime Boss","floor":16,"turns":8},{"damage":0,"enemies":"Chosen","floor":18,"turns":3},{"damage":2,"enemies":"2 Thieves","floor":20,"turns":2},{"damage":5,"enemies":"Centurion and Healer","floor":21,"turns":3},{"damage":0,"enemies":"Cultist and Chosen","floor":22,"turns":3},{"damage":0,"enemies":"Gremlin Leader","floor":24,"turns":3},{"damage":12,"enemies":"Slavers","floor":27,"turns":3},{"damage":10,"enemies":"conspire:HollyBat","floor":28,"turns":7},{"damage":20,"enemies":"conspire:MimicChest","floor":29,"turns":7},{"damage":0,"enemies":"Snecko","floor":31,"turns":4},{"damage":41,"enemies":"Champ","floor":33,"turns":7},{"damage":0,"enemies":"Orb Walker","floor":35,"turns":2},{"damage":0,"enemies":"3 Darklings","floor":37,"turns":2},{"damage":0,"enemies":"Sphere and 2 Shapes","floor":39,"turns":3},{"damage":2,"enemies":"Writhing Mass","floor":41,"turns":5},{"damage":1,"enemies":"Jaw Worm Horde","floor":44,"turns":2},{"damage":4,"enemies":"4 Shapes","floor":47,"turns":3},{"damage":0,"enemies":"3 Darklings","floor":48,"turns":3},{"damage":95,"enemies":"conspire:OrnateMirror","floor":50,"turns":4}],"seed_played":"-58470682259934788","potions_obtained":[{"floor":4,"key":"SneckoOil"},{"floor":7,"key":"FearPotion"},{"floor":10,"key":"Block Potion"},{"floor":14,"key":"LiquidMemories"},{"floor":16,"key":"PowerPotion"},{"floor":18,"key":"EntropicBrew"},{"floor":20,"key":"Strength Potion"},{"floor":21,"key":"EssenceOfSteel"},{"floor":24,"key":"LiquidBronze"},{"floor":27,"key":"Explosive Potion"},{"floor":28,"key":"EssenceOfSteel"},{"floor":29,"key":"Dexterity Potion"},{"floor":31,"key":"Weak Potion"},{"floor":33,"key":"Block Potion"},{"floor":35,"key":"Ancient Potion"},{"floor":37,"key":"EssenceOfSteel"},{"floor":39,"key":"FocusPotion"},{"floor":41,"key":"FocusPotion"},{"floor":47,"key":"Ancient Potion"}],"is_trial":false,"path_per_floor":["M","$","M","M","M","R","M","R","T","E","M","?","$","M","R","B",null,"M","$","M","M","M","R","E","?","T","E","M","?","?","M","R","B",null,"M","?","M","?","M","R","M","R","T","M","R","?","M","M","R","B"],"character_chosen":"DEFECT","items_purchased":["Gash","Scrape","Gash","Ball Lightning"],"campfire_rested":2,"item_purchase_floors":[2,2,13,13],"current_hp_per_floor":[75,75,75,72,69,69,59,59,59,47,37,37,37,37,57,56,69,69,69,67,62,62,62,62,62,62,50,40,20,20,20,40,24,69,69,69,69,69,69,69,67,67,67,66,66,66,62,62,62,0,0],"gold":575,"neow_bonus":"UPGRADE_CARD","is_daily":false,"chose_seed":false,"campfire_upgraded":7,"win_rate":0.0,"timestamp":1613256891,"path_taken":["M","?","?","M","M","R","M","R","T","E","M","?","?","M","R","BOSS","M","$","M","M","M","R","E","?","T","E","M","?","?","M","R","BOSS","M","?","M","?","M","R","M","R","T","M","R","?","M","?","R","BOSS"],"items_purchased_type":["Card","Card","Card","Card"],"build_version":"2020-12-22","purchased_purges":1,"victory":false,"max_hp_per_floor":[75,75,75,75,75,75,75,75,75,75,75,69,69,69,69,69,69,69,69,69,69,69,69,69,69,69,69,69,69,69,69,69,69,69,69,69,69,69,69,69,69,69,69,69,69,69,69,69,69,69,69],"relic_stats":{"Gremlin Horn":[25,25],"counters":[27,100],"Golden Idol":128,"Pantograph":32,"Blue Candle":[0],"Pandora\u0027s Box":["Auto Shields","Conserve Battery","Reboot","Cold Snap","Leap","Chaos","Leap","Ball Lightning"],"Black Star":0,"obtain_stats":[{"Lantern":27,"Bottled Flame":29,"Gremlin Horn":9,"Golden Idol":12,"Pantograph":24,"Blue Candle":26,"Pandora\u0027s Box":17,"Black Star":34,"Bottled Lightning":43,"Cracked Core":0,"White Beast Statue":10},{"Lantern":15,"Bottled Flame":17,"Gremlin Horn":5,"Golden Idol":7,"Pantograph":14,"Blue Candle":14,"Pandora\u0027s Box":9,"Black Star":19,"Bottled Lightning":23,"Cracked Core":0,"White Beast Statue":6},{"Lantern":51,"Bottled Flame":65,"Gremlin Horn":16,"Golden Idol":25,"Pantograph":48,"Blue Candle":48,"Pandora\u0027s Box":34,"Black Star":76,"Bottled Lightning":88,"Cracked Core":0,"White Beast Statue":22}]},"card_choices":[{"not_picked":["Sweeping Beam","Darkness"],"picked":"White Noise","floor":1},{"not_picked":["Undo","Coolheaded","Stack"],"picked":"SKIP","floor":3},{"not_picked":["Barrage","Sweeping Beam","Compile Driver"],"picked":"SKIP","floor":4},{"not_picked":["Redo","Double Energy","Hologram"],"picked":"SKIP","floor":5},{"not_picked":["Fission","Conserve Battery"],"picked":"Gash","floor":7},{"not_picked":["Sunder","Darkness","Seek"],"picked":"SKIP","floor":10},{"not_picked":["Steam","Compile Driver"],"picked":"FTL","floor":11},{"not_picked":["Streamline","Redo","Cold Snap"],"picked":"SKIP","floor":14},{"not_picked":["Turbo","Steam+1","Force Field+1"],"picked":"SKIP","floor":18},{"not_picked":["Conserve Battery","Sweeping Beam","Turbo+1"],"picked":"SKIP","floor":20},{"not_picked":["Conserve Battery+1","Go for the Eyes","Skim"],"picked":"SKIP","floor":21},{"not_picked":["Melter","Reinforced Body"],"picked":"Gash","floor":22},{"not_picked":["Barrage","Hello World","Streamline+1"],"picked":"SKIP","floor":24},{"not_picked":["Echo Form","Consume","Conserve Battery"],"picked":"SKIP","floor":27},{"not_picked":["Blizzard+1","Rebound"],"picked":"White Noise","floor":28},{"not_picked":["Glacier","Rebound","Go for the Eyes"],"picked":"SKIP","floor":31},{"not_picked":["Creative AI","Echo Form"],"picked":"Reboot","floor":33},{"not_picked":["Rebound","Fusion+1","Steam+1"],"picked":"SKIP","floor":35},{"not_picked":["Sweeping Beam","Turbo+1"],"picked":"Conserve Battery+1","floor":37},{"not_picked":["Redo+1","Streamline","Biased Cognition"],"picked":"SKIP","floor":39},{"not_picked":["Ball Lightning+1","Darkness","Stack"],"picked":"SKIP","floor":41},{"not_picked":["Cold Snap+1","Gash+1"],"picked":"Skim+1","floor":44},{"not_picked":["Hologram","Sweeping Beam+1"],"picked":"Static Discharge+1","floor":47},{"not_picked":["Coolheaded+1","Meteor Strike"],"picked":"Scrape+1","floor":48}],"player_experience":440540,"relics_obtained":[{"floor":9,"key":"Gremlin Horn"},{"floor":10,"key":"White Beast Statue"},{"floor":24,"key":"Pantograph"},{"floor":26,"key":"Blue Candle"},{"floor":27,"key":"Lantern"},{"floor":29,"key":"Bottled Flame"},{"floor":43,"key":"Bottled Lightning"}],"event_choices":[{"damage_healed":0,"gold_gain":0,"player_choice":"Lose Max HP","damage_taken":0,"relics_obtained":["Golden Idol"],"max_hp_gain":0,"max_hp_loss":6,"event_name":"Golden Idol","floor":12,"gold_loss":0},{"damage_healed":0,"gold_gain":0,"player_choice":"Leave","damage_taken":0,"max_hp_gain":0,"max_hp_loss":0,"event_name":"conspire:Investor","floor":25,"gold_loss":0},{"cards_removed":["Cold Snap"],"damage_healed":0,"gold_gain":0,"player_choice":"Gave Gold","damage_taken":0,"max_hp_gain":0,"max_hp_loss":0,"event_name":"Beggar","floor":30,"gold_loss":75},{"damage_healed":0,"gold_gain":0,"player_choice":"Ignored","damage_taken":0,"max_hp_gain":0,"max_hp_loss":0,"event_name":"Tomb of Lord Red Mask","floor":36,"gold_loss":0},{"damage_healed":0,"gold_gain":0,"player_choice":"Memory 1","damage_taken":0,"max_hp_gain":0,"max_hp_loss":0,"event_name":"SensoryStone","floor":38,"gold_loss":0},{"damage_healed":0,"gold_gain":0,"player_choice":"Upgraded","damage_taken":0,"max_hp_gain":0,"max_hp_loss":0,"event_name":"Upgrade Shrine","floor":46,"gold_loss":0,"cards_upgraded":["Gash"]}],"is_beta":false,"boss_relics":[{"not_picked":["conspire:RoyalGoblet","Inserter"],"picked":"Pandora\u0027s Box"},{"not_picked":["Cursed Key","Runic Dome"],"picked":"Black Star"}],"items_purged_floors":[19],"is_endless":false,"potions_floor_spawned":[4,7,10,11,14,16,18,20,21,22,24,27,28,29,31,33,35,37,39,41,44,47,48],"killed_by":"conspire:OrnateMirror","ascension_level":1}}