{"host":"n9qmgrsa9l2j981v","time":1613187968,"event":{"mods":["BaseMod","Bestiary","Minty Spire (QoL Compilation)","Relic Stats","StSLib"],"gold_per_floor":[117,117,38,48,61,61,95,95,95,110,138,138,138,138,138,214,214,234,1,11,11,11],"floor_reached":21,"language":"ENG","playtime":517,"items_purged":["Strike_R"],"score":474,"play_id":"c0bbf68c-c12f-4806-85f1-bb415e80c7d1","local_time":"20210212194608","is_ascension_mode":true,"campfire_choices":[{"data":"Uppercut","floor":6,"key":"SMITH"},{"data":"Hemokinesis","floor":8,"key":"SMITH"},{"data":"Rupture","floor":12,"key":"SMITH"},{"floor":15,"key":"REST"}],"circlet_count":0,"master_deck":["AscendersBane","Strike_R","Strike_R","Strike_R","Defend_R","Defend_R","Defend_R","Defend_R+1","Bash","Sword Boomerang","Uppercut+1","Rupture+1","Pommel Strike+1","Hemokinesis+1","Brutality","Double Tap","Heavy Blade"],"relics":["Burning Blood","NeowsBlessing","Sundial","Unceasing Top","Matryoshka","Runic Dome","Medical Kit"],"acts_visited":["Exordium","TheCity"],"potions_floor_usage":[11,16],"damage_taken":[{"damage":0,"enemies":"Jaw Worm","floor":1,"turns":1},{"damage":0,"enemies":"Cultist","floor":4,"turns":1},{"damage":0,"enemies":"2 Louse","floor":5,"turns":1},{"damage":44,"enemies":"3 Sentries","floor":7,"turns":9},{"damage":2,"enemies":"Large Slime","floor":10,"turns":4},{"damage":25,"enemies":"Lagavulin","floor":11,"turns":6},{"damage":8,"enemies":"Slime Boss","floor":16,"turns":5},{"damage":31,"enemies":"3 Byrds","floor":18,"turns":6},{"damage":33,"enemies":"Shell Parasite","floor":20,"turns":3},{"damage":21,"enemies":"Shelled Parasite and Fungi","floor":21,"turns":1}],"seed_played":"577288940011094533","potions_obtained":[{"floor":1,"key":"PowerPotion"},{"floor":4,"key":"BlessingOfTheForge"},{"floor":5,"key":"Strength Potion"},{"floor":7,"key":"Regen Potion"}],"is_trial":false,"path_per_floor":["M","?","$","M","M","R","E","R","T","M","E","R","?","?","R","B",null,"M","$","M","M"],"character_chosen":"IRONCLAD","items_purchased":["Rupture","Medical Kit"],"campfire_rested":1,"item_purchase_floors":[3,19],"current_hp_per_floor":[74,74,74,75,75,75,37,37,37,41,37,37,42,18,42,40,70,45,45,18,0,0],"gold":11,"neow_bonus":"THREE_ENEMY_KILL","is_daily":false,"chose_seed":false,"campfire_upgraded":3,"win_rate":0.0,"timestamp":1613187968,"path_taken":["M","?","$","?","M","R","E","R","T","M","E","R","?","?","R","BOSS","M","$","M","M"],"items_purchased_type":["Card","Relic"],"build_version":"2020-12-22","purchased_purges":1,"victory":false,"max_hp_per_floor":[75,75,75,75,75,75,75,75,75,75,75,75,80,80,80,80,80,80,80,80,80,80],"relic_stats":{"counters":[10,37],"Sundial":[4],"Medical Kit":[0],"obtain_stats":[{"Runic Dome":17,"Matryoshka":11,"NeowsBlessing":0,"Sundial":7,"Medical Kit":19,"Burning Blood":0,"Unceasing Top":9},{"Runic Dome":7,"Matryoshka":6,"NeowsBlessing":0,"Sundial":4,"Medical Kit":8,"Burning Blood":0,"Unceasing Top":4},{"Runic Dome":27,"Matryoshka":22,"NeowsBlessing":0,"Sundial":12,"Medical Kit":33,"Burning Blood":0,"Unceasing Top":12}],"Burning Blood":43,"Unceasing Top":[0]},"card_choices":[{"not_picked":["Rampage","Twin Strike"],"picked":"Sword Boomerang","floor":1},{"not_picked":["Heavy Blade","Wild Strike"],"picked":"Pommel Strike","floor":4},{"not_picked":["Pummel","Clothesline"],"picked":"Hemokinesis","floor":5},{"not_picked":["Wild Strike","Armaments","Warcry"],"picked":"SKIP","floor":7},{"not_picked":["Shockwave","Iron Wave"],"picked":"Brutality","floor":10},{"not_picked":["Armaments","Flex","Thunderclap"],"picked":"SKIP","floor":11},{"not_picked":["Bludgeon","Immolate"],"picked":"Double Tap","floor":16},{"not_picked":["Anger","Metallicize"],"picked":"Heavy Blade","floor":18},{"not_picked":["Dark Embrace","Headbutt","Pommel Strike"],"picked":"SKIP","floor":20}],"player_experience":693607,"relics_obtained":[{"floor":7,"key":"Sundial"},{"floor":9,"key":"Unceasing Top"},{"floor":11,"key":"Matryoshka"}],"event_choices":[{"damage_healed":0,"gold_gain":0,"cards_transformed":["Strike_R"],"player_choice":"Transformed","damage_taken":0,"max_hp_gain":0,"max_hp_loss":0,"event_name":"Transmorgrifier","floor":2,"gold_loss":0,"cards_obtained":["Uppercut"]},{"damage_healed":0,"gold_gain":0,"player_choice":"Donut","damage_taken":0,"max_hp_gain":5,"max_hp_loss":0,"event_name":"Big Fish","floor":13,"gold_loss":0},{"damage_healed":0,"gold_gain":0,"player_choice":"Entered Light","damage_taken":24,"max_hp_gain":0,"max_hp_loss":0,"event_name":"Shining Light","floor":14,"gold_loss":0,"cards_upgraded":["Pommel Strike","Defend_R"]}],"is_beta":false,"boss_relics":[{"not_picked":["Mark of Pain","Calling Bell"],"picked":"Runic Dome"}],"items_purged_floors":[19],"is_endless":false,"potions_floor_spawned":[1,4,5,7],"killed_by":"Shelled Parasite and Fungi","ascension_level":20}}