{"host":"6eqettg8x500vlqx","time":1613218823,"event":{"mods":["Act Like it!","Ascension Reborn","BaseMod","Colored Map","Colored Powertips","Defuse TimeMaze Blight","Downfall","Energized Spire","Gremlin Mod","GungeonMod","Hallownest","Hubris","Minty Spire (QoL Compilation)","Pale of the Ancients","Quick Restart","READ ME - Guardian Mod","Relic Stats","Replay The Spire","SOS（斯巴达之子）","Shop Mod","Spicy Shops","StSLib","The Bug Knight","The Construct","The Jungle","The Runesmith","[IsaacMod]以撒尖塔","【遗物卡牌】REMEMod","篝火指南"],"gold_per_floor":[110,110,124,19,34,34,73,87,87,87,87,126,126,126,126,255,255,271,96,142,165,186,226,226,259,259,259,259,275,301,301,301,301,301],"floor_reached":33,"language":"ZHS","playtime":1619,"items_purged":[],"score":316,"play_id":"b8f22773-1266-4ec3-a1c3-4f7a4e749a91","local_time":"20210213202023","is_ascension_mode":true,"campfire_choices":[{"floor":6.0,"key":"REST"},{"data":"construct:Boost","floor":10.0,"key":"SMITH"},{"floor":13.0,"key":"REST"},{"data":"construct:Versatility","floor":15.0,"key":"SMITH"},{"floor":24.0,"key":"REST"},{"floor":28,"key":"REST"},{"floor":32,"key":"REST"}],"circlet_count":0,"master_deck":["construct:Strike_Gold","construct:Strike_Gold","construct:Strike_Gold","construct:Defend_Gold","construct:Defend_Gold","construct:Defend_Gold","construct:Defend_Gold","construct:AttackMode","construct:DefenseMode","Unload","construct:Anticipate","construct:Reinforce","construct:Versatility+1","construct:Reserves","construct:Boost+1","construct:Disrupt","construct:ClockworkEgg","construct:SuppressiveFire+1","construct:Electrocute","construct:GatlingGun","construct:Overcharge+1","construct:ForceCore+1","construct:MetalShell"],"relics":["construct:Cogwheel","REME_ComplimentaryCards","HushsDoor","AnarchistCookbook","Golden Idol","MoneyPower","Bag of Preparation","DemoMod:MemoryAlloy","hubris:NiceRug","DemoMod:LamentConfigurum","Philosopher\u0027s Stone","GuppysHairball","theJungle:ShellPeas","Potion Belt","Ginger","Chameleon Ring","Blue Doll","theJungle:SpiritDisease"],"acts_visited":["Exordium","Exordium"],"potions_floor_usage":[],"damage_taken":[{"damage":0.0,"enemies":"Jaw Worm","floor":1.0,"turns":3.0},{"damage":0.0,"enemies":"Small Slimes","floor":3.0,"turns":1.0},{"damage":3.0,"enemies":"2 Louse","floor":5.0,"turns":3.0},{"damage":8.0,"enemies":"Lagavulin","floor":7.0,"turns":3.0},{"damage":2.0,"enemies":"Looter","floor":8.0,"turns":3.0},{"damage":0.0,"enemies":"hubris:Merchant","floor":11.0,"turns":15.0},{"damage":21.0,"enemies":"HollowMod:MossKnight","floor":12.0,"turns":8.0},{"damage":27.0,"enemies":"The Guardian","floor":16.0,"turns":6.0},{"damage":28.0,"enemies":"theJungle:Flameango_and_Byrd","floor":18.0,"turns":7.0},{"damage":1.0,"enemies":"theJungle:GiantWrat","floor":21.0,"turns":6.0},{"damage":0.0,"enemies":"theJungle:2_Snecko_Cultists","floor":22.0,"turns":4.0},{"damage":0.0,"enemies":"theJungle:MamaSnecko","floor":23.0,"turns":3.0},{"damage":31,"enemies":"theJungle:2_Phrogs","floor":25,"turns":8},{"damage":11,"enemies":"theJungle:JungleHuntersEncounter","floor":29,"turns":5},{"damage":0,"enemies":"theJungle:QueenSpyder","floor":33,"turns":1}],"seed_played":"-4678992514627013191","potions_obtained":[{"floor":5.0,"key":"Fire Potion"},{"floor":8.0,"key":"ColorlessPotion"},{"floor":22.0,"key":"REME_GoldPotion"}],"is_trial":false,"path_per_floor":["M","?","M","$","M","R","E","M","T","R","$","E","R","$","R","B",null,"M","?","?","M","M","E","R","E","T","$","R","M","T","?","R","B"],"character_chosen":"THE_CONSTRUCT_MOD","items_purchased":["MoneyPower","construct:Versatility","GuppysHairball"],"campfire_rested":5,"item_purchase_floors":[4,4,17],"current_hp_per_floor":[93,70,70,70,67,93,85,83,83,83,83,62,89,89,89,62,83,55,55,40,39,39,39,63,32,32,32,56,45,45,45,69,69,69],"gold":301,"neow_bonus":"TEN_PERCENT_HP_BONUS","is_daily":false,"chose_seed":false,"campfire_upgraded":2,"win_rate":0.0,"timestamp":1613218823,"path_taken":["M","?","M","$","M","R","E","M","T","R","$","E","R","$","R","BOSS","M","?","?","?","M","E","R","E","T","$","R","M","?","?","R","BOSS"],"items_purchased_type":["Relic","Card","Relic"],"build_version":"2020-12-22","purchased_purges":0,"victory":false,"max_hp_per_floor":[93,93,93,93,93,93,93,93,93,93,93,93,93,93,93,93,83,83,83,83,83,83,83,83,83,83,83,83,83,83,83,83,83,83],"relic_stats":{"counters":[15,76],"Golden Idol":156,"Bag of Preparation":[22],"Ginger":[0],"obtain_stats":[{"KeepersGift":0,"AnarchistCookbook":0,"Potion Belt":23,"Golden Idol":2,"DemoMod:MemoryAlloy":9,"Blue Doll":30,"DemoMod:GlassGuonStoneRelic":7,"MoneyPower":4,"Bag of Preparation":7,"theJungle:SpiritDisease":31,"Ginger":25,"theJungle:ShellPeas":19,"Chameleon Ring":26,"construct:Cogwheel":0,"DemoMod:LamentConfigurum":12,"Philosopher\u0027s Stone":17,"GuppysHairball":17,"HushsDoor":0,"REME_ComplimentaryCards":0,"hubris:NiceRug":11},{"KeepersGift":0,"AnarchistCookbook":0,"Potion Belt":12,"Golden Idol":1,"DemoMod:MemoryAlloy":5,"Blue Doll":14,"DemoMod:GlassGuonStoneRelic":4,"MoneyPower":2,"Bag of Preparation":4,"theJungle:SpiritDisease":14,"Ginger":13,"theJungle:ShellPeas":9,"Chameleon Ring":13,"construct:Cogwheel":0,"DemoMod:LamentConfigurum":7,"Philosopher\u0027s Stone":8,"GuppysHairball":8,"HushsDoor":0,"REME_ComplimentaryCards":0,"hubris:NiceRug":6},{"KeepersGift":0,"AnarchistCookbook":0,"Potion Belt":62,"Golden Idol":3,"DemoMod:MemoryAlloy":13,"Blue Doll":75,"DemoMod:GlassGuonStoneRelic":10,"MoneyPower":4,"Bag of Preparation":10,"theJungle:SpiritDisease":75,"Ginger":70,"theJungle:ShellPeas":49,"Chameleon Ring":70,"construct:Cogwheel":0,"DemoMod:LamentConfigurum":36,"Philosopher\u0027s Stone":42,"GuppysHairball":42,"HushsDoor":0,"REME_ComplimentaryCards":0,"hubris:NiceRug":28}]},"card_choices":[{"not_picked":[],"picked":"Bomb","floor":0.0},{"not_picked":["construct:SyphonStrike","construct:SiegeForm"],"picked":"construct:Anticipate","floor":1.0},{"not_picked":["construct:CripplingShot","construct:VentSteam"],"picked":"construct:Reinforce","floor":3.0},{"not_picked":["construct:ModeShift","construct:FlakBarrage"],"picked":"Bomb","floor":5.0},{"not_picked":["construct:FlameCore","construct:FocusedBeam"],"picked":"construct:Reserves","floor":7.0},{"not_picked":["construct:Reinforce","construct:Autoturret"],"picked":"construct:Boost","floor":8.0},{"not_picked":["construct:SuppressiveFire","construct:SweepLaser"],"picked":"construct:Disrupt","floor":12.0},{"not_picked":["construct:MassProduction","construct:ShieldGenerator"],"picked":"construct:ClockworkEgg","floor":16.0},{"not_picked":["construct:HeavyBolt","construct:ElectricArmor+1"],"picked":"construct:SuppressiveFire+1","floor":18.0},{"not_picked":["construct:Anticipate","construct:UnbalancingBlast"],"picked":"construct:Electrocute","floor":21.0},{"not_picked":["construct:MetalShell","construct:Accumulate"],"picked":"construct:GatlingGun","floor":22.0},{"not_picked":["construct:VentSteam","construct:BatteryAcid"],"picked":"construct:Overcharge+1","floor":23.0},{"not_picked":["construct:Forcefield+1","construct:PowerUp"],"picked":"construct:ForceCore+1","floor":25},{"not_picked":["construct:Reinforce","construct:Versatility"],"picked":"construct:MetalShell","floor":29}],"player_experience":179661,"relics_obtained":[{"floor":7.0,"key":"Bag of Preparation"},{"floor":9.0,"key":"DemoMod:MemoryAlloy"},{"floor":12.0,"key":"DemoMod:LamentConfigurum"},{"floor":23.0,"key":"Potion Belt"},{"floor":25,"key":"Ginger"},{"floor":26,"key":"Chameleon Ring"},{"floor":30,"key":"Blue Doll"}],"event_choices":[{"damage_healed":0.0,"max_hp_gain":0.0,"max_hp_loss":0.0,"gold_gain":0.0,"event_name":"Golden Idol","player_choice":"Take Damage","floor":2.0,"gold_loss":0.0,"damage_taken":23.0,"relics_obtained":["Golden Idol"]}],"is_beta":false,"boss_relics":[{"not_picked":["Replay:Ancient Bell","Astrolabe"],"picked":"Philosopher\u0027s Stone"},{"not_picked":[]}],"items_purged_floors":[],"is_endless":false,"potions_floor_spawned":[5,8,12,16,22],"killed_by":"theJungle:QueenSpyder","ascension_level":0}}