{"host":"clf2hd4adhiiw0zf","time":1613259755,"event":{"mods":["AchievementEnabler","BaseMod","Beaked The Cultist","Bestiary","Dark Map","Downfall","Gremlin Mod","Hermit","Jorbs\u0027s Wanderer Trilogy","Marisa????????","Minty Spire (QoL Compilation)","Shop Mod","StSLib","The Cursed","The Servant 0.9.4","Wide Potions"],"gold_per_floor":[99,113,113,131,131,161,161,61,89,89,89,123,23,42,53,157,157,157,177,6,16,116,116,116,134,154,64,64,80,106,118,133,230,230,230,241,241,260,260,45,45,65,100,120,140,189,89,139,150,150,150,180,9,9,9,9,9,9],"floor_reached":56,"language":"ENG","playtime":2518,"items_purged":[],"score":1200,"play_id":"e890fef7-b509-44bd-8dbf-6cff47925a17","local_time":"20210213164235","is_ascension_mode":true,"campfire_choices":[{"floor":1.0,"key":"RECALL"},{"data":"champ:Execute","floor":8.0,"key":"SMITH"},{"data":"champ:PreciseThrust","floor":11.0,"key":"SMITH"},{"data":"champ:CheapShot","floor":13.0,"key":"SMITH"},{"data":"champ:SwordThrow","floor":18.0,"key":"SMITH"},{"data":"champ:UltimateStance","floor":35,"key":"SMITH"},{"data":"champ:SteelEdge","floor":47,"key":"SMITH"},{"floor":54,"key":"REST"}],"circlet_count":0,"master_deck":["AscendersBane","champ:Strike","champ:Strike+1","champ:Strike","champ:Strike+1","champ:Defend+1","champ:Defend","champ:Defend+1","champ:Defend","champ:Execute+1","champ:Taunt","champ:Backstep+1","champ:PreciseThrust+1","champ:GutPunch","champ:DeathBlow","champ:CheapShot+1","champ:GladiatorStyle+1","champ:DefensiveStyle+1","champ:SwordThrow+1","champ:ShieldSigil+1","champ:BringItOn","champ:SteelEdge+1","champ:ViciousMockery+1","champ:UltimateStance+1","champ:PerfectedStrike","champ:BerserkerStyle+1","champ:VampiricStrike","champ:AdrenalArmor+1","champ:FanOfKnives+1","champ:BringItOn+1","champ:RapidStrikes+1","champ:EnchantSword+1","CurseOfTheBell","champ:FaceSlap+1","champ:Shatter+1","champ:UltimateStance+1","champ:EnchantSword+1","champ:ShieldWall+1","champ:IgnorePain+1","Parasite","champ:ArenaPreparation+1","Apotheosis+1"],"relics":["expansioncontent:StudyCardRelic","War Paint","Frozen Egg 2","Pantograph","downfall:HeartBlessingRed","Sundial","Spirit Poop","Akabeko","downfall:HeartBlessingGreen","SlaversCollar","champ:BlackKnightHelmet","Ornamental Fan","Toxic Egg 2","Mummified Hand","Calling Bell","champ:FightingForDummies","Molten Egg 2","Guardian:GemstoneGun","PreservedInsect","champ:BerserkersGuideToSlaughter","bronze:BronzeIdol","Guardian:PocketSentry","Du-Vu Doll","downfall:HeartBlessingBlue","Pocketwatch","Lantern"],"acts_visited":["Exordium","TheCity","TheBeyond","TheEnding"],"potions_floor_usage":[33,56],"damage_taken":[{"damage":10.0,"enemies":"Small Slimes","floor":2.0,"turns":3.0},{"damage":1.0,"enemies":"2 Louse","floor":4.0,"turns":3.0},{"damage":12.0,"enemies":"Lagavulin","floor":6.0,"turns":8.0},{"damage":12.0,"enemies":"3 Sentries","floor":9.0,"turns":7.0},{"damage":30.0,"enemies":"Gremlin Nob","floor":12.0,"turns":3.0},{"damage":10.0,"enemies":"Cultist","floor":14.0,"turns":2.0},{"damage":3.0,"enemies":"Large Slime","floor":15.0,"turns":2.0},{"damage":26.0,"enemies":"SI_SHIV_ARCHETYPE","floor":16.0,"turns":7.0},{"damage":0.0,"enemies":"Spheric Guardian","floor":19.0,"turns":2.0},{"damage":20.0,"enemies":"downfall:FleeingMerchant","floor":20.0,"turns":4.0},{"damage":20.0,"enemies":"3 Byrds","floor":21.0,"turns":4.0},{"damage":28.0,"enemies":"3 Byrds","floor":22.0,"turns":5.0},{"damage":10.0,"enemies":"Sentry and Sphere","floor":25.0,"turns":3.0},{"damage":24.0,"enemies":"Snake Plant","floor":26.0,"turns":2.0},{"damage":15.0,"enemies":"downfall:FleeingMerchant","floor":27.0,"turns":5.0},{"damage":17.0,"enemies":"Cultist and Chosen","floor":29.0,"turns":5.0},{"damage":22.0,"enemies":"Slavers","floor":30.0,"turns":4.0},{"damage":20,"enemies":"Sentry and Sphere","floor":31,"turns":3},{"damage":0,"enemies":"Snecko","floor":32,"turns":2},{"damage":43,"enemies":"IC_MUSHROOM_ARCHETYPE","floor":33,"turns":7},{"damage":0,"enemies":"Orb Walker","floor":36,"turns":2},{"damage":7,"enemies":"3 Shapes","floor":38,"turns":3},{"damage":0,"enemies":"downfall:FleeingMerchant","floor":40,"turns":2},{"damage":9,"enemies":"Sphere and 2 Shapes","floor":42,"turns":3},{"damage":10,"enemies":"Giant Head","floor":43,"turns":6},{"damage":11,"enemies":"4 Shapes","floor":44,"turns":5},{"damage":4,"enemies":"Spire Growth","floor":45,"turns":3},{"damage":56,"enemies":"2 Orb Walkers","floor":46,"turns":3},{"damage":34,"enemies":"2 Orb Walkers","floor":48,"turns":4},{"damage":14,"enemies":"Writhing Mass","floor":49,"turns":4},{"damage":81,"enemies":"WA_ARCHETYPE_DIVINITY","floor":50,"turns":10},{"damage":73,"enemies":"downfall:CharBossMerchant","floor":52,"turns":8},{"damage":189,"enemies":"downfall:NeowBoss","floor":55,"turns":19},{"damage":158,"enemies":"downfall:NeowBossFinal","floor":56,"turns":8}],"seed_played":"-7666928222447404887","potions_obtained":[{"floor":6.0,"key":"EssenceOfSteel"},{"floor":14.0,"key":"Ancient Potion"},{"floor":16.0,"key":"FearPotion"},{"floor":22.0,"key":"SneckoOil"},{"floor":26.0,"key":"GamblersBrew"},{"floor":36,"key":"champ:OpenerPotion"},{"floor":38,"key":"BlessingOfTheForge"}],"is_trial":false,"path_per_floor":["R","M","?","M","?","E","T","R","E","?","R","E","R","M","M","B",null,"R","M","$","M","?","?","T","M","M","$","?","M","E","M","M","B",null,"R","M","?","M","?","$","T","M","E","M","M","?","R","?","M","B",null,"E","$","R","B","B"],"character_chosen":"THE_CHAMP","items_purchased":["champ:SteelEdge","champ:VampiricStrike","PreservedInsect","champ:BerserkersGuideToSlaughter","bronze:BronzeIdol","champ:EnchantSword+1","Apotheosis+1"],"campfire_rested":1,"item_purchase_floors":[20,27,40,40,40,40,53],"current_hp_per_floor":[81,81,74,73,73,71,71,71,69,69,69,59,59,59,56,70,85,85,85,75,75,67,67,67,67,63,63,45,38,26,26,26,22,77,77,77,77,77,77,77,77,68,75,85,95,95,105,105,105,83,100,54,54,85,79,0,0,0],"gold":9,"neow_bonus":"BOSS_RELIC","is_daily":false,"chose_seed":false,"campfire_upgraded":6,"win_rate":0.0,"timestamp":1613259755,"path_taken":["R","M","?","M","?","E","T","R","E","?","R","E","R","?","M","BOSS","R","M","$","M","?","?","T","M","M","$","?","M","E","M","M","BOSS","R","M","?","M","?","$","T","M","E","M","?","?","R","?","M","BOSS","E","$","R","BOSS","BOSS"],"items_purchased_type":["Card","Card","Relic","Relic","Relic","Card","Card"],"build_version":"2020-12-22","purchased_purges":0,"victory":false,"max_hp_per_floor":[90,90,90,90,90,90,90,90,90,90,90,90,90,90,90,90,90,90,90,90,90,90,90,90,90,90,90,95,95,95,95,95,95,95,95,95,95,95,95,95,95,95,95,95,95,95,105,105,105,105,105,105,105,105,105,105,105,105],"card_choices":[{"not_picked":["champ:DefensiveStyle","champ:AdrenalArmor"],"picked":"champ:Backstep","floor":2.0},{"not_picked":["champ:DefensiveShout","champ:Encircle"],"picked":"champ:PreciseThrust","floor":4.0},{"not_picked":["champ:Encircle","champ:EnGarde"],"picked":"champ:GutPunch","floor":6.0},{"not_picked":["champ:FocusedDefense","champ:BladeFlurry"],"picked":"champ:DeathBlow","floor":9.0},{"not_picked":["champ:StanceDance","champ:AdrenalArmor"],"picked":"champ:CheapShot","floor":12.0},{"not_picked":["champ:SwordSigil","champ:StanceDance"],"picked":"champ:GladiatorStyle+1","floor":14.0},{"not_picked":["champ:GutPunch","champ:DefensiveShout"],"picked":"champ:DefensiveStyle+1","floor":15.0},{"not_picked":["champ:CheapShot","champ:EnchantCrown"],"picked":"champ:SwordThrow","floor":16.0},{"not_picked":["champ:Circumvent","champ:SwordSigil"],"picked":"champ:ShieldSigil+1","floor":19.0},{"not_picked":["champ:ShieldSigil+1","champ:AdrenalArmor"],"picked":"champ:BringItOn","floor":20.0},{"not_picked":["champ:Lariat","champ:Circumvent"],"picked":"champ:ViciousMockery+1","floor":21.0},{"not_picked":["champ:DefensiveShout","champ:CrownThrow"],"picked":"champ:UltimateStance","floor":22.0},{"not_picked":["champ:EnragedBash","champ:Backstep+1"],"picked":"champ:EnGarde+1","floor":25.0},{"not_picked":["champ:FlashCut","champ:RapidStrikes+1"],"picked":"champ:PerfectedStrike","floor":26.0},{"not_picked":["champ:HeartStrike","champ:Duel"],"picked":"champ:BerserkerStyle+1","floor":27.0},{"not_picked":["champ:CrownThrow","champ:ShieldSigil+1"],"picked":"champ:AdrenalArmor+1","floor":29.0},{"not_picked":["champ:AdrenalArmor+1","champ:CrownThrow"],"picked":"champ:FanOfKnives+1","floor":30.0},{"not_picked":["champ:CrownThrow","champ:RecklessLeap"],"picked":"champ:BringItOn+1","floor":31},{"not_picked":["champ:BringItOn+1","champ:Backstep+1"],"picked":"champ:RapidStrikes+1","floor":32},{"not_picked":["champ:EnchantShield+1","champ:HoldFirm+1"],"picked":"champ:EnchantSword+1","floor":33},{"not_picked":["champ:Backstep+1","champ:Encircle+1"],"picked":"champ:FaceSlap+1","floor":36},{"not_picked":["champ:RecklessLeap+1","champ:DefensiveShout+1"],"picked":"champ:Shatter+1","floor":38},{"not_picked":["champ:CrownThrow+1","champ:PreemptiveStrike+1","champ:SetATrap+1"],"picked":"SKIP","floor":40},{"not_picked":["champ:RisingSlash+1","champ:BerserkersShout+1"],"picked":"champ:ShieldWall+1","floor":42},{"not_picked":["champ:Encircle+1","champ:Haymaker+1","champ:BringItOn+1"],"picked":"SKIP","floor":43},{"not_picked":["champ:BladeFlurry+1","champ:PreciseThrust+1","champ:PreemptiveStrike+1"],"picked":"SKIP","floor":44},{"not_picked":["champ:Circumvent+1","champ:Backstep+1","champ:TornadoPunch+1"],"picked":"SKIP","floor":45},{"not_picked":["champ:IronFortress+1","champ:AdrenalArmor+1"],"picked":"champ:IgnorePain+1","floor":46},{"not_picked":["champ:PerfectedStrike+1","champ:BringItOn+1","champ:PreciseThrust+1"],"picked":"SKIP","floor":49},{"not_picked":["champ:RecklessLeap+1","champ:BringItOn+1"],"picked":"champ:ArenaPreparation+1","floor":52}],"player_experience":279078,"relics_obtained":[{"floor":6.0,"key":"Frozen Egg 2"},{"floor":7.0,"key":"Pantograph"},{"floor":9.0,"key":"Sundial"},{"floor":12.0,"key":"Akabeko"},{"floor":22.0,"key":"champ:BlackKnightHelmet"},{"floor":22.0,"key":"Ornamental Fan"},{"floor":24.0,"key":"Toxic Egg 2"},{"floor":30.0,"key":"Mummified Hand"},{"floor":34,"key":"champ:FightingForDummies"},{"floor":34,"key":"Molten Egg 2"},{"floor":34,"key":"Guardian:GemstoneGun"},{"floor":43,"key":"Guardian:PocketSentry"},{"floor":46,"key":"Du-Vu Doll"},{"floor":48,"key":"Pocketwatch"},{"floor":52,"key":"Lantern"}],"event_choices":[{"damage_healed":0.0,"max_hp_gain":0.0,"max_hp_loss":0.0,"gold_gain":0.0,"event_name":"Scrap Ooze","player_choice":"Success","floor":3.0,"gold_loss":0.0,"damage_taken":7.0,"relics_obtained":["War Paint"]},{"cards_removed":["downfall:Malfunctioning"],"damage_healed":0.0,"max_hp_gain":0.0,"max_hp_loss":0.0,"gold_gain":0.0,"event_name":"Bonfire Elementals","player_choice":"Offered Curse","floor":10.0,"gold_loss":0.0,"damage_taken":0.0,"relics_obtained":["Spirit Poop"]},{"damage_healed":0.0,"max_hp_gain":0.0,"max_hp_loss":0.0,"gold_gain":0.0,"event_name":"Vampires","player_choice":"Ignored","floor":23.0,"gold_loss":0.0,"damage_taken":0.0},{"cards_removed":["champ:EnGarde"],"damage_healed":0,"gold_gain":0,"player_choice":"Removed Skill","damage_taken":0,"max_hp_gain":0,"max_hp_loss":0,"event_name":"Falling","floor":37,"gold_loss":0},{"damage_healed":0,"gold_gain":0,"player_choice":"Fight","damage_taken":0,"max_hp_gain":0,"max_hp_loss":0,"event_name":"Mysterious Sphere","floor":46,"gold_loss":0}],"is_beta":false,"boss_relics":[{"not_picked":["Empty Cage","Fusion Hammer"],"picked":"SlaversCollar"},{"not_picked":["Snecko Eye","Pandora\u0027s Box"],"picked":"Calling Bell"}],"items_purged_floors":[],"is_endless":false,"potions_floor_spawned":[6,14,15,16,21,22,26,29,30,32,36,38,42,44],"killed_by":"downfall:NeowBossFinal","ascension_level":11}}