{"host":"yecadp3kwkksam5a","time":1613240228,"event":{"mods":["BaseMod","Koishi","Minty Spire (QoL Compilation)","StSLib","SuperFastMode","The Cursed","The Gatherer"],"gold_per_floor":[119,139,166,166,241,276,287,57,109,120,166,201,217,235,235,336,336,352,369,383,83,83,83,108,33,33,33,43,43,74,52,52,149,149,167,179,179,195,212,246,260,292,292,292,0,11,37,53,53,53,53,53,14,41,41],"floor_reached":56,"language":"KOR","playtime":3183,"items_purged":["Gatherer:Strike_Gatherer","Gatherer:Strike_Gatherer","Gatherer:Enchant"],"score":1439,"play_id":"c66cb71f-589c-4056-a7bb-53c1ea01a1e4","local_time":"20210214031708","is_ascension_mode":false,"metric_token":477,"campfire_choices":[{"data":"Apotheosis","floor":15.0,"key":"SMITH"},{"data":"Gatherer:FlowerBeam","floor":23.0,"key":"SMITH"},{"data":"Gatherer:FlowerBeam+1","floor":27.0,"key":"SMITH"},{"data":"Gatherer:FlowerPower","floor":29.0,"key":"SMITH"},{"data":"Gatherer:Uplift","floor":32.0,"key":"SMITH"},{"floor":49.0,"key":"RECALL"},{"data":"Gatherer:AlchemyTrial","floor":52.0,"key":"SMITH"}],"circlet_count":0,"master_deck":["Gatherer:Centralize","Gatherer:FlowerWhip+3","Gatherer:FragileHammer","Gatherer:Uplift+1","Gatherer:AlchemyTrial+1","Apotheosis+1","Gatherer:QuickSynthesis","Gatherer:FlowerPower+2","Gatherer:BalancedGrowth","Gatherer:Misfortune+1","Gatherer:FlowerBeam+3","Gatherer:RecoveryHerb+1","Gatherer:AlchemyTrial","Gatherer:QuickSynthesis","Gatherer:QuickSynthesis","Gatherer:QuickSynthesis","Gatherer:BomberForm","Gatherer:ScrollOfWall","Gatherer:Convert","Gatherer:HeartToFruit","Gatherer:BomberForm","Gatherer:FruitForce","Gatherer:AlchemyTrial","Gatherer:BlackTea","Gatherer:UpgradeBag+1","Gatherer:Examine","Gatherer:Duplicator","Gatherer:UpgradeBag+1","Gatherer:FlowerPower+2","Gatherer:FlowerPower+2"],"relics":["Gatherer:AlchemyBag","Vajra","Bag of Marbles","PreservedInsect","Anchor","Membership Card","Toy Ornithopter","HornCleat","SlaversCollar","Whetstone","Bottled Flame","Mercury Hourglass","Art of War","Gatherer:FloralEgg","Bottled Lightning","Pandora\u0027s Box","Blood Vial","Oddly Smooth Stone","Frozen Egg 2","OrangePellets","Gambling Chip","Akabeko","Happy Flower"],"acts_visited":["Exordium","TheCity","TheBeyond","TheEnding"],"potions_floor_usage":[55,55],"damage_taken":[{"damage":0.0,"enemies":"Cultist","floor":1.0,"turns":3.0},{"damage":0.0,"enemies":"Small Slimes","floor":2.0,"turns":2.0},{"damage":25.0,"enemies":"Lagavulin","floor":6.0,"turns":7.0},{"damage":0.0,"enemies":"Jaw Worm","floor":7.0,"turns":1.0},{"damage":0.0,"enemies":"2 Fungi Beasts","floor":10.0,"turns":2.0},{"damage":0.0,"enemies":"Gremlin Nob","floor":12.0,"turns":2.0},{"damage":0.0,"enemies":"Blue Slaver","floor":13.0,"turns":4.0},{"damage":1.0,"enemies":"Exordium Wildlife","floor":14.0,"turns":3.0},{"damage":20.0,"enemies":"Hexaghost","floor":16.0,"turns":9.0},{"damage":0.0,"enemies":"2 Thieves","floor":18.0,"turns":4.0},{"damage":19.0,"enemies":"Chosen","floor":19.0,"turns":6.0},{"damage":0.0,"enemies":"Centurion and Healer","floor":20.0,"turns":5.0},{"damage":5.0,"enemies":"Slavers","floor":24.0,"turns":5.0},{"damage":0.0,"enemies":"Snecko","floor":28.0,"turns":6.0},{"damage":13.0,"enemies":"Book of Stabbing","floor":30.0,"turns":6.0},{"damage":21.0,"enemies":"Automaton","floor":33.0,"turns":7.0},{"damage":21.0,"enemies":"Orb Walker","floor":35.0,"turns":4.0},{"damage":4.0,"enemies":"3 Darklings","floor":36.0,"turns":5.0},{"damage":0.0,"enemies":"4 Shapes","floor":38.0,"turns":4.0},{"damage":18.0,"enemies":"Maw","floor":39.0,"turns":6.0},{"damage":26.0,"enemies":"Reptomancer","floor":40.0,"turns":4.0},{"damage":13.0,"enemies":"Transient","floor":41.0,"turns":5.0},{"damage":0.0,"enemies":"Nemesis","floor":42.0,"turns":3.0},{"damage":32.0,"enemies":"Spire Growth","floor":46.0,"turns":4.0},{"damage":0.0,"enemies":"Giant Head","floor":47.0,"turns":5.0},{"damage":29.0,"enemies":"Writhing Mass","floor":48.0,"turns":3.0},{"damage":22.0,"enemies":"Donu and Deca","floor":50.0,"turns":4.0},{"damage":22.0,"enemies":"Shield and Spear","floor":54.0,"turns":4.0},{"damage":45,"enemies":"The Heart","floor":55,"turns":5}],"seed_played":"-5787727631177042715","potions_obtained":[{"floor":1.0,"key":"Ancient Potion"},{"floor":6.0,"key":"AttackPotion"},{"floor":10.0,"key":"EssenceOfSteel"},{"floor":12.0,"key":"Fire Potion"},{"floor":13.0,"key":"Swift Potion"},{"floor":20.0,"key":"Energy Potion"},{"floor":28.0,"key":"PowerPotion"},{"floor":39.0,"key":"Fire Potion"},{"floor":46.0,"key":"PowerPotion"}],"is_trial":false,"path_per_floor":["M","M","T","?","?","E","M","$","T","M","$","E","M","M","R","B",null,"M","M","M","$","?","R","E","?","T","R","M","R","E","$","R","B",null,"M","M","?","M","M","E","M","E","T","?","$","M","E","M","R","B",null,"R","$","E","B",null],"character_chosen":"THE_GATHERER","items_purchased":["PreservedInsect","Gatherer:Nutrients","Membership Card","Toy Ornithopter","Apotheosis","Gatherer:AlchemyTrial","Gatherer:QuickSynthesis","Whetstone","Bottled Flame","Gatherer:FloralEgg","OrangePellets","Gambling Chip","Gatherer:FlowerPower+1"],"campfire_rested":0,"item_purchase_floors":[8,8,11,11,11,21,21,21,21,31,45,45,53],"current_hp_per_floor":[79,79,79,79,68,43,43,43,43,43,43,43,43,42,42,22,79,79,60,60,60,45,45,49,49,49,49,58,58,53,53,53,41,88,71,75,65,74,64,49,48,64,64,64,64,43,56,45,45,38,100,100,100,82,59],"gold":41,"neow_bonus":"TEN_PERCENT_HP_BONUS","is_daily":false,"chose_seed":false,"campfire_upgraded":6,"win_rate":0.0,"timestamp":1613240228,"path_taken":["M","M","?","?","?","E","M","?","T","M","$","E","M","M","R","BOSS","M","M","M","$","?","R","E","?","T","R","M","R","E","$","R","BOSS","M","M","?","M","M","E","M","E","T","?","$","?","E","M","R","BOSS","R","$","E","BOSS"],"items_purchased_type":["Relic","Card","Relic","Relic","Card","Card","Card","Relic","Relic","Relic","Relic","Relic","Card"],"build_version":"2020-12-22","purchased_purges":3,"victory":true,"max_hp_per_floor":[79,79,79,79,79,79,79,79,79,79,79,79,79,79,79,79,79,79,79,79,79,84,84,84,84,84,84,84,84,84,84,84,84,88,92,92,92,96,96,96,96,100,100,100,100,100,100,100,100,100,100,100,100,104,104],"card_choices":[{"not_picked":["Gatherer:TreeGrowth","Gatherer:SaveValuables"],"picked":"Gatherer:Enchant","floor":1.0},{"not_picked":["Gatherer:VenomBarrier","Gatherer:FlowerPower","Gatherer:ScherryThrow"],"picked":"SKIP","floor":2.0},{"not_picked":["Gatherer:RecipeChange","Gatherer:HeartToFruit"],"picked":"Gatherer:FragileHammer","floor":6.0},{"not_picked":["Gatherer:Nutrients","Gatherer:CollectorsShot"],"picked":"Gatherer:Uplift","floor":7.0},{"not_picked":["Gatherer:Frenzy","Gatherer:EchoOfNature"],"picked":"Gatherer:AlchemyTrial","floor":10.0},{"not_picked":["Gatherer:EchoOfNature","Gatherer:TacticalStrike"],"picked":"Gatherer:QuickSynthesis","floor":12.0},{"not_picked":["Gatherer:LuckyClover","Gatherer:Convert"],"picked":"Gatherer:FlowerPower","floor":13.0},{"not_picked":["Gatherer:TacticalStrike","Gatherer:TreeGrowth"],"picked":"Gatherer:BalancedGrowth","floor":14.0},{"not_picked":["Gatherer:Solidify+1","Gatherer:CarefulStrike"],"picked":"Gatherer:Misfortune+1","floor":18.0},{"not_picked":["Gatherer:AcidicSpray","Gatherer:Herbalism"],"picked":"Gatherer:FlowerBeam","floor":19.0},{"not_picked":["Gatherer:FlowerFalling","Gatherer:ScherryThrow"],"picked":"Gatherer:RecoveryHerb+1","floor":20.0},{"not_picked":["Gatherer:MiningStrike","Gatherer:GrowBook"],"picked":"Gatherer:QuickSynthesis","floor":24.0},{"not_picked":["Gatherer:BambuSword+1","Gatherer:SmartManeuver","Gatherer:Convert"],"picked":"SKIP","floor":28.0},{"not_picked":["Gatherer:BambuSword+1","Gatherer:SmartManeuver","Gatherer:Convert"],"picked":"SKIP","floor":28.0},{"not_picked":["Gatherer:PotentialSlash","Gatherer:EnergyBasket"],"picked":"Gatherer:QuickSynthesis","floor":30.0},{"not_picked":["Gatherer:PoisonMastery","Gatherer:CursedBlade"],"picked":"Gatherer:BomberForm","floor":33.0},{"not_picked":["Gatherer:BambuSword+1","Gatherer:FragileHammer+1","Gatherer:DrugPower+1"],"picked":"SKIP","floor":35.0},{"not_picked":["Gatherer:FlowerFalling","Gatherer:BigPouch","Gatherer:RecoveryHerb"],"picked":"SKIP","floor":36.0},{"not_picked":["Gatherer:Frenzy","Gatherer:BambuSword","Gatherer:CollectorsShot"],"picked":"SKIP","floor":38.0},{"not_picked":["Gatherer:RottenStipe+1","Gatherer:WoolGloves+1","Gatherer:Convert"],"picked":"SKIP","floor":39.0},{"not_picked":["Gatherer:Frenzy+1","Gatherer:EchoOfNature","Gatherer:AlchemyTrial+1"],"picked":"SKIP","floor":40.0},{"not_picked":["Gatherer:CarefulStrike","Gatherer:EnergyBasket+1","Gatherer:HeartToFruit"],"picked":"SKIP","floor":41.0},{"not_picked":["Gatherer:Uplift+1","Gatherer:BigPouch"],"picked":"Gatherer:UpgradeBag+1","floor":42.0},{"not_picked":["Gatherer:ScrollOfWall+1","Gatherer:SealedBomb+1"],"picked":"Gatherer:Duplicator","floor":46.0},{"not_picked":["Gatherer:AromaProtection","Gatherer:CarefulStrike+1"],"picked":"Gatherer:UpgradeBag+1","floor":47.0},{"not_picked":["Gatherer:TreeGrowth+1","Gatherer:GatherMaterial+1"],"picked":"Gatherer:FlowerPower+1","floor":48.0},{"not_picked":["Gatherer:Bulldoze","Gatherer:Enchant+1","Gatherer:AromaProtection"],"picked":"SKIP","floor":54.0}],"player_experience":636728,"relics_obtained":[{"floor":3.0,"key":"Vajra"},{"floor":6.0,"key":"Bag of Marbles"},{"floor":9.0,"key":"Anchor"},{"floor":12.0,"key":"HornCleat"},{"floor":24.0,"key":"Mercury Hourglass"},{"floor":30.0,"key":"Art of War"},{"floor":40.0,"key":"Blood Vial"},{"floor":42.0,"key":"Oddly Smooth Stone"},{"floor":43.0,"key":"Frozen Egg 2"},{"floor":47.0,"key":"Akabeko"},{"floor":54.0,"key":"Happy Flower"}],"event_choices":[{"damage_healed":0.0,"max_hp_gain":0.0,"max_hp_loss":0.0,"gold_gain":0.0,"event_name":"Liars Game","player_choice":"Ignored","floor":4.0,"gold_loss":0.0,"damage_taken":0.0},{"damage_healed":0.0,"max_hp_gain":0.0,"max_hp_loss":0.0,"gold_gain":75.0,"event_name":"World of Goop","player_choice":"Gather Gold","floor":5.0,"gold_loss":0.0,"damage_taken":11.0},{"damage_healed":0.0,"max_hp_gain":5.0,"max_hp_loss":0.0,"gold_gain":0.0,"event_name":"Forgotten Altar","player_choice":"Shed Blood","floor":22.0,"gold_loss":0.0,"damage_taken":20.0},{"cards_removed":["Gatherer:Strike_Gatherer"],"damage_healed":0.0,"max_hp_gain":0.0,"max_hp_loss":0.0,"gold_gain":0.0,"event_name":"Beggar","player_choice":"Gave Gold","floor":25.0,"gold_loss":75.0,"damage_taken":0.0},{"damage_healed":0.0,"max_hp_gain":0.0,"max_hp_loss":0.0,"gold_gain":0.0,"event_name":"SensoryStone","player_choice":"Memory 3","floor":37.0,"gold_loss":0.0,"damage_taken":10.0},{"damage_healed":0.0,"max_hp_gain":0.0,"max_hp_loss":0.0,"gold_gain":0.0,"cards_transformed":["Gatherer:Nutrients"],"event_name":"Transmorgrifier","player_choice":"Transformed","floor":44.0,"gold_loss":0.0,"damage_taken":0.0,"cards_obtained":["Gatherer:Examine"]}],"is_beta":false,"boss_relics":[{"not_picked":["Runic Dome","Ectoplasm"],"picked":"SlaversCollar"},{"not_picked":["Runic Pyramid","SacredBark"],"picked":"Pandora\u0027s Box"}],"items_purged_floors":[11,21,45],"is_endless":false,"potions_floor_spawned":[1,6,10,12,13,20,28,39,40,41,46],"ascension_level":0}}