{"host":"eeeqmyc7a1933jos","time":1613216454,"event":{"mods":["2.2 Compatiblity","Act Like it!","BaseMod","CapriCore","Colored Powertips","Conspire","Downfall","Elementarium","Friendly Minions","Gensokyo","GifTheSpireLib","Gremlin Mod","Hallownest","Hermit","Hubris","Infinite Spire","Jorbs\u0027s Wanderer Trilogy","Marisa????????","Mimic Mod","Minty Spire (QoL Compilation)","Pale of the Ancients","Random Character Button","Random Character Mod","Rare Cards Sparkle","Reimu??????","Relic Sorter","Relic Stats","SIMod","StSLib","The Administrix","The Bug Knight","The Disciple","The Dragon Tamer","The Hierophant","The Immortal","The Marked","The Mystic","The Runesmith","The Senshi","The Servant 0.9.4","The Vixen","TheFirefly","Wandering Minibosses"],"gold_per_floor":[99,118,138,63,13,32,72,72,15,15,28,38,66,24,44,44,44,44],"floor_reached":16,"language":"ENG","playtime":1754,"items_purged":["champ:Strike"],"score":139,"play_id":"edd918d7-fd44-4e62-9e4a-bba062af5520","local_time":"20210213124054","is_ascension_mode":true,"campfire_choices":[{"data":"champ:Improvising","floor":1,"key":"SMITH"},{"floor":10,"key":"REST"}],"circlet_count":0,"master_deck":["champ:Strike","champ:Strike","champ:Strike","champ:Defend","champ:Defend","champ:Defend","champ:Defend","champ:Execute","champ:Taunt","champ:Improvising+1","champ:PreciseThrust","champ:TornadoPunch","champ:DefensiveStyle","champ:ShieldSlam","champ:BringItOn","hubris:Insight","champ:CheapShot","champ:EnGarde","champ:PreemptiveStrike","champ:ShieldWall","champ:ArenaPreparation"],"relics":["champ:ChampionCrown","Hallownest:BankAccountRelic","Juzu Bracelet","Peace Pipe"],"acts_visited":["Exordium"],"potions_floor_usage":[9,15,16,16],"damage_taken":[{"damage":30,"enemies":"2_ Uuma","floor":2,"turns":7},{"damage":11,"enemies":"Hallownest:2_Tiktiks_and_1_Crawlid","floor":3,"turns":4},{"damage":30,"enemies":"downfall:FleeingMerchant","floor":5,"turns":4},{"damage":10,"enemies":"Hallownest:2_Baldur","floor":6,"turns":4},{"damage":10,"enemies":"Hallownest:Wandering_and_Horned","floor":7,"turns":8},{"damage":19,"enemies":"downfall:FleeingMerchant","floor":9,"turns":4},{"damage":0,"enemies":"Hallownest:Wandering_and_Horned","floor":11,"turns":2},{"damage":0,"enemies":"Hallownest:monsterFoolEater","floor":12,"turns":4},{"damage":0,"enemies":"Hallownest:eliteVengeflyKing","floor":13,"turns":4},{"damage":22,"enemies":"downfall:FleeingMerchant","floor":14,"turns":5},{"damage":33,"enemies":"Hallownest:MossCreep_and_Mosskin","floor":15,"turns":7},{"damage":47,"enemies":"DF_ARCHETYPE_STREAMLINE","floor":16,"turns":5}],"seed_played":"-6449106046124013393","potions_obtained":[{"floor":2,"key":"EssenceOfSteel"},{"floor":11,"key":"bronze:BurnAndBuffPotion"},{"floor":12,"key":"champ:UltimateStancePotion"},{"floor":13,"key":"FearPotion"},{"floor":15,"key":"SkillPotion"}],"is_trial":false,"path_per_floor":["R","M","M","?","$","M","MIM","?","$","R","M","M","E","$","M","B"],"character_chosen":"THE_CHAMP","items_purchased":["hubris:Insight","champ:ShieldWall"],"campfire_rested":1,"item_purchase_floors":[9,14],"current_hp_per_floor":[81,71,60,60,55,55,55,20,14,38,38,38,38,31,23,0,0,0],"gold":44,"neow_bonus":"THREE_RARE_CARDS","is_daily":false,"chose_seed":false,"campfire_upgraded":1,"win_rate":0.0,"timestamp":1613216454,"path_taken":["R","M","M","?","$","M","MIM","?","$","R","M","M","E","$","M","BOSS"],"items_purchased_type":["Card","Card"],"build_version":"2020-12-22","purchased_purges":1,"victory":false,"max_hp_per_floor":[81,81,81,81,81,81,81,81,81,81,81,81,81,81,81,81,81,81],"relic_stats":{"Peace Pipe":0,"counters":[12,58],"Juzu Bracelet":1,"obtain_stats":[{"Peace Pipe":13,"Hallownest:BankAccountRelic":4,"champ:ChampionCrown":0,"Juzu Bracelet":7},{"Peace Pipe":9,"Hallownest:BankAccountRelic":2,"champ:ChampionCrown":0,"Juzu Bracelet":5},{"Peace Pipe":41,"Hallownest:BankAccountRelic":11,"champ:ChampionCrown":0,"Juzu Bracelet":27}]},"card_choices":[{"not_picked":["champ:SteelEdge","champ:EnchantShield"],"picked":"champ:Improvising","floor":0},{"not_picked":["champ:ShieldSigil","champ:RapidStrikes"],"picked":"champ:PreciseThrust","floor":2},{"not_picked":["champ:ViciousMockery","champ:ShieldSigil"],"picked":"champ:TornadoPunch","floor":3},{"not_picked":["champ:Backstep","champ:Duel"],"picked":"champ:DefensiveStyle","floor":5},{"not_picked":["champ:BerserkerStyle","champ:AdrenalArmor","champ:BladeFlurry"],"picked":"SKIP","floor":6},{"not_picked":["champ:EnGarde","champ:DefensiveShout"],"picked":"champ:ShieldSlam","floor":7},{"not_picked":["champ:PerfectedStrike","champ:EnGarde"],"picked":"champ:BringItOn","floor":9},{"not_picked":["champ:Backstep","champ:CrookedStrike"],"picked":"champ:CheapShot","floor":11},{"not_picked":["champ:FocusedBerserking","champ:BladeFlurry","champ:GutPunch"],"picked":"SKIP","floor":12},{"not_picked":["champ:CrookedStrike","champ:Haymaker"],"picked":"champ:EnGarde","floor":13},{"not_picked":["champ:StanceDance","champ:Shatter"],"picked":"champ:PreemptiveStrike","floor":14},{"not_picked":["champ:GutPunch","champ:FanOfKnives"],"picked":"champ:ArenaPreparation","floor":15}],"player_experience":1649973,"relics_obtained":[{"floor":7,"key":"Juzu Bracelet"},{"floor":13,"key":"Peace Pipe"}],"event_choices":[],"is_beta":false,"boss_relics":[],"items_purged_floors":[5],"is_endless":false,"potions_floor_spawned":[2,11,12,13,15],"killed_by":"DF_ARCHETYPE_STREAMLINE","ascension_level":2}}