{"host":"zxkjcgzis4pm3za5","time":1613222382,"event":{"mods":["AchievementEnabler","BaseMod","Colored Map","Colored Powertips","Minty Spire (QoL Compilation)","Quick Restart","Random Character Button","Relic Sorter","Relic Stats","StSLib"],"gold_per_floor":[116,136,136,154,134,165,90,125,150,150,178,198,225,237,237,237,237],"floor_reached":16,"language":"ENG","playtime":695,"items_purged":["Strike_G"],"score":360,"play_id":"a8c6723b-78b7-4f9c-9b9e-c186903b629c","local_time":"20210213184942","is_ascension_mode":true,"campfire_choices":[{"floor":10,"key":"REST"},{"data":"Noxious Fumes","floor":15,"key":"SMITH"}],"circlet_count":0,"master_deck":["AscendersBane","Strike_G","Strike_G","Strike_G+1","Strike_G","Defend_G","Defend_G","Defend_G","Defend_G","Defend_G","Survivor","Neutralize","Blade Dance","Apotheosis+1","Dash","Cloak And Dagger","Venomology","Noxious Fumes+1","Bane+1","Bullet Time"],"relics":["Ring of the Snake","Juzu Bracelet","Orichalcum","Smiling Mask","Whetstone"],"acts_visited":["Exordium"],"potions_floor_usage":[6,8,11,12,13,14,16],"damage_taken":[{"damage":1,"enemies":"2 Louse","floor":1,"turns":3},{"damage":6,"enemies":"Cultist","floor":2,"turns":4},{"damage":0,"enemies":"Jaw Worm","floor":4,"turns":2},{"damage":13,"enemies":"Gremlin Nob","floor":6,"turns":5},{"damage":3,"enemies":"Lagavulin","floor":8,"turns":6},{"damage":8,"enemies":"3 Sentries","floor":11,"turns":8},{"damage":7,"enemies":"Gremlin Gang","floor":12,"turns":4},{"damage":14,"enemies":"Lagavulin","floor":13,"turns":5},{"damage":11,"enemies":"Exordium Wildlife","floor":14,"turns":4},{"damage":28,"enemies":"Slime Boss","floor":16,"turns":3}],"seed_played":"-8198321533635962999","potions_obtained":[{"floor":2,"key":"Explosive Potion"},{"floor":5,"key":"Weak Potion"},{"floor":6,"key":"Block Potion"},{"floor":8,"key":"SkillPotion"}],"is_trial":false,"path_per_floor":["M","M","?","M","?","E","$","E","T","R","E","M","E","M","R","B"],"character_chosen":"THE_SILENT","items_purchased":[],"campfire_rested":1,"item_purchase_floors":[],"current_hp_per_floor":[58,52,52,52,52,39,39,36,36,54,46,39,25,26,26,0,0],"gold":237,"neow_bonus":"RANDOM_COLORLESS_2","is_daily":false,"chose_seed":false,"campfire_upgraded":1,"win_rate":0.0,"timestamp":1613222382,"path_taken":["M","M","?","?","?","E","$","E","T","R","E","M","E","M","R","BOSS"],"items_purchased_type":[],"build_version":"2020-12-22","purchased_purges":1,"victory":false,"max_hp_per_floor":[60,60,60,60,60,60,60,60,60,60,60,60,60,60,60,60,60],"relic_stats":{"counters":[10,44],"Juzu Bracelet":0,"Whetstone":["Bane","Strike_G"],"Orichalcum":[30],"Smiling Mask":0,"obtain_stats":[{"Juzu Bracelet":6,"Whetstone":13,"Orichalcum":8,"Smiling Mask":11,"Ring of the Snake":0},{"Juzu Bracelet":4,"Whetstone":8,"Orichalcum":5,"Smiling Mask":6,"Ring of the Snake":0},{"Juzu Bracelet":14,"Whetstone":37,"Orichalcum":20,"Smiling Mask":28,"Ring of the Snake":0}],"Ring of the Snake":[20]},"card_choices":[{"not_picked":["Mayhem","Transmutation"],"picked":"Apotheosis","floor":0.0},{"not_picked":["Prepared","Tactician"],"picked":"Blade Dance","floor":1},{"not_picked":["Deflect","Flechettes"],"picked":"Dash","floor":2},{"not_picked":["Deflect","Slice"],"picked":"Cloak And Dagger","floor":4},{"not_picked":["PiercingWail","Outmaneuver","Dodge and Roll"],"picked":"SKIP","floor":6},{"not_picked":["Riddle With Holes","Backstab"],"picked":"Venomology","floor":8},{"not_picked":["Sucker Punch","Blur"],"picked":"Noxious Fumes","floor":11},{"not_picked":["Dodge and Roll","Flechettes"],"picked":"Bane","floor":12},{"not_picked":["A Thousand Cuts","Underhanded Strike"],"picked":"Bullet Time","floor":13},{"not_picked":["Noxious Fumes","Accuracy","Setup"],"picked":"SKIP","floor":14}],"player_experience":359710,"relics_obtained":[{"floor":6,"key":"Juzu Bracelet"},{"floor":8,"key":"Orichalcum"},{"floor":11,"key":"Smiling Mask"},{"floor":13,"key":"Whetstone"}],"event_choices":[{"damage_healed":0,"gold_gain":0,"player_choice":"Upgraded","damage_taken":0,"max_hp_gain":0,"max_hp_loss":0,"event_name":"Upgrade Shrine","floor":3,"gold_loss":0,"cards_upgraded":["Apotheosis"]},{"damage_healed":0,"gold_gain":0,"player_choice":"Bought 1 Potion","damage_taken":0,"max_hp_gain":0,"max_hp_loss":0,"event_name":"The Woman in Blue","floor":5,"gold_loss":0}],"is_beta":false,"boss_relics":[],"items_purged_floors":[7],"is_endless":false,"potions_floor_spawned":[2,6,8,14],"killed_by":"Slime Boss","ascension_level":20}}