{"host":"t7mx8yfj1no5p62f","time":1613224932,"event":{"mods":["BaseMod","Colored Map","Colored Powertips","Curses Come First","Minty Spire (QoL Compilation)","Relic Stats","StSLib"],"gold_per_floor":[112,112,112,112,124,159,159,173,197,209,209,242,1,16,16,93,93,108,118,118,137,37,37,57,86,112,112,123,133,48,59,59,136,136,150,150,170,181,192,218,218,243,291,304,304,304,304,304,304],"floor_reached":48,"language":"ENG","playtime":2413,"items_purged":["Strike_R","Combust"],"score":1138,"play_id":"18add388-9f6a-41ca-8040-f570ee954e1f","local_time":"20210213090212","is_ascension_mode":true,"campfire_choices":[{"data":"Combust","floor":7.0,"key":"SMITH"},{"data":"Anger","floor":11.0,"key":"SMITH"},{"data":"Pommel Strike","floor":15.0,"key":"SMITH"},{"data":"Corruption","floor":23.0,"key":"SMITH"},{"floor":27.0,"key":"REST"},{"floor":32.0,"key":"REST"},{"data":"Feel No Pain","floor":41,"key":"SMITH"},{"data":"Juggernaut","floor":45,"key":"SMITH"}],"circlet_count":0,"master_deck":["AscendersBane","Combust+1","Anger+1","Pommel Strike+1","Iron Wave+1","Corruption+1","Power Through","Feel No Pain+1","Double Tap","Pommel Strike","Body Slam","Juggernaut+1","Bloodletting","Cleave","Infernal Blade","Exhume","Armaments","Pummel","True Grit","Burning Pact","Sentinel","Dark Embrace","Power Through","Shockwave","Juggernaut+1","Disarm","Burning Pact","Flame Barrier+1","Sentinel","Sentinel","Body Slam"],"relics":["Burning Blood","NeowsBlessing","Shuriken","Turnip","Whetstone","Pandora\u0027s Box","Toy Ornithopter","Ancient Tea Set","Coffee Dripper","Matryoshka","Unceasing Top","Toxic Egg 2","Juzu Bracelet"],"acts_visited":["Exordium","TheCity","TheBeyond"],"potions_floor_usage":[40],"damage_taken":[{"damage":0.0,"enemies":"Jaw Worm","floor":1.0,"turns":1.0},{"damage":0.0,"enemies":"Small Slimes","floor":5.0,"turns":1.0},{"damage":0.0,"enemies":"Gremlin Nob","floor":6.0,"turns":1.0},{"damage":1.0,"enemies":"Cultist","floor":8.0,"turns":3.0},{"damage":6.0,"enemies":"2 Fungi Beasts","floor":10.0,"turns":3.0},{"damage":20.0,"enemies":"Lagavulin","floor":12.0,"turns":6.0},{"damage":6.0,"enemies":"Exordium Wildlife","floor":14.0,"turns":5.0},{"damage":42.0,"enemies":"Slime Boss","floor":16.0,"turns":8.0},{"damage":3.0,"enemies":"Chosen","floor":18.0,"turns":5.0},{"damage":12.0,"enemies":"Spheric Guardian","floor":19.0,"turns":4.0},{"damage":20.0,"enemies":"Cultist and Chosen","floor":21.0,"turns":5.0},{"damage":0.0,"enemies":"Snake Plant","floor":24.0,"turns":1.0},{"damage":27.0,"enemies":"Book of Stabbing","floor":25.0,"turns":4.0},{"damage":3.0,"enemies":"Chosen and Byrds","floor":28.0,"turns":3.0},{"damage":38.0,"enemies":"Shelled Parasite and Fungi","floor":29.0,"turns":4.0},{"damage":3.0,"enemies":"Cultist and Chosen","floor":31.0,"turns":5.0},{"damage":64.0,"enemies":"Collector","floor":33.0,"turns":7.0},{"damage":9,"enemies":"3 Shapes","floor":35,"turns":5},{"damage":25,"enemies":"3 Darklings","floor":37,"turns":6},{"damage":43,"enemies":"Jaw Worm Horde","floor":38,"turns":4},{"damage":21,"enemies":"Sphere and 2 Shapes","floor":39,"turns":7},{"damage":2,"enemies":"Giant Head","floor":40,"turns":4},{"damage":3,"enemies":"Mind Bloom Boss Battle","floor":42,"turns":5},{"damage":8,"enemies":"Spire Growth","floor":44,"turns":5},{"damage":52,"enemies":"Reptomancer","floor":48,"turns":2}],"seed_played":"-301865927103152122","potions_obtained":[{"floor":1.0,"key":"DuplicationPotion"},{"floor":5.0,"key":"Energy Potion"},{"floor":16.0,"key":"AttackPotion"},{"floor":21.0,"key":"DistilledChaos"},{"floor":29.0,"key":"HeartOfIron"},{"floor":31.0,"key":"BloodPotion"},{"floor":33.0,"key":"FairyPotion"},{"floor":35,"key":"CultistPotion"}],"is_trial":false,"path_per_floor":["M","?","T","?","M","E","R","M","T","M","R","E","$","M","R","B",null,"M","M","?","M","$","R","M","E","T","R","M","M","$","M","R","B",null,"M","?","M","M","M","E","R","?","T","M","R","?","?","E"],"character_chosen":"IRONCLAD","items_purchased":["Power Through","Feel No Pain","Shockwave"],"campfire_rested":2,"item_purchase_floors":[13,13,30],"current_hp_per_floor":[74,79,79,79,80,80,80,80,80,80,80,66,66,66,66,30,68,71,65,42,28,28,28,34,13,13,38,41,9,9,17,42,11,67,64,64,45,8,19,28,28,31,31,29,29,29,29,0,0],"gold":304,"neow_bonus":"THREE_ENEMY_KILL","is_daily":false,"chose_seed":false,"campfire_upgraded":6,"win_rate":0.0,"timestamp":1613224932,"path_taken":["M","?","?","?","M","E","R","M","T","M","R","E","$","M","R","BOSS","M","M","?","M","$","R","M","E","T","R","M","M","$","M","R","BOSS","M","?","M","M","M","E","R","?","T","M","R","?","?","E"],"items_purchased_type":["Card","Card","Card"],"build_version":"2020-12-22","purchased_purges":2,"victory":false,"max_hp_per_floor":[75,80,80,80,80,80,80,80,80,80,80,80,80,80,80,80,80,80,80,85,85,85,85,85,85,85,85,85,85,85,85,85,85,85,85,81,81,81,81,81,81,81,81,81,81,81,81,81,81],"relic_stats":{"counters":[25,104],"Shuriken":[40],"Pandora\u0027s Box":["Pommel Strike","Body Slam","Juggernaut","Combust","Bloodletting","Cleave","Infernal Blade","Exhume"],"Turnip":[23],"Juzu Bracelet":1,"Whetstone":["Iron Wave","Bash"],"obtain_stats":[{"NeowsBlessing":0,"Juzu Bracelet":43,"Whetstone":12,"Ancient Tea Set":26,"Burning Blood":0,"Matryoshka":40,"Shuriken":3,"Pandora\u0027s Box":17,"Turnip":6,"Coffee Dripper":34,"Toxic Egg 2":43,"Toy Ornithopter":25,"Unceasing Top":42},{"NeowsBlessing":0,"Juzu Bracelet":23,"Whetstone":6,"Ancient Tea Set":13,"Burning Blood":0,"Matryoshka":22,"Shuriken":1,"Pandora\u0027s Box":8,"Turnip":3,"Coffee Dripper":17,"Toxic Egg 2":23,"Toy Ornithopter":13,"Unceasing Top":23},{"NeowsBlessing":0,"Juzu Bracelet":97,"Whetstone":15,"Ancient Tea Set":47,"Burning Blood":0,"Matryoshka":92,"Shuriken":1,"Pandora\u0027s Box":28,"Turnip":3,"Coffee Dripper":66,"Toxic Egg 2":97,"Toy Ornithopter":47,"Unceasing Top":97}],"Burning Blood":128,"Toy Ornithopter":20,"Unceasing Top":[0]},"card_choices":[{"not_picked":["Hemokinesis","Heavy Blade"],"picked":"Combust","floor":1.0},{"not_picked":["Pommel Strike","Shrug It Off"],"picked":"Anger","floor":5.0},{"not_picked":["Flex","Clash"],"picked":"Pommel Strike","floor":6.0},{"not_picked":["Whirlwind","Armaments"],"picked":"Iron Wave","floor":8.0},{"not_picked":["Fire Breathing","Inflame"],"picked":"Corruption","floor":12.0},{"not_picked":["Clash","True Grit","Havoc"],"picked":"SKIP","floor":14.0},{"not_picked":["Bludgeon","Demon Form"],"picked":"Double Tap","floor":16.0},{"not_picked":["Infernal Blade+1","Flex"],"picked":"Armaments","floor":18.0},{"not_picked":["Reckless Charge","Flex"],"picked":"Pummel","floor":19.0},{"not_picked":["Anger","Havoc"],"picked":"True Grit","floor":21.0},{"not_picked":["Pommel Strike","Thunderclap"],"picked":"Burning Pact","floor":24.0},{"not_picked":["Body Slam","Exhume"],"picked":"Sentinel","floor":25.0},{"not_picked":["Clash","Perfected Strike"],"picked":"Dark Embrace","floor":28.0},{"not_picked":["Fire Breathing","Combust"],"picked":"Power Through","floor":29.0},{"not_picked":["Flex","Metallicize","Headbutt"],"picked":"SKIP","floor":31.0},{"not_picked":["Feed","Immolate"],"picked":"Juggernaut","floor":33.0},{"not_picked":["Heavy Blade","Warcry+1"],"picked":"Disarm","floor":35},{"not_picked":["Heavy Blade+1","Thunderclap"],"picked":"Burning Pact","floor":37},{"not_picked":["Twin Strike","Heavy Blade"],"picked":"Flame Barrier+1","floor":38},{"not_picked":["Evolve","Combust","Corruption"],"picked":"SKIP","floor":39},{"not_picked":["Twin Strike","Flex"],"picked":"Sentinel","floor":40},{"not_picked":["Heavy Blade+1","True Grit"],"picked":"Sentinel","floor":42},{"not_picked":["Cleave","Armaments+1"],"picked":"Body Slam","floor":44}],"player_experience":1957879,"relics_obtained":[{"floor":3.0,"key":"Shuriken"},{"floor":6.0,"key":"Turnip"},{"floor":12.0,"key":"Whetstone"},{"floor":25.0,"key":"Toy Ornithopter"},{"floor":26.0,"key":"Ancient Tea Set"},{"floor":40,"key":"Matryoshka"},{"floor":42,"key":"Unceasing Top"},{"floor":43,"key":"Toxic Egg 2"},{"floor":43,"key":"Juzu Bracelet"}],"event_choices":[{"damage_healed":0.0,"max_hp_gain":5.0,"max_hp_loss":0.0,"gold_gain":0.0,"event_name":"Big Fish","player_choice":"Donut","floor":2.0,"gold_loss":0.0,"damage_taken":0.0},{"damage_healed":0.0,"max_hp_gain":0.0,"max_hp_loss":0.0,"gold_gain":0.0,"event_name":"FaceTrader","player_choice":"Leave","floor":4.0,"gold_loss":0.0,"damage_taken":0.0},{"damage_healed":0.0,"max_hp_gain":5.0,"max_hp_loss":0.0,"gold_gain":0.0,"event_name":"Forgotten Altar","player_choice":"Shed Blood","floor":20.0,"gold_loss":0.0,"damage_taken":28.0},{"damage_healed":0,"gold_gain":0,"player_choice":"Max HP","damage_taken":0,"max_hp_gain":0,"max_hp_loss":4,"event_name":"Winding Halls","floor":36,"gold_loss":0},{"damage_healed":0,"gold_gain":0,"player_choice":"Fight","damage_taken":0,"max_hp_gain":0,"max_hp_loss":0,"event_name":"MindBloom","floor":42,"gold_loss":0},{"damage_healed":0,"gold_gain":0,"player_choice":"Upgraded","damage_taken":0,"max_hp_gain":0,"max_hp_loss":0,"event_name":"Upgrade Shrine","floor":46,"gold_loss":0,"cards_upgraded":["Juggernaut"]},{"cards_removed":["Bash"],"damage_healed":0,"gold_gain":0,"player_choice":"Removed Attack","damage_taken":0,"max_hp_gain":0,"max_hp_loss":0,"event_name":"Falling","floor":47,"gold_loss":0}],"is_beta":false,"boss_relics":[{"not_picked":["Runic Cube","Tiny House"],"picked":"Pandora\u0027s Box"},{"not_picked":["Mark of Pain","SlaversCollar"],"picked":"Coffee Dripper"}],"items_purged_floors":[13,22],"is_endless":false,"potions_floor_spawned":[1,5,16,21,29,31,33,35,37],"killed_by":"Reptomancer","ascension_level":20}}