{"host":"08z5bj28eube4vug","time":1613177373,"event":{"mods":["100% Spire Juice","2.2 Compatiblity","Abigail Mod","Act Like it!","BaseMod","Beaked The Cultist","Bestiary","Friendly Minions","Gensokyo","GungeonMod","Hallownest","Kiyohime????","Koishi","Lobotomy","Marisa????????","Minty Spire (QoL Compilation)","Prisma Mod","Remilia??????","Replay The Spire","Spire Arcade","StSLib","Td1madao Mod","The Alterego","The Bug Knight","The Jungle","The Sage","The Senshi","The Servant 0.9.4","Waifu the Spire","WarShipGirlsR/????R mod","Yuri Mod"],"gold_per_floor":[110,110,124,179,101,133,133,19,42,57,57,57,86,86,86,182,182,192,210,23,23,38,38,52,52,52,71,104,104,120,150,150,268,268,298,345,401,76,105,105,165,210,210,90,131,160,160,4,4,14],"floor_reached":51,"language":"ENG","playtime":3172,"items_purged":["Doubt","Wraith"],"score":1272,"play_id":"a9ddbe02-d5c4-41f6-a7d4-3648719e8264","local_time":"20210213034933","is_ascension_mode":true,"campfire_choices":[{"data":"Moonworks:FinalSurgery","floor":7.0,"key":"SMITH"},{"data":"Moonworks:Defend","floor":12.0,"key":"SMITH"},{"data":"Moonworks:LongDistanceShot","floor":15.0,"key":"SMITH"},{"data":"Moonworks:ImOnFire","floor":23.0,"key":"SMITH"},{"data":"Moonworks:Wanted","floor":25.0,"key":"SMITH"},{"data":"Moonworks:Defend","floor":29.0,"key":"SMITH"},{"data":"Moonworks:Defend","floor":32.0,"key":"SMITH"},{"data":"Moonworks:Defend","floor":40.0,"key":"SMITH"},{"data":"Moonworks:NicePresent","floor":44.0,"key":"SMITH"},{"data":"Moonworks:NicePresent","floor":49,"key":"SMITH"}],"circlet_count":0,"master_deck":["Moonworks:Strike","Moonworks:Strike","Moonworks:Strike","Moonworks:Strike","Moonworks:Defend+1","Moonworks:Defend+1","Moonworks:Defend+1","Moonworks:Defend+1","Moonworks:Ambush+1","Moonworks:LongDistanceShot+1","Moonworks:LulusLuckyEgg+1","Moonworks:FinalSurgery+1","Moonworks:SakisCookie+1","Moonworks:SakisCookie+1","Moonworks:Wanted+1","Moonworks:IndiscriminateFireSupport+1","Moonworks:ImOnFire+1","Moonworks:NicePresent+1","Moonworks:Wanted","CurseOfTheBell","Moonworks:NicePresent+1","Moonworks:NicePresent+1","Parasite","ReplayTheSpireMod:IOU"],"relics":["Moonworks:BrokenBomb","Moonworks:Homemark","DemoMod:Orange","Bag of Marbles","Replay:Rubber Ducky","Ornamental Fan","Replay:Grab Bag","Replay:Bronze Core","Busted Crown","theSenshi:MoonKaleidoScopeRelic","DemoMod:MeatBun","DemoMod:MonsterBlood","HollowMod:PaleOreRelic","Replay:Bandana","Calling Bell","Lantern","FossilizedHelix","Replay:Bottled Flurry","Bag of Preparation","PreservedInsect","Mercury Hourglass","Dream Catcher","Replay:Wax Seal"],"acts_visited":["Exordium","TheCity","TheBeyond"],"potions_floor_usage":[50,50,50],"damage_taken":[{"damage":5.0,"enemies":"Small Slimes","floor":1.0,"turns":3.0},{"damage":1.0,"enemies":"Cultist","floor":3.0,"turns":3.0},{"damage":22.0,"enemies":"3 Sentries","floor":6.0,"turns":10.0},{"damage":0.0,"enemies":"2 Louse","floor":10.0,"turns":2.0},{"damage":15.0,"enemies":"Gremlin Nob","floor":13.0,"turns":3.0},{"damage":21.0,"enemies":"Slime Boss","floor":16.0,"turns":8.0},{"damage":7.0,"enemies":"2 Thieves","floor":18.0,"turns":4.0},{"damage":11.0,"enemies":"Snecko","floor":19.0,"turns":6.0},{"damage":0.0,"enemies":"Chosen and Byrds","floor":22.0,"turns":3.0},{"damage":0.0,"enemies":"Cultist and Chosen","floor":24.0,"turns":3.0},{"damage":0.0,"enemies":"Snecko","floor":27.0,"turns":2.0},{"damage":0.0,"enemies":"Gremlin Leader","floor":28.0,"turns":1.0},{"damage":0.0,"enemies":"Shelled Parasite and Fungi","floor":30.0,"turns":2.0},{"damage":0.0,"enemies":"Replay:Snechameleon","floor":31.0,"turns":2.0},{"damage":3.0,"enemies":"Pondfish","floor":33.0,"turns":5.0},{"damage":0.0,"enemies":"Orb Walker","floor":35.0,"turns":1.0},{"damage":0.0,"enemies":"3 Darklings","floor":36.0,"turns":1.0},{"damage":0.0,"enemies":"Sphere and 2 Shapes","floor":37.0,"turns":3.0},{"damage":0.0,"enemies":"Spire Growth","floor":39.0,"turns":6.0},{"damage":0.0,"enemies":"Nemesis","floor":41.0,"turns":3.0},{"damage":0.0,"enemies":"Sphere and 2 Shapes","floor":42.0,"turns":3.0},{"damage":0.0,"enemies":"R_Hoarder","floor":45.0,"turns":7.0},{"damage":0,"enemies":"Writhing Mass","floor":46,"turns":3},{"damage":55,"enemies":"Time Eater","floor":50,"turns":10}],"seed_played":"-2611740398761562068","potions_obtained":[{"floor":10.0,"key":"Adrenaline Potion"},{"floor":13.0,"key":"Venom Potion"},{"floor":16.0,"key":"Swift Potion"},{"floor":18.0,"key":"Ancient Potion"},{"floor":28.0,"key":"Venom Potion"},{"floor":30.0,"key":"FearPotion"},{"floor":31.0,"key":"ColorlessPotion"},{"floor":35.0,"key":"Explosive Potion"},{"floor":37.0,"key":"Dexterity Potion"},{"floor":41.0,"key":"Venom Potion"},{"floor":45.0,"key":"Energy Potion"}],"is_trial":false,"path_per_floor":["M","?","M","?","$","E","R","$","T","M","?","R","E","T","R","B",null,"M","M","$","?","M","R","M","R","T","M","E","R","M","E","R","B",null,"M","M","M","$","M","R","E","M","T","R","E","M","?","$","R","B",null],"character_chosen":"THE_STARBREAKER","items_purchased":["Block Potion","Moonworks:SakisCookie+1","Moonworks:IndiscriminateFireSupport+1","DemoMod:MeatBun","Bag of Preparation","Moonworks:NicePresent","Replay:Wax Seal","Strength Potion"],"campfire_rested":0,"item_purchase_floors":[5,8,20,20,38,38,48,48],"current_hp_per_floor":[49,49,48,48,48,38,38,38,38,41,41,41,32,32,32,17,58,57,49,63,63,66,66,69,69,76,79,79,79,79,79,79,76,78,79,79,79,79,79,79,79,79,79,79,79,79,79,79,79,24],"gold":14,"neow_bonus":"UPGRADE_CARD","is_daily":false,"chose_seed":false,"campfire_upgraded":10,"win_rate":0.0,"timestamp":1613177373,"path_taken":["M","?","?","?","?","E","R","$","T","M","?","R","E","?","R","BOSS","M","M","$","?","?","R","M","R","T","M","E","R","M","E","R","BOSS","M","M","?","$","M","R","E","M","T","R","E","M","?","$","R","BOSS"],"items_purchased_type":["Potion","Card","Card","Relic","Relic","Card","Relic","Potion"],"build_version":"2020-12-22","purchased_purges":2,"victory":true,"max_hp_per_floor":[60,60,60,60,60,72,72,72,72,72,72,72,72,72,72,72,72,72,72,72,72,72,72,72,72,79,79,79,79,79,79,79,79,79,79,79,79,79,79,79,79,79,79,79,79,79,79,79,79,79],"card_choices":[{"not_picked":["Moonworks:BigMagnum","Moonworks:JonathanRush"],"picked":"Moonworks:LulusLuckyEgg","floor":1.0},{"not_picked":["Moonworks:BigMagnum","Moonworks:EvilSpyWorkPreparation"],"picked":"Moonworks:FinalSurgery","floor":3.0},{"not_picked":["Moonworks:MiracleRedBeanIceCream","Moonworks:MixPhenomenon","Moonworks:Bloodlust"],"picked":"SKIP","floor":6.0},{"not_picked":["Moonworks:SweetBattle","Moonworks:MiracleRedBeanIceCream"],"picked":"Moonworks:SakisCookie","floor":10.0},{"not_picked":["Moonworks:JonathanRush","Moonworks:Dinner","Moonworks:BigMagnum"],"picked":"SKIP","floor":13.0},{"not_picked":["Moonworks:MeltingMemories","Moonworks:Accelerator"],"picked":"Moonworks:Wanted","floor":16.0},{"not_picked":["Moonworks:LulusLuckyEgg"],"picked":"SKIP","floor":18.0},{"not_picked":["Moonworks:BigMagnum"],"picked":"SKIP","floor":19.0},{"not_picked":[],"picked":"Moonworks:ImOnFire","floor":22.0},{"not_picked":["Moonworks:IntelligenceOfficer+1"],"picked":"SKIP","floor":24.0},{"not_picked":["Moonworks:JonathanRush"],"picked":"SKIP","floor":27.0},{"not_picked":["Moonworks:BeyondHell"],"picked":"SKIP","floor":28.0},{"not_picked":[],"picked":"Moonworks:NicePresent","floor":30.0},{"not_picked":["Moonworks:ImOnFire"],"picked":"SKIP","floor":31.0},{"not_picked":[],"picked":"Moonworks:Wanted","floor":33.0},{"not_picked":["Moonworks:ImmovableObject"],"picked":"SKIP","floor":35.0},{"not_picked":["Moonworks:BigBangBell"],"picked":"SKIP","floor":36.0},{"not_picked":["Moonworks:ReproductionOfRecords"],"picked":"SKIP","floor":37.0},{"not_picked":["Moonworks:JonathanRush"],"picked":"SKIP","floor":39.0},{"not_picked":["Moonworks:UnluckyCharm+1"],"picked":"SKIP","floor":41.0},{"not_picked":[],"picked":"Moonworks:NicePresent+1","floor":42.0},{"not_picked":["Moonworks:StarBlastingFuse"],"picked":"SKIP","floor":45.0},{"not_picked":["Moonworks:MiracleRedBeanIceCream+1"],"picked":"SKIP","floor":46},{"not_picked":["Moonworks:MiracleRedBeanIceCream+1"],"picked":"SKIP","floor":46},{"not_picked":["Moonworks:MiracleRedBeanIceCream+1"],"picked":"SKIP","floor":46}],"player_experience":915366,"relics_obtained":[{"floor":6.0,"key":"DemoMod:Orange"},{"floor":9.0,"key":"Bag of Marbles"},{"floor":13.0,"key":"Replay:Rubber Ducky"},{"floor":14.0,"key":"Ornamental Fan"},{"floor":26.0,"key":"DemoMod:MonsterBlood"},{"floor":28.0,"key":"HollowMod:PaleOreRelic"},{"floor":31.0,"key":"Replay:Bandana"},{"floor":34.0,"key":"Lantern"},{"floor":34.0,"key":"FossilizedHelix"},{"floor":34.0,"key":"Replay:Bottled Flurry"},{"floor":41.0,"key":"PreservedInsect"},{"floor":43.0,"key":"Mercury Hourglass"},{"floor":45.0,"key":"Dream Catcher"}],"event_choices":[{"damage_healed":0.0,"max_hp_gain":0.0,"max_hp_loss":0.0,"gold_gain":0.0,"event_name":"Upgrade Shrine","player_choice":"Upgraded","floor":2.0,"gold_loss":0.0,"damage_taken":0.0,"cards_upgraded":["Moonworks:LulusLuckyEgg"]},{"damage_healed":0.0,"max_hp_gain":0.0,"max_hp_loss":0.0,"gold_gain":175.0,"event_name":"Liars Game","player_choice":"AGREE","floor":4.0,"gold_loss":0.0,"damage_taken":0.0,"cards_obtained":["Doubt"]},{"damage_healed":0.0,"max_hp_gain":0.0,"max_hp_loss":0.0,"gold_gain":0.0,"event_name":"Living Wall","player_choice":"Grow","floor":11.0,"gold_loss":0.0,"damage_taken":0.0,"cards_upgraded":["Moonworks:SakisCookie"]},{"damage_healed":0.0,"max_hp_gain":0.0,"max_hp_loss":0.0,"gold_gain":0.0,"event_name":"Purifier","player_choice":"Ignored","floor":21.0,"gold_loss":0.0,"damage_taken":0.0},{"damage_healed":0,"gold_gain":0,"player_choice":"Ignored","damage_taken":0,"max_hp_gain":0,"max_hp_loss":0,"event_name":"OrinTheCat","floor":47,"gold_loss":0}],"is_beta":false,"boss_relics":[{"not_picked":["Replay:Drink Me","Empty Cage"],"picked":"Replay:Grab Bag"},{"not_picked":["ReplayTheSpireMod:DimensionalGlitch","Sozu"],"picked":"Replay:Bronze Core"},{"not_picked":["Runic Dome","sagemod:Falmels_Amulet"],"picked":"Busted Crown"},{"not_picked":["Snecko Eye","Astrolabe"],"picked":"theSenshi:MoonKaleidoScopeRelic"},{"not_picked":["Replay:Ancient Bell","Honey Jar"],"picked":"Calling Bell"}],"items_purged_floors":[8,48],"is_endless":false,"potions_floor_spawned":[10,13,16,18,28,30,31,35,37,41,45],"ascension_level":8}}