{"host":"clf2hd4adhiiw0zf","time":1613202238,"event":{"mods":["AchievementEnabler","BaseMod","Beaked The Cultist","Bestiary","Dark Map","Downfall","Gremlin Mod","Hermit","Jorbs\u0027s Wanderer Trilogy","Marisa????????","Minty Spire (QoL Compilation)","Shop Mod","StSLib","The Cursed","The Servant 0.9.4","Wide Potions"],"gold_per_floor":[0,18,168,227,1,76,76,109,120,145,159,59,75,75,85,187,187,87,105,105,105,105,124,124,134,134,153,153,153,153],"floor_reached":28,"language":"ENG","playtime":1194,"items_purged":[],"score":467,"play_id":"e97738b1-029e-477c-86a3-aeec6f2e0039","local_time":"20210213004358","is_ascension_mode":true,"campfire_choices":[{"data":"champ:Execute","floor":1.0,"key":"SMITH"},{"data":"champ:DancingMaster","floor":12,"key":"SMITH"},{"data":"champ:GladiatorForm","floor":18,"key":"SMITH"},{"floor":26,"key":"REST"}],"circlet_count":0,"master_deck":["AscendersBane","champ:Strike","champ:Strike","champ:Strike","champ:Strike","champ:Defend","champ:Defend","champ:Defend","champ:Defend","champ:Execute+1","champ:Taunt","champ:PerfectedStrike","champ:Devastate","champ:RisingSlash","champ:StanceDance","champ:ShieldWall","champ:DancingMaster+1","champ:DeathBlow","champ:EnGarde","champ:EnGarde","champ:PerfectedStrike","champ:EnchantShield","champ:CalledShot","Parasite","champ:Backstep","champ:AdrenalArmor","champ:GladiatorForm+1","champ:StanceDance","champ:PerfectedStrike+1","champ:StanceDance","CurseOfTheBell","CurseOfTheBell","stsjorbsmod:Withering","champ:VampiricStrike","champ:DefensiveShout","champ:BerserkerStyle+1","champ:TornadoPunch","champ:ShieldSigil+1","champ:FaceSlap"],"relics":["champ:ChampionCrown","Prayer Wheel","The Courier","Membership Card","hexamod:CandleOfCauterizing","Regal Pillow","downfall:HeartBlessingGreen","champ:PowerArmor","downfall:HeartBlessingBlue","downfall:ExtraCursedBell","Centennial Puzzle","Shuriken","Shovel","beaked:ShinyBauble"],"acts_visited":["Exordium","TheCity"],"potions_floor_usage":[10,13],"damage_taken":[{"damage":0.0,"enemies":"2 Louse","floor":2.0,"turns":3.0},{"damage":42.0,"enemies":"3 Sentries","floor":4.0,"turns":8.0},{"damage":10.0,"enemies":"downfall:FleeingMerchant","floor":5.0,"turns":4.0},{"damage":31.0,"enemies":"Lagavulin","floor":8.0,"turns":6.0},{"damage":14.0,"enemies":"Small Slimes","floor":9.0,"turns":4.0},{"damage":13,"enemies":"Gremlin Nob","floor":10,"turns":3},{"damage":14,"enemies":"Jaw Worm","floor":11,"turns":2},{"damage":33,"enemies":"Large Slime","floor":13,"turns":4},{"damage":4,"enemies":"Red Slaver","floor":15,"turns":4},{"damage":56,"enemies":"DF_ARCHETYPE_STREAMLINE","floor":16,"turns":13},{"damage":25,"enemies":"Shell Parasite","floor":19,"turns":5},{"damage":60,"enemies":"3 Byrds","floor":23,"turns":5},{"damage":32,"enemies":"Snecko","floor":25,"turns":6},{"damage":22,"enemies":"Centurion and Healer","floor":27,"turns":5},{"damage":87,"enemies":"Book of Stabbing","floor":28,"turns":4}],"seed_played":"-7671664521649461546","potions_obtained":[{"floor":4.0,"key":"hexamod:SoulburnPotion"},{"floor":6.0,"key":"downfall:CursedFountainPotion"},{"floor":11,"key":"ColorlessPotion"},{"floor":16,"key":"CultistPotion"},{"floor":23,"key":"SteroidPotion"}],"is_trial":false,"path_per_floor":["R","M","?","?","$","?","T","E","M","E","M","R","M","?","M","B",null,"R","M","?","?","?","M","T","M","R","M","E"],"character_chosen":"THE_CHAMP","items_purchased":["Membership Card","champ:ShieldWall","champ:DancingMaster"],"campfire_rested":1,"item_purchase_floors":[5,5,5],"current_hp_per_floor":[81,81,81,59,59,59,59,43,39,36,32,32,19,41,37,7,69,79,64,64,64,64,24,24,9,54,52,0,0,0],"gold":153,"neow_bonus":"ONE_RARE_RELIC","is_daily":false,"chose_seed":false,"campfire_upgraded":3,"win_rate":0.0,"timestamp":1613202238,"path_taken":["R","M","?","?","?","?","T","E","M","E","M","R","?","?","M","BOSS","R","M","?","?","?","?","T","M","R","M","E"],"items_purchased_type":["Relic","Card","Card"],"build_version":"2020-12-22","purchased_purges":0,"victory":false,"max_hp_per_floor":[90,90,90,90,90,90,90,90,90,90,90,90,90,90,90,90,90,100,100,100,100,100,100,100,100,100,100,100,100,100],"card_choices":[{"not_picked":["champ:BerserkersShout","champ:Circumvent"],"picked":"champ:PerfectedStrike","floor":2.0},{"not_picked":["champ:PerfectedStrike","champ:DefensiveShout"],"picked":"champ:Devastate","floor":2.0},{"not_picked":["champ:Lariat","champ:DefensiveShout"],"picked":"champ:RisingSlash","floor":4.0},{"not_picked":["champ:PreciseThrust","champ:AdrenalArmor"],"picked":"champ:StanceDance","floor":5.0},{"not_picked":["champ:Haymaker","champ:EndlessRage"],"picked":"champ:DeathBlow","floor":8.0},{"not_picked":["champ:DeathBlow","champ:PerfectedStrike"],"picked":"champ:EnGarde","floor":9.0},{"not_picked":["champ:ShieldSlam","champ:SkillfulDodge","champ:EnGarde"],"picked":"SKIP","floor":9.0},{"not_picked":["champ:Encircle","champ:ShieldWall"],"picked":"champ:EnGarde","floor":10},{"not_picked":["champ:AdrenalArmor","champ:EnGarde"],"picked":"champ:PerfectedStrike","floor":11},{"not_picked":["champ:DefensiveShout","champ:PreciseThrust"],"picked":"champ:EnchantShield","floor":11},{"not_picked":["champ:ShieldSlam","champ:PreemptiveStrike"],"picked":"champ:CalledShot","floor":13},{"not_picked":["champ:SetATrap","champ:HeartStrike","champ:BerserkersShout"],"picked":"SKIP","floor":13},{"not_picked":["champ:PreemptiveStrike","champ:PreciseThrust"],"picked":"champ:Backstep","floor":15},{"not_picked":["champ:DefensiveShout","champ:GutPunch"],"picked":"champ:AdrenalArmor","floor":15},{"not_picked":["champ:StrikeOfGenius","champ:Improvising"],"picked":"champ:GladiatorForm","floor":16},{"not_picked":["champ:Circumvent+1","champ:BerserkersShout"],"picked":"champ:StanceDance","floor":19},{"not_picked":["champ:SwordSigil","champ:Duel"],"picked":"champ:PerfectedStrike+1","floor":19},{"not_picked":["champ:Shatter+1","champ:CrownThrow"],"picked":"champ:DefensiveShout","floor":23},{"not_picked":["champ:CrownThrow","champ:RapidStrikes"],"picked":"champ:BerserkerStyle+1","floor":23},{"not_picked":["champ:Encircle","champ:PerfectedStrike"],"picked":"champ:TornadoPunch","floor":25},{"not_picked":["champ:Devastate","champ:EnGarde"],"picked":"champ:ShieldSigil+1","floor":25},{"not_picked":["champ:CrownThrow+1","champ:DefensiveShout"],"picked":"champ:FaceSlap","floor":27},{"not_picked":["champ:PreemptiveStrike+1","champ:ShieldSigil","champ:Circumvent"],"picked":"SKIP","floor":27}],"player_experience":272265,"relics_obtained":[{"floor":4.0,"key":"The Courier"},{"floor":8.0,"key":"hexamod:CandleOfCauterizing"},{"floor":10,"key":"Regal Pillow"},{"floor":21,"key":"Centennial Puzzle"},{"floor":21,"key":"Shuriken"},{"floor":21,"key":"Shovel"},{"floor":24,"key":"beaked:ShinyBauble"}],"event_choices":[{"damage_healed":22,"gold_gain":0,"player_choice":"Healed and dodged fight","damage_taken":0,"max_hp_gain":0,"max_hp_loss":0,"event_name":"Mushrooms","floor":14,"gold_loss":0,"cards_obtained":["Parasite"]},{"damage_healed":0,"gold_gain":0,"player_choice":"Read","damage_taken":0,"max_hp_gain":0,"max_hp_loss":0,"event_name":"The Library","floor":20,"gold_loss":0,"cards_obtained":["champ:StanceDance"]}],"is_beta":false,"boss_relics":[{"not_picked":["Runic Dome","Runic Pyramid"],"picked":"champ:PowerArmor"}],"items_purged_floors":[],"is_endless":false,"potions_floor_spawned":[4,9,11,16,23,25],"killed_by":"Book of Stabbing","ascension_level":10}}