{"host":"3f9iajsu6jl92r7r","time":1613246589,"event":{"mods":["AchievementEnabler","Act Like it!","BaseMod","BetterRewards","Colored Map","Colored Powertips","Conspire","Friendly Minions","Highlight Path","Hubris","Infinite Spire","Lobotomy","Minty Spire (QoL Compilation)","Remilia??????","Replay The Spire","Shop Mod","Spicy Shops","StSLib","The Animator","The Mystic","The Servant 0.9.4"],"gold_per_floor":[113,388,405,430,12,41,59,93,93,93,105,105,105],"floor_reached":12,"language":"ENG","playtime":1864,"items_purged":["Regret"],"score":90,"play_id":"9a55bd90-5c09-42dd-bf34-ecef29329dfa","local_time":"20210213150309","is_ascension_mode":false,"campfire_choices":[{"floor":10,"key":"REST"}],"circlet_count":0,"master_deck":["animator:Strike_Konosuba","animator:Defend_Konosuba","animator:Strike","animator:Strike","animator:Strike","animator:Defend+1","animator:Defend","animator:Defend","animator:Kazuma","animator:Aqua","animator:Melzalgald","animator:Darkness","animator:Sebas"],"relics":["animator:LivingPicture","animator:TheMissingPiece","MerchantsRug","TwistedFunnel","conspire:TopHat","Bottled Tornado","AntiCross"],"acts_visited":["Exordium"],"potions_floor_usage":[6,7,8,8,11],"damage_taken":[{"damage":0,"enemies":"2 Louse","floor":1,"turns":4},{"damage":13,"enemies":"Cultist","floor":3,"turns":3},{"damage":9,"enemies":"Small Slimes","floor":4,"turns":5},{"damage":15,"enemies":"3 Sentries","floor":6,"turns":9},{"damage":0,"enemies":"Red Slaver","floor":7,"turns":4},{"damage":28,"enemies":"Lagavulin","floor":8,"turns":11},{"damage":0,"enemies":"Lots of Slimes","floor":11,"turns":1},{"damage":22,"enemies":"Gremlin Nob","floor":12,"turns":4}],"seed_played":"-1007228260072384773","potions_obtained":[{"floor":3,"key":"PowerPotion"},{"floor":4,"key":"Block Potion"},{"floor":6,"key":"BlessingOfTheForge"},{"floor":8,"key":"DistilledChaos"}],"is_trial":false,"path_per_floor":["M","?","M","M","$","E","M","E","T","R","M","E"],"character_chosen":"THE_ANIMATOR","items_purchased":["MerchantsRug","TwistedFunnel","Fire Potion"],"campfire_rested":1,"item_purchase_floors":[5,5,5],"current_hp_per_floor":[66,66,53,46,46,33,35,9,9,28,28,6,6],"gold":105,"neow_bonus":"RANDOM_EVENT","is_daily":false,"chose_seed":false,"campfire_upgraded":0,"win_rate":0.0,"timestamp":1613246589,"path_taken":["M","?","M","M","$","E","M","E","T","R","M","E"],"items_purchased_type":["Relic","Relic","Potion"],"build_version":"2020-12-22","purchased_purges":1,"victory":false,"max_hp_per_floor":[66,66,66,66,66,66,66,66,66,66,66,66,66],"card_choices":[{"not_picked":["animator:HighElfArcher","animator:SuzuneAmano"],"picked":"animator:Melzalgald","floor":1},{"not_picked":["animator:PandorasActor","animator:IrohaTamaki","animator:Evileye"],"picked":"SKIP","floor":3},{"not_picked":["animator:ChaikaBohdan","animator:Entoma"],"picked":"animator:Darkness","floor":4},{"not_picked":["animator:Shalltear","animator:PandorasActor"],"picked":"animator:Sebas","floor":6},{"not_picked":["animator:MamiTomoe","animator:AcuraTooru","animator:Vanir"],"picked":"SKIP","floor":7},{"not_picked":["animator:HomuraAkemi","animator:Aqua","animator:YunYun"],"picked":"SKIP","floor":8},{"not_picked":["animator:DwarfShaman","animator:Verdia","animator:Sebas"],"picked":"SKIP","floor":11}],"player_experience":5796,"relics_obtained":[{"floor":6,"key":"conspire:TopHat"},{"floor":8,"key":"Bottled Tornado"},{"floor":9,"key":"AntiCross"}],"event_choices":[{"damage_healed":0,"gold_gain":275,"player_choice":"Desecrate","damage_taken":0,"max_hp_gain":0,"max_hp_loss":0,"event_name":"Golden Shrine","floor":2,"gold_loss":0,"cards_obtained":["Regret"]}],"is_beta":false,"boss_relics":[],"items_purged_floors":[5],"is_endless":false,"potions_floor_spawned":[3,4,6,8],"killed_by":"Gremlin Nob","ascension_level":0}}