{"host":"q57ekfojy3i00x9o","time":1613218478,"event":{"mods":["Act Like it!","Arknights","Aspiration","BaseMod","Colored Map","Energized Spire","Hermit","Minty Spire (QoL Compilation)","Quick Restart","Spicy Shops","Spikes Relics","StSLib","slay the spire mod where everything is the same but ironclad has a cowboy hat"],"gold_per_floor":[112,112,387,119,136,136,148,148,148,166,185,185,196,12,12,108,108,124,124,101,16,28,28,128,145,198,215,232,232,232,232],"floor_reached":30,"language":"RUS","playtime":884,"items_purged":["Regret"],"score":311,"play_id":"d47d0d96-015d-4008-8c8d-3ee21ead9de4","local_time":"20210213171438","is_ascension_mode":true,"campfire_choices":[{"floor":6,"key":"REST"},{"data":"ats:Calcification","floor":8,"key":"SMITH"},{"data":"ats:Mental Burst","floor":12,"key":"SMITH"},{"data":"ats:Encircling Forest","floor":15,"key":"SMITH"},{"data":"ats:Soul Rend","floor":23,"key":"SMITH"},{"floor":29,"key":"REST"}],"circlet_count":0,"master_deck":["ats:Strike G","ats:Armor Crushing Shot","ats:Defend","ats:Defend","ats:Defend","ats:Defend","ats:Emotion Absorption","ats:Cat Scratch","ats:Poison Spread","ats:Calcification+1","ats:Leaping Hammer","ats:Song Of Battle","ats:Mental Burst+1","ats:Consecutive Shot Auto","ats:Powerful Strike","ats:Encircling Forest+1","ats:Spore Proliferation","ats:Soul Rend+1","ats:Shadow Assault+1","ats:Support Order+1","ats:Shadow Raid+1","ats:Flexible Camouflage+1","ats:Explosion Area Strengthen","ats:Part Time Job","ats:Calcification","ats:Explosion Area Strengthen","ats:Part Time Job+1"],"relics":["ats:Sanity","Gambling Chip","aspiration:FrozenJewel","Orichalcum","Astrolabe","MutagenicStrength","White Beast Statue","SnailShell"],"acts_visited":["Exordium","TheCity"],"potions_floor_usage":[13,13,16,27,28,28,30],"damage_taken":[{"damage":17,"enemies":"ats:Genji","floor":1,"turns":4},{"damage":3,"enemies":"Cultist","floor":5,"turns":3},{"damage":11,"enemies":"Jaw Worm","floor":7,"turns":5},{"damage":4,"enemies":"Large Slime","floor":10,"turns":4},{"damage":11,"enemies":"Blue Slaver","floor":11,"turns":3},{"damage":6,"enemies":"Lots of Slimes","floor":13,"turns":2},{"damage":2,"enemies":"Hexaghost","floor":16,"turns":8},{"damage":12,"enemies":"3 Byrds","floor":18,"turns":8},{"damage":16,"enemies":"Chosen","floor":22,"turns":5},{"damage":42,"enemies":"Sentry and Sphere","floor":25,"turns":6},{"damage":22,"enemies":"Shelled Parasite and Fungi","floor":27,"turns":8},{"damage":7,"enemies":"Cultist and Chosen","floor":28,"turns":6},{"damage":42,"enemies":"Slavers","floor":30,"turns":3}],"seed_played":"-8240939753863505940","potions_obtained":[{"floor":10,"key":"ats:Burn Big Potion"},{"floor":11,"key":"LiquidMemories"},{"floor":13,"key":"Strength Potion"},{"floor":18,"key":"Strength Potion"},{"floor":22,"key":"BlessingOfTheForge"},{"floor":25,"key":"Fire Potion"},{"floor":27,"key":"LiquidBronze"},{"floor":28,"key":"Regen Potion"}],"is_trial":false,"path_per_floor":["M","?","?","$","M","R","M","R","T","M","M","R","M","$","R","B",null,"M","?","$","?","M","R","?","M","T","M","M","R","E"],"character_chosen":"DOCTOR_CLASS","items_purchased":["ats:Poison Spread","ats:Calcification","ats:Leaping Hammer","Orichalcum","ats:Spore Proliferation","ats:Explosion Area Strengthen"],"campfire_rested":2,"item_purchase_floors":[4,4,4,14,14,20],"current_hp_per_floor":[30,30,30,30,28,49,39,39,39,36,26,26,20,20,20,20,59,58,58,58,58,47,47,47,18,18,10,7,28,0,0],"gold":232,"neow_bonus":"ONE_RARE_RELIC","is_daily":false,"chose_seed":false,"campfire_upgraded":4,"win_rate":0.0,"timestamp":1613218478,"path_taken":["M","?","?","$","M","R","M","R","T","M","?","R","M","$","R","BOSS","M","?","$","?","M","R","?","M","T","M","?","R","E"],"items_purchased_type":["Card","Card","Card","Relic","Card","Card"],"build_version":"2020-12-22","purchased_purges":1,"victory":false,"max_hp_per_floor":[72,72,72,72,72,72,72,72,72,72,72,72,72,72,72,72,72,72,72,72,72,72,72,72,72,72,72,72,72,72,72],"card_choices":[{"not_picked":["ats:Absolute Focus","ats:Revitalization"],"picked":"ats:Cat Scratch","floor":1},{"not_picked":["ats:Assault Order","ats:Leaping Hammer"],"picked":"ats:Song Of Battle","floor":5},{"not_picked":["ats:Assault Order","ats:Defend Order"],"picked":"ats:Mental Burst","floor":7},{"not_picked":["ats:Healing Strengthening","ats:Assault Order"],"picked":"ats:Consecutive Shot Auto","floor":10},{"not_picked":["ats:Part Time Job","ats:Thermite Blade"],"picked":"ats:Powerful Strike","floor":11},{"not_picked":["ats:Steam Pump","ats:Beaten Up"],"picked":"ats:Encircling Forest","floor":13},{"not_picked":["ats:Echo Reverb","ats:Rat Pack"],"picked":"ats:Soul Rend","floor":16},{"not_picked":["ats:Hammer On","ats:Powerful Strike+1"],"picked":"ats:Flexible Camouflage+1","floor":18},{"not_picked":["ats:Ignite+1","ats:Shell Defense"],"picked":"ats:Part Time Job","floor":22},{"not_picked":["ats:Ignite","ats:Defend Order"],"picked":"ats:Calcification","floor":25},{"not_picked":["ats:Neurotoxin","ats:Guard Mode"],"picked":"ats:Explosion Area Strengthen","floor":27},{"not_picked":["ats:Very Hot Blade","ats:Song Of Battle+1"],"picked":"ats:Part Time Job+1","floor":28}],"player_experience":762348,"relics_obtained":[{"floor":9,"key":"aspiration:FrozenJewel"},{"floor":26,"key":"SnailShell"}],"event_choices":[{"damage_healed":0,"gold_gain":0,"player_choice":"Ignored","damage_taken":0,"max_hp_gain":0,"max_hp_loss":0,"event_name":"Golden Wing","floor":2,"gold_loss":0},{"damage_healed":0,"gold_gain":275,"player_choice":"Desecrate","damage_taken":0,"max_hp_gain":0,"max_hp_loss":0,"event_name":"Golden Shrine","floor":3,"gold_loss":0,"cards_obtained":["Regret"]},{"damage_healed":0,"gold_gain":0,"player_choice":"Inject Mutagens","damage_taken":0,"relics_obtained":["MutagenicStrength"],"max_hp_gain":0,"max_hp_loss":0,"event_name":"Drug Dealer","floor":19,"gold_loss":0},{"damage_healed":0,"gold_gain":0,"player_choice":"Obtained Relic","damage_taken":0,"relics_obtained":["White Beast Statue"],"max_hp_gain":0,"max_hp_loss":0,"event_name":"Addict","floor":21,"gold_loss":85},{"damage_healed":0,"gold_gain":100,"player_choice":"Pray","damage_taken":0,"max_hp_gain":0,"max_hp_loss":0,"event_name":"Golden Shrine","floor":24,"gold_loss":0}],"is_beta":false,"boss_relics":[{"not_picked":["Snecko Eye","aspiration:IroncladSkillbook"],"picked":"Astrolabe"}],"items_purged_floors":[4],"is_endless":false,"potions_floor_spawned":[10,11,13,18,22,25,27,28],"killed_by":"Slavers","ascension_level":8}}