{"host":"37ccm3d17clopct7","time":1613204253,"event":{"mods":["BaseMod","GungeonMod","Hermit","Lobotomy","Minty Spire (QoL Compilation)","StSLib","The Bug Knight","The Cursed","The Hierophant","The Jungle","The Runesmith"],"gold_per_floor":[116,116,291,366,316,345,361,361,433,433,458,71,91,91,91,91,91],"floor_reached":16,"language":"KOR","playtime":615,"items_purged":["TheCursedMod:Strike_TheCursed"],"score":106,"play_id":"89cb3a49-0ba2-4b2f-bb49-f92c05b1991f","local_time":"20210213171733","is_ascension_mode":false,"campfire_choices":[{"floor":8,"key":"RECALL"},{"floor":10,"key":"REST"},{"data":"TheCursedMod:CollectTribute","floor":15,"key":"SMITH"}],"circlet_count":0,"master_deck":["TheCursedMod:Strike_TheCursed","TheCursedMod:Strike_TheCursed","TheCursedMod:Defend_TheCursed","TheCursedMod:Defend_TheCursed","TheCursedMod:Defend_TheCursed","TheCursedMod:CursedWand","TheCursedMod:CleanUpWorkshop","TheCursedMod:Dregs","Injury","TheCursedMod:LuckyCharm","Doubt","TheCursedMod:CursedShiv","TheCursedMod:FleshFromBone","TheCursedMod:CursedBoomerang","TheCursedMod:Evocation","TheCursedMod:CollectTribute+1","TheCursedMod:TacticalStrike"],"relics":["TheCursedMod:BlackMagic101","DemoMod:NanoMachines","Dream Catcher","Lizard Tail","Lee\u0027s Waffle"],"acts_visited":["Exordium"],"potions_floor_usage":[],"damage_taken":[{"damage":0,"enemies":"Small Slimes","floor":1,"turns":3},{"damage":39,"enemies":"Gremlin Nob","floor":6,"turns":10},{"damage":0,"enemies":"2 Louse","floor":7,"turns":4},{"damage":1,"enemies":"Lagavulin","floor":11,"turns":11},{"damage":15,"enemies":"Jaw Worm","floor":13,"turns":5},{"damage":59,"enemies":"Hexaghost","floor":16,"turns":16}],"seed_played":"2048396642897960612","potions_obtained":[{"floor":6,"key":"SteroidPotion"},{"floor":7,"key":"Ancient Potion"},{"floor":13,"key":"TheCursedMod:DregsPotion"}],"is_trial":false,"path_per_floor":["M","?","?","?","?","E","M","R","T","R","E","$","M","?","R","B"],"character_chosen":"THE_CURSED","items_purchased":["TheCursedMod:CollectTribute","Lee\u0027s Waffle"],"campfire_rested":1,"item_purchase_floors":[12,12],"current_hp_per_floor":[75,75,75,75,75,36,36,36,36,58,57,82,67,72,72,13,13],"gold":91,"neow_bonus":"ONE_RARE_RELIC","is_daily":false,"chose_seed":false,"campfire_upgraded":1,"win_rate":0.0,"timestamp":1613204253,"path_taken":["M","?","?","?","?","E","M","R","T","R","E","$","M","?","R","BOSS"],"items_purchased_type":["Card","Relic"],"build_version":"2020-12-22","purchased_purges":1,"victory":false,"max_hp_per_floor":[75,75,75,75,75,75,75,75,75,75,75,82,82,87,87,87,87],"card_choices":[{"not_picked":["TheCursedMod:AshesToAshes","TheCursedMod:WearCloak"],"picked":"TheCursedMod:LuckyCharm","floor":1},{"not_picked":["TheCursedMod:PrepareRite","TheCursedMod:CircleOfWindfury"],"picked":"TheCursedMod:CursedShiv","floor":6},{"not_picked":["TheCursedMod:CursedBlade","TheCursedMod:DoubleShield"],"picked":"TheCursedMod:FleshFromBone","floor":7},{"not_picked":["TheCursedMod:SoulCrush","TheCursedMod:SpitefulStrike"],"picked":"TheCursedMod:CursedBoomerang","floor":10},{"not_picked":["TheCursedMod:RavingStaff","TheCursedMod:CircleOfWindfury"],"picked":"TheCursedMod:Evocation","floor":11},{"not_picked":["TheCursedMod:SpitefulStrike","TheCursedMod:Torture"],"picked":"TheCursedMod:TacticalStrike","floor":13}],"player_experience":197452,"relics_obtained":[{"floor":6,"key":"Dream Catcher"},{"floor":11,"key":"Lizard Tail"}],"event_choices":[{"cards_removed":["TheCursedMod:Defend_TheCursed"],"damage_healed":0,"gold_gain":0,"player_choice":"Forget","damage_taken":0,"max_hp_gain":0,"max_hp_loss":0,"event_name":"Living Wall","floor":2,"gold_loss":0},{"damage_healed":0,"gold_gain":175,"player_choice":"AGREE","damage_taken":0,"max_hp_gain":0,"max_hp_loss":0,"event_name":"Liars Game","floor":3,"gold_loss":0,"cards_obtained":["Doubt"]},{"damage_healed":0,"gold_gain":75,"player_choice":"Gather Gold","damage_taken":11,"max_hp_gain":0,"max_hp_loss":0,"event_name":"World of Goop","floor":4,"gold_loss":0},{"cards_removed":["TheCursedMod:Strike_TheCursed"],"damage_healed":0,"gold_gain":0,"player_choice":"Card Removal","damage_taken":0,"max_hp_gain":0,"max_hp_loss":0,"event_name":"The Cleric","floor":5,"gold_loss":50},{"damage_healed":0,"gold_gain":0,"player_choice":"Donut","damage_taken":0,"max_hp_gain":5,"max_hp_loss":0,"event_name":"Big Fish","floor":14,"gold_loss":0}],"is_beta":false,"boss_relics":[],"items_purged_floors":[12],"is_endless":false,"potions_floor_spawned":[6,7,13],"killed_by":"Hexaghost","ascension_level":0}}