{"host":"ywif2ugnepgiw45s","time":1613226020,"event":{"mods":["Act Like it!","BaseMod","Better Skull","Downfall","Elementarium","GifTheSpireLib","Hermit","Lobotomy","Minty Spire (QoL Compilation)","READ ME - Guardian Mod","Shade Mod","Shop Mod","StSLib","The Cursed","The Exalted","The Jungle","The Servant 0.9.4"],"gold_per_floor":[110,110,129,129,147,172,188,213,238,284,312,80,114,129,129,228,228,244,79,79,95,106,106,122,147,216,235,235,265,364,394,394,490,490,505,505,522,241,291,291,319,319,319,319,123,133,133,133,133,133,133,133,1,26,26],"floor_reached":56,"language":"ENG","playtime":4055,"items_purged":["Strike_G","Strike_G","Writhe","Writhe"],"score":1413,"play_id":"ecd1b280-c9c1-4aaa-99a5-b7eb45a37341","local_time":"20210213092020","is_ascension_mode":true,"campfire_choices":[{"data":"Neutralize","floor":15,"key":"SMITH"},{"data":"Noxious Fumes","floor":23,"key":"SMITH"},{"floor":32,"key":"REST"},{"floor":40,"key":"RECALL"},{"floor":42,"key":"DIG"},{"floor":44,"key":"DIG"},{"floor":47,"key":"DIG"},{"floor":49,"key":"DIG"},{"floor":52,"key":"DIG"}],"circlet_count":0,"master_deck":["Strike_G","Strike_G","Strike_G","Defend_G","Defend_G","Defend_G","Defend_G","Defend_G","Survivor","Neutralize+1","Slice","Blade Dance","Finisher","Backflip","Footwork","After Image","Tools of the Trade","Tactician","Caltrops","Infinite Blades","Footwork","Noxious Fumes+1","Backflip+1","Bane","Blur","Envenom","Night Terror+1","Footwork","PiercingWail+1","Underhanded Strike","downfall:Icky","Cloak And Dagger+1","Panache","Escape Plan+1","Malaise+1","Flash of Steel","Caltrops+1"],"relics":["Ring of the Snake","Pen Nib","Mercury Hourglass","Vajra","MealTicket","Regal Pillow","Toy Ornithopter","Ancient Tea Set","Membership Card","The Courier","Runic Pyramid","Blood Vial","InkBottle","Omamori","Tingsha","Oddly Smooth Stone","Calling Bell","Strawberry","Toxic Egg 2","Shovel","downfall:ExtraCursedKey","Mummified Hand","Guardian:PocketSentry","Nunchaku","Bromod:ArcaneUltimatum","Potion Belt","Boot","Shuriken","Letter Opener","Bottled Tornado","Kunai","Art of War"],"acts_visited":["Exordium","TheCity","TheBeyond","TheEnding"],"potions_floor_usage":[11,13,21,29,39,55,55],"damage_taken":[{"damage":0,"enemies":"Jaw Worm","floor":1,"turns":5},{"damage":0,"enemies":"Small Slimes","floor":3,"turns":3},{"damage":0,"enemies":"Cultist","floor":5,"turns":3},{"damage":29,"enemies":"Gremlin Nob","floor":6,"turns":4},{"damage":0,"enemies":"Exordium Wildlife","floor":7,"turns":2},{"damage":3,"enemies":"Lagavulin","floor":8,"turns":5},{"damage":3,"enemies":"Gremlin Nob","floor":11,"turns":3},{"damage":6,"enemies":"3 Sentries","floor":13,"turns":4},{"damage":0,"enemies":"Blue Slaver","floor":14,"turns":4},{"damage":10,"enemies":"The Guardian","floor":16,"turns":13},{"damage":0,"enemies":"Spheric Guardian","floor":18,"turns":3},{"damage":0,"enemies":"3 Byrds","floor":21,"turns":5},{"damage":4,"enemies":"Snake Plant","floor":22,"turns":5},{"damage":3,"enemies":"Shelled Parasite and Fungi","floor":24,"turns":5},{"damage":40,"enemies":"Slavers","floor":25,"turns":6},{"damage":0,"enemies":"Snecko","floor":27,"turns":5},{"damage":5,"enemies":"Book of Stabbing","floor":29,"turns":6},{"damage":20,"enemies":"Gremlin Leader","floor":31,"turns":7},{"damage":3,"enemies":"Champ","floor":33,"turns":14},{"damage":4,"enemies":"3 Shapes","floor":35,"turns":8},{"damage":6,"enemies":"Orb Walker","floor":37,"turns":4},{"damage":12,"enemies":"Mind Bloom Boss Battle","floor":39,"turns":5},{"damage":0,"enemies":"Giant Head","floor":41,"turns":6},{"damage":3,"enemies":"Sphere and 2 Shapes","floor":46,"turns":3},{"damage":0,"enemies":"Donu and Deca","floor":50,"turns":7},{"damage":0,"enemies":"Shield and Spear","floor":54,"turns":6},{"damage":32,"enemies":"The Heart","floor":55,"turns":7}],"seed_played":"-4101803637820150740","potions_obtained":[{"floor":1,"key":"LiquidBronze"},{"floor":3,"key":"SkillPotion"},{"floor":7,"key":"GhostInAJar"},{"floor":11,"key":"LiquidBronze"},{"floor":13,"key":"SpeedPotion"},{"floor":18,"key":"LiquidMemories"},{"floor":27,"key":"GamblersBrew"},{"floor":29,"key":"sneckomod:MuddlingPotion"},{"floor":31,"key":"Fire Potion"},{"floor":39,"key":"GamblersBrew"},{"floor":46,"key":"sneckomod:MuddlingPotion"},{"floor":48,"key":"Energy Potion"},{"floor":48,"key":"champ:CounterPotion"}],"is_trial":false,"path_per_floor":["M","?","M","?","M","E","M","E","T","T","E","$","E","M","R","B",null,"M","$","?","M","M","R","M","E","T","M","?","E","?","E","R","B",null,"M","?","M","$","?","R","E","R","T","R","$","M","R","?","R","B",null,"R","$","E","B",null],"character_chosen":"THE_SILENT","items_purchased":["Membership Card","Footwork","Caltrops","Infinite Blades","Footwork","Noxious Fumes","Mummified Hand","Guardian:PocketSentry","Nunchaku","Cloak And Dagger+1","Panache","Escape Plan+1","Kunai","Flash of Steel"],"campfire_rested":1,"item_purchase_floors":[12,12,19,19,19,19,38,38,38,45,45,45,53,53],"current_hp_per_floor":[70,58,58,70,70,41,41,38,38,38,40,55,54,54,54,44,70,70,70,70,70,66,66,63,23,23,25,25,27,27,9,45,44,77,73,73,69,77,65,65,67,67,67,67,77,74,74,74,74,76,77,77,77,77,45],"gold":26,"neow_bonus":"RANDOM_COMMON_RELIC","is_daily":false,"chose_seed":false,"campfire_upgraded":2,"win_rate":0.0,"timestamp":1613226020,"path_taken":["M","?","M","?","M","E","?","E","T","?","E","$","E","M","R","BOSS","M","$","?","?","M","R","M","E","T","M","?","E","?","E","R","BOSS","M","?","M","$","?","R","E","R","T","R","$","M","R","?","R","BOSS","R","$","E","BOSS"],"items_purchased_type":["Relic","Card","Card","Card","Card","Card","Relic","Relic","Relic","Card","Card","Card","Relic","Card"],"build_version":"2020-12-22","purchased_purges":4,"victory":true,"max_hp_per_floor":[70,70,70,70,70,70,70,70,70,70,70,70,70,70,70,70,70,70,70,70,70,70,70,70,70,70,70,70,70,70,70,70,70,77,77,77,77,77,77,77,77,77,77,77,77,77,77,77,77,77,77,77,77,77,77],"card_choices":[{"not_picked":["Accuracy","Endless Agony"],"picked":"Slice","floor":1},{"not_picked":["Deadly Poison","Terror"],"picked":"Calculated Gamble","floor":3},{"not_picked":["Backflip","Bane"],"picked":"Blade Dance","floor":5},{"not_picked":["Underhanded Strike","Reflex","Acrobatics"],"picked":"SKIP","floor":6},{"not_picked":["Bouncing Flask","Slice"],"picked":"Finisher","floor":7},{"not_picked":["Dodge and Roll","Blade Dance"],"picked":"Backflip","floor":8},{"not_picked":["Heel Hook","Predator","Acrobatics"],"picked":"SKIP","floor":11},{"not_picked":["Phantasmal Killer","Deadly Poison"],"picked":"After Image","floor":13},{"not_picked":["Crippling Poison","Dagger Throw","Flying Knee"],"picked":"SKIP","floor":14},{"not_picked":["Doppelganger","Night Terror"],"picked":"Tools of the Trade","floor":16},{"not_picked":["Slice","Dash"],"picked":"Tactician","floor":18},{"not_picked":["Predator","Flying Knee","Deflect"],"picked":"SKIP","floor":21},{"not_picked":["Outmaneuver+1","Sucker Punch","Predator"],"picked":"SKIP","floor":22},{"not_picked":["Dagger Spray","PiercingWail"],"picked":"Backflip+1","floor":24},{"not_picked":["Unload","Calculated Gamble"],"picked":"Bane","floor":25},{"not_picked":["Dagger Throw+1","Sucker Punch","Concentrate"],"picked":"SKIP","floor":27},{"not_picked":["Distraction+1","Choke"],"picked":"Blur","floor":29},{"not_picked":["Well Laid Plans","Concentrate+1","Dash"],"picked":"SKIP","floor":31},{"not_picked":["Bullet Time","After Image"],"picked":"Envenom","floor":33},{"not_picked":["Skewer+1","Bane","Calculated Gamble+1"],"picked":"SKIP","floor":35},{"not_picked":["Poisoned Stab+1","Glass Knife"],"picked":"Footwork","floor":37},{"not_picked":["Poisoned Stab","Dagger Throw"],"picked":"PiercingWail+1","floor":39},{"not_picked":["Backstab+1","Tactician+1"],"picked":"Underhanded Strike","floor":41},{"not_picked":["Poisoned Stab","Bane+1"],"picked":"Malaise+1","floor":46},{"not_picked":["Dagger Throw+1","Dash+1"],"picked":"Caltrops+1","floor":54}],"player_experience":1795672,"relics_obtained":[{"floor":6,"key":"Vajra"},{"floor":8,"key":"MealTicket"},{"floor":9,"key":"Regal Pillow"},{"floor":10,"key":"Toy Ornithopter"},{"floor":11,"key":"Ancient Tea Set"},{"floor":13,"key":"The Courier"},{"floor":25,"key":"Blood Vial"},{"floor":26,"key":"InkBottle"},{"floor":29,"key":"Tingsha"},{"floor":31,"key":"Oddly Smooth Stone"},{"floor":34,"key":"Strawberry"},{"floor":34,"key":"Toxic Egg 2"},{"floor":34,"key":"Shovel"},{"floor":39,"key":"Bromod:ArcaneUltimatum"},{"floor":41,"key":"Potion Belt"},{"floor":44,"key":"Boot"},{"floor":47,"key":"Shuriken"},{"floor":49,"key":"Letter Opener"},{"floor":52,"key":"Bottled Tornado"},{"floor":54,"key":"Art of War"}],"event_choices":[{"damage_healed":0,"gold_gain":0,"player_choice":"Success","damage_taken":12,"relics_obtained":["Mercury Hourglass"],"max_hp_gain":0,"max_hp_loss":0,"event_name":"Scrap Ooze","floor":2,"gold_loss":0},{"cards_removed":["Calculated Gamble"],"damage_healed":12,"gold_gain":0,"player_choice":"Offered Uncommon","damage_taken":0,"max_hp_gain":0,"max_hp_loss":0,"event_name":"Bonfire Elementals","floor":4,"gold_loss":0},{"damage_healed":0,"gold_gain":0,"player_choice":"Bought 0 Potions","damage_taken":0,"max_hp_gain":0,"max_hp_loss":0,"event_name":"The Woman in Blue","floor":20,"gold_loss":0},{"damage_healed":0,"gold_gain":0,"player_choice":"Opened","damage_taken":0,"relics_obtained":["Omamori"],"max_hp_gain":0,"max_hp_loss":0,"event_name":"The Mausoleum","floor":28,"gold_loss":0,"cards_obtained":["Writhe"]},{"damage_healed":0,"gold_gain":99,"player_choice":"Stole From Cult","damage_taken":0,"max_hp_gain":0,"max_hp_loss":0,"event_name":"Nest","floor":30,"gold_loss":0},{"damage_healed":0,"gold_gain":0,"player_choice":"Fight","damage_taken":0,"max_hp_gain":0,"max_hp_loss":0,"event_name":"MindBloom","floor":39,"gold_loss":0},{"damage_healed":0,"gold_gain":0,"player_choice":"Got Potions","damage_taken":0,"max_hp_gain":0,"max_hp_loss":0,"event_name":"Lab","floor":48,"gold_loss":0}],"is_beta":false,"boss_relics":[{"not_picked":["Philosopher\u0027s Stone","Fusion Hammer"],"picked":"Runic Pyramid"},{"not_picked":["Snecko Eye","Black Star"],"picked":"Calling Bell"}],"items_purged_floors":[12,19,38,45],"is_endless":false,"potions_floor_spawned":[1,3,7,11,13,18,27,29,31,39,46],"ascension_level":1}}