{"host":"8a72fthmlk1o8pdb","time":1613175349,"event":{"mods":["AchievementEnabler","Aspiration","Astrologer","Bard","BaseMod","Beaked The Cultist","Better Sensory Stone","Better Skull","Better Third Choice","ChefMod","Colored Map","Colored Powertips","Dark Map","Downfall","Friendly Minions","GifTheSpireLib","Googly Eyes","Gremlin Mod","Hermit","Hubris","JesterMod","Jorbs\u0027s Wanderer Trilogy","Marisa????????","Minty Spire (QoL Compilation)","Permanent Neow","Random Character Button","Rare Cards Sparkle","Relic Stats","Reliquary","Robot Space Explorer","Shade Mod","Shop Mod","Somnambulant","StSLib","The Animator","The Blue Laboratory","The Construct","The Cursed","The Disciple","The Hayseed","The Hierophant","The Jungle","The Marked","The Mystic","The Necromancer","The Poker Player","The Problem Sleuth","The Runesmith","thorton"],"gold_per_floor":[109,119,12,27,27,27,27,55,79,105,116,130,95,105,105,210,210,222,238,238,258,270,302,302,33,33,46,56,56,85,46,46,145,145,156,167,67,67,67,97,97,111,111,121,135,161,177,177,177,177,177,177,79,107,107,107],"floor_reached":55,"language":"ENG","playtime":3392,"items_purged":["Strike_B","Strike_B"],"score":806,"play_id":"b2f6b0eb-13ab-4898-90b0-fbebc25213e7","local_time":"20210212161549","is_ascension_mode":false,"campfire_choices":[{"data":"Chill","floor":6,"key":"SMITH"},{"data":"Barrage","floor":15,"key":"SMITH"},{"data":"Apotheosis","floor":29,"key":"SMITH"},{"data":"Defragment","floor":32,"key":"SMITH"},{"floor":41,"key":"RECALL"},{"data":"Biased Cognition","floor":49,"key":"SMITH"},{"data":"Biased Cognition","floor":52,"key":"SMITH"}],"circlet_count":0,"master_deck":["Defend_B","Defend_B","Defend_B","Defend_B","Zap","Dualcast","PanicButton","Coolheaded","Defragment+1","Glacier","Chill+1","Barrage+1","Compile Driver","Self Repair","Reboot","Coolheaded","Streamline","Biased Cognition+1","aspiration:Polymerization","Apotheosis+1","Melter","Chill","Defragment+1","Biased Cognition+1","Trip","Iron Wave","Redo+1","Chill+1","Rip and Tear+1","Aggregate+1","Streamline+1"],"relics":["Cracked Core","Sundial","Bronze Scales","Strawberry","thethorton:BottledFunds","hubris:TenFootPole","hubris:GlazedTorus","Bag of Preparation","reliquary:RedCape","PreservedInsect","TheSimpletonMod:PicklingJar","reliquary:TuningFork"],"acts_visited":["Exordium","TheCity","TheBeyond","TheEnding"],"potions_floor_usage":[8,16,16,23,23,27,30,46,47,50,55,55,55],"damage_taken":[{"damage":0,"enemies":"Small Slimes","floor":1,"turns":3},{"damage":4,"enemies":"2 Louse","floor":2,"turns":2},{"damage":0,"enemies":"Cultist","floor":4,"turns":4},{"damage":29,"enemies":"Gremlin Nob","floor":8,"turns":8},{"damage":13,"enemies":"Lagavulin","floor":10,"turns":9},{"damage":3,"enemies":"2 Fungi Beasts","floor":11,"turns":3},{"damage":5,"enemies":"Exordium Wildlife","floor":12,"turns":5},{"damage":0,"enemies":"Looter","floor":14,"turns":3},{"damage":10,"enemies":"Hexaghost","floor":16,"turns":11},{"damage":5,"enemies":"2 Thieves","floor":18,"turns":5},{"damage":5,"enemies":"Spheric Guardian","floor":19,"turns":4},{"damage":32,"enemies":"3 Cultists","floor":21,"turns":7},{"damage":0,"enemies":"Cultist and Chosen","floor":22,"turns":7},{"damage":1,"enemies":"Slavers","floor":23,"turns":7},{"damage":9,"enemies":"Snecko","floor":27,"turns":5},{"damage":0,"enemies":"Sentry and Sphere","floor":28,"turns":3},{"damage":12,"enemies":"Book of Stabbing","floor":30,"turns":7},{"damage":35,"enemies":"hubris:MusketHawk","floor":33,"turns":9},{"damage":0,"enemies":"3 Darklings","floor":35,"turns":5},{"damage":0,"enemies":"Orb Walker","floor":36,"turns":3},{"damage":0,"enemies":"Giant Head","floor":40,"turns":8},{"damage":17,"enemies":"Jaw Worm Horde","floor":42,"turns":5},{"damage":0,"enemies":"Maw","floor":44,"turns":7},{"damage":0,"enemies":"Spire Growth","floor":45,"turns":5},{"damage":0,"enemies":"Reptomancer","floor":46,"turns":7},{"damage":0,"enemies":"Sphere and 2 Shapes","floor":47,"turns":5},{"damage":10,"enemies":"Donu and Deca","floor":50,"turns":10},{"damage":0,"enemies":"Shield and Spear","floor":54,"turns":6},{"damage":85,"enemies":"The Heart","floor":55,"turns":11}],"seed_played":"3061056360342623838","potions_obtained":[{"floor":2,"key":"blueLaboratory:FrostheartPotion"},{"floor":8,"key":"Guardian:BlockOnCardUsePotion"},{"floor":10,"key":"blueLaboratory:NullPotion"},{"floor":14,"key":"SpeedPotion"},{"floor":16,"key":"blueLaboratory:LouseDecoction"},{"floor":18,"key":"blueLaboratory:PhilterOfMotion"},{"floor":21,"key":"SteroidPotion"},{"floor":23,"key":"blueLaboratory:TeslaPotion"},{"floor":27,"key":"blueLaboratory:SystemWipe"},{"floor":28,"key":"blueLaboratory:BottledHope"},{"floor":36,"key":"Dexterity Potion"},{"floor":47,"key":"Strength Potion"}],"is_trial":false,"path_per_floor":["M","M","$","M","?","R","$","E","T","E","M","M","?","M","R","B",null,"M","M","?","M","M","E","?","$","T","M","M","R","E","$","R","B",null,"M","M","$","?","?","E","R","M","T","M","M","E","M","?","R","B",null,"R","$","E","B"],"character_chosen":"DEFECT","items_purchased":["Defragment","Glacier","Apotheosis","Defragment","blueLaboratory:RelayPotion","FocusPotion"],"campfire_rested":0,"item_purchase_floors":[3,3,25,31,53,53],"current_hp_per_floor":[75,71,71,71,64,64,64,35,35,29,26,28,48,55,55,52,82,82,82,82,57,64,70,70,70,70,68,78,78,76,76,76,51,82,82,82,82,82,82,82,82,65,65,72,72,82,82,82,82,79,82,82,82,82,0,0],"gold":107,"neow_bonus":"RANDOM_COLORLESS","is_daily":false,"chose_seed":false,"campfire_upgraded":6,"win_rate":0.0,"timestamp":1613175349,"path_taken":["M","M","$","M","?","R","$","E","T","E","M","M","?","M","R","BOSS","M","M","?","M","M","E","?","$","T","M","M","R","E","$","R","BOSS","M","M","?","?","?","E","R","M","T","M","M","E","?","?","R","BOSS","R","$","E","BOSS"],"items_purchased_type":["Card","Card","Card","Card","Potion","Potion"],"build_version":"2020-12-22","purchased_purges":2,"victory":false,"max_hp_per_floor":[75,75,75,75,75,75,75,75,75,82,82,82,82,82,82,82,82,82,82,82,82,82,82,82,82,82,82,82,82,82,82,82,82,82,82,82,82,82,82,82,82,82,82,82,82,82,82,82,82,82,82,82,82,82,82,82],"relic_stats":{"counters":[29,174],"Sundial":[32],"Bronze Scales":[595],"PreservedInsect":128,"Bag of Preparation":[24],"obtain_stats":[{"Sundial":8,"thethorton:BottledFunds":17,"Bronze Scales":9,"Strawberry":10,"PreservedInsect":40,"hubris:TenFootPole":23,"Bag of Preparation":30,"reliquary:TuningFork":54,"reliquary:RedCape":34,"Cracked Core":0,"hubris:GlazedTorus":26,"TheSimpletonMod:PicklingJar":46},{"Sundial":4,"thethorton:BottledFunds":9,"Bronze Scales":4,"Strawberry":5,"PreservedInsect":21,"hubris:TenFootPole":14,"Bag of Preparation":17,"reliquary:TuningFork":28,"reliquary:RedCape":18,"Cracked Core":0,"hubris:GlazedTorus":14,"TheSimpletonMod:PicklingJar":25},{"Sundial":17,"thethorton:BottledFunds":48,"Bronze Scales":17,"Strawberry":26,"PreservedInsect":118,"hubris:TenFootPole":78,"Bag of Preparation":93,"reliquary:TuningFork":163,"reliquary:RedCape":102,"Cracked Core":0,"hubris:GlazedTorus":78,"TheSimpletonMod:PicklingJar":142}]},"card_choices":[{"not_picked":["Impatience","Mind Blast"],"picked":"PanicButton","floor":0},{"not_picked":["Fusion","Go for the Eyes","Beam Cell"],"picked":"SKIP","floor":1},{"not_picked":["Turbo","Sweeping Beam"],"picked":"Coolheaded","floor":2},{"not_picked":["Streamline","Conserve Battery"],"picked":"Chill","floor":4},{"not_picked":["Rip and Tear","Double Energy"],"picked":"Barrage","floor":8},{"not_picked":["Redo","Doom and Gloom"],"picked":"Compile Driver","floor":10},{"not_picked":["Ball Lightning","Leap"],"picked":"Self Repair","floor":11},{"not_picked":["Hologram","Electrodynamics","Turbo"],"picked":"SKIP","floor":12},{"not_picked":["Beam Cell","Turbo","Static Discharge"],"picked":"SKIP","floor":14},{"not_picked":["Electrodynamics","Echo Form"],"picked":"Reboot","floor":16},{"not_picked":["Turbo","Ball Lightning","Compile Driver"],"picked":"SKIP","floor":18},{"not_picked":["Conserve Battery","Hologram+1","Steam Power+1"],"picked":"SKIP","floor":19},{"not_picked":["BootSequence","Darkness"],"picked":"Coolheaded","floor":21},{"not_picked":["Steam","Loop"],"picked":"Streamline","floor":22},{"not_picked":["Turbo","Chaos"],"picked":"Biased Cognition","floor":23},{"not_picked":["Rebound","Genetic Algorithm"],"picked":"Melter","floor":27},{"not_picked":["Storm","Stack","Fusion"],"picked":"SKIP","floor":28},{"not_picked":["Fission","Tempest"],"picked":"Chill","floor":30},{"not_picked":["Echo Form","Amplify"],"picked":"Biased Cognition","floor":33},{"not_picked":["Steam Power","Compile Driver","BootSequence+1"],"picked":"SKIP","floor":35},{"not_picked":["Heatsinks","Steam+1","Streamline"],"picked":"SKIP","floor":36},{"not_picked":["Mind Blast","Enlightenment"],"picked":"Dramatic Entrance","floor":38},{"not_picked":["HandOfGreed","Mind Blast"],"picked":"Trip","floor":38},{"not_picked":["Lockon+1","Conserve Battery+1"],"picked":"Redo+1","floor":40},{"not_picked":["hubris:Ukulele","Coolheaded","Conserve Battery+1"],"picked":"SKIP","floor":42},{"not_picked":["Rebound","Doom and Gloom"],"picked":"Chill+1","floor":44},{"not_picked":["Compile Driver","Go for the Eyes+1"],"picked":"Rip and Tear+1","floor":45},{"not_picked":["Go for the Eyes","Leap"],"picked":"Aggregate+1","floor":46},{"not_picked":["Leap","hubris:Prefetch","Undo"],"picked":"SKIP","floor":47},{"not_picked":["Stack","Rebound+1"],"picked":"Streamline+1","floor":54}],"player_experience":188798,"relics_obtained":[{"floor":8,"key":"Sundial"},{"floor":9,"key":"Bronze Scales"},{"floor":10,"key":"Strawberry"},{"floor":23,"key":"hubris:TenFootPole"},{"floor":26,"key":"hubris:GlazedTorus"},{"floor":30,"key":"Bag of Preparation"},{"floor":40,"key":"PreservedInsect"},{"floor":46,"key":"TheSimpletonMod:PicklingJar"},{"floor":54,"key":"reliquary:TuningFork"}],"event_choices":[{"cards_removed":["Strike_B"],"damage_healed":0,"gold_gain":0,"player_choice":"Card Removal","damage_taken":7,"max_hp_gain":0,"max_hp_loss":0,"event_name":"Golden Wing","floor":5,"gold_loss":0},{"damage_healed":20,"gold_gain":0,"player_choice":"Healed","damage_taken":0,"max_hp_gain":0,"max_hp_loss":0,"event_name":"The Cleric","floor":13,"gold_loss":35},{"damage_healed":0,"gold_gain":0,"cards_transformed":["Strike_B"],"player_choice":"Transformed","damage_taken":0,"max_hp_gain":0,"max_hp_loss":0,"event_name":"Transmorgrifier","floor":24,"gold_loss":0,"cards_obtained":["aspiration:Polymerization"]},{"damage_healed":0,"gold_gain":3,"player_choice":"1","damage_taken":0,"max_hp_gain":0,"max_hp_loss":0,"event_name":"betterStone:BetterStone","floor":38,"gold_loss":0},{"cards_removed":["Dramatic Entrance"],"damage_healed":0,"gold_gain":0,"player_choice":"Took Card","damage_taken":0,"max_hp_gain":0,"max_hp_loss":0,"event_name":"NoteForYourself","floor":39,"gold_loss":0,"cards_obtained":["Iron Wave"]}],"is_beta":false,"boss_relics":[{"not_picked":["Coffee Dripper","hubris:BlackHole"],"picked":"thethorton:BottledFunds"},{"not_picked":["reliquary:Craggleroot","Snecko Eye"],"picked":"reliquary:RedCape"}],"items_purged_floors":[25,37],"is_endless":false,"potions_floor_spawned":[2,8,10,14,16,18,21,23,27,28,36,45,47],"killed_by":"The Heart","ascension_level":0}}