{"host":"4epvxsx6d4oxmc67","time":1613233477,"event":{"mods":["AchievementEnabler","BaseMod","Colored Map","Highlight Path","Minty Spire (QoL Compilation)"],"gold_per_floor":[362,362,378,394,409,149,184,255,280,280,310,385,385,443,443,443,443],"floor_reached":16,"language":"ENG","playtime":723,"items_purged":["Strike_R"],"score":180,"play_id":"5a2a5d7c-ac0d-48c3-840a-f2a7fd7bca96","local_time":"20210213162437","is_ascension_mode":true,"campfire_choices":[{"data":"HandOfGreed","floor":10.0,"key":"SMITH"},{"floor":13.0,"key":"REST"},{"data":"Exhume","floor":15.0,"key":"SMITH"}],"circlet_count":0,"master_deck":["Strike_R","Strike_R","Strike_R","Strike_R","Defend_R","Defend_R","Defend_R","Defend_R","Bash","Inflame","Whirlwind","Carnage","Exhume+1","HandOfGreed+1","Bloodletting","True Grit","Pummel"],"relics":["Burning Blood","Spirit Poop","Juzu Bracelet","PreservedInsect","Bag of Preparation","Bronze Scales"],"acts_visited":["Exordium"],"potions_floor_usage":[],"damage_taken":[{"damage":6.0,"enemies":"2 Louse","floor":1.0,"turns":4.0},{"damage":1.0,"enemies":"Cultist","floor":3.0,"turns":4.0},{"damage":5.0,"enemies":"Small Slimes","floor":4.0,"turns":4.0},{"damage":11.0,"enemies":"Looter","floor":5.0,"turns":2.0},{"damage":10.0,"enemies":"Gremlin Gang","floor":7.0,"turns":3.0},{"damage":45.0,"enemies":"3 Sentries","floor":8.0,"turns":6.0},{"damage":20.0,"enemies":"Lagavulin","floor":11.0,"turns":4.0},{"damage":3.0,"enemies":"Gremlin Nob","floor":14.0,"turns":2.0},{"damage":53,"enemies":"Hexaghost","floor":16,"turns":9}],"seed_played":"5193315938700261502","potions_obtained":[{"floor":4.0,"key":"SteroidPotion"},{"floor":5.0,"key":"Strength Potion"},{"floor":7.0,"key":"BloodPotion"},{"floor":8.0,"key":"Energy Potion"}],"is_trial":false,"path_per_floor":["M","?","M","M","M","$","M","E","T","R","E","?","R","E","R","B"],"character_chosen":"IRONCLAD","items_purchased":["HandOfGreed"],"campfire_rested":1,"item_purchase_floors":[6],"current_hp_per_floor":[80,80,80,80,75,75,71,32,32,32,34,23,47,50,50,0,0],"gold":443,"neow_bonus":"TWO_FIFTY_GOLD","is_daily":false,"chose_seed":false,"campfire_upgraded":2,"win_rate":0.0,"timestamp":1613233477,"path_taken":["M","?","M","M","?","$","M","E","T","R","E","?","R","E","R","BOSS"],"items_purchased_type":["Card"],"build_version":"2020-12-22","purchased_purges":1,"victory":false,"max_hp_per_floor":[80,80,80,80,80,80,80,80,80,80,80,80,80,80,80,80,80],"card_choices":[{"not_picked":["Havoc","Hemokinesis"],"picked":"Inflame","floor":1.0},{"not_picked":["Flex","Rupture"],"picked":"Whirlwind","floor":3.0},{"not_picked":["Dropkick","Twin Strike"],"picked":"Carnage","floor":4.0},{"not_picked":["Heavy Blade","Evolve"],"picked":"Exhume","floor":5.0},{"not_picked":["Heavy Blade","Feel No Pain"],"picked":"Bloodletting","floor":7.0},{"not_picked":["Headbutt","Heavy Blade"],"picked":"True Grit","floor":8.0},{"not_picked":["Twin Strike","Clash"],"picked":"Pummel","floor":11.0},{"not_picked":["Entrench","Perfected Strike","True Grit"],"picked":"SKIP","floor":14.0}],"player_experience":110986,"relics_obtained":[{"floor":8.0,"key":"Juzu Bracelet"},{"floor":9.0,"key":"PreservedInsect"},{"floor":11.0,"key":"Bag of Preparation"},{"floor":14.0,"key":"Bronze Scales"}],"event_choices":[{"cards_removed":["Decay"],"damage_healed":0.0,"max_hp_gain":0.0,"max_hp_loss":0.0,"gold_gain":0.0,"event_name":"Bonfire Elementals","player_choice":"Offered Curse","floor":2.0,"gold_loss":0.0,"damage_taken":0.0,"relics_obtained":["Spirit Poop"]},{"damage_healed":0.0,"max_hp_gain":0.0,"max_hp_loss":0.0,"gold_gain":75.0,"event_name":"World of Goop","player_choice":"Gather Gold","floor":12.0,"gold_loss":0.0,"damage_taken":11.0}],"is_beta":false,"boss_relics":[],"items_purged_floors":[6],"is_endless":false,"potions_floor_spawned":[4,5,7,8],"killed_by":"Hexaghost","ascension_level":5}}