{"host":"l2onoeb0kdqo1a9y","time":1613181167,"event":{"mods":["AchievementEnabler","BaseMod","Colored Powertips","Highlight Path","Minty Spire (QoL Compilation)","Quick Restart"],"gold_per_floor":[119,119,138,190,42,42,71,86,111,111,125,139,153,167,167,265,265,265,265,190,105,105,105,105,105,105,105,105,105,105,105,105,105,105,105,0,0,0,0,0,0,0,0,0,0,0,0,0,0,0,0],"floor_reached":50,"language":"ZHS","playtime":1552,"items_purged":[],"score":619,"play_id":"bf4f2121-3843-43bd-a038-d2ecdd763b77","local_time":"20210213095247","is_ascension_mode":false,"campfire_choices":[{"data":"Armaments","floor":6.0,"key":"SMITH"},{"data":"Feed","floor":15.0,"key":"SMITH"},{"floor":25.0,"key":"REST"},{"floor":29,"key":"RECALL"},{"data":"Limit Break","floor":32,"key":"SMITH"},{"floor":41,"key":"REST"},{"floor":49,"key":"REST"}],"circlet_count":0,"master_deck":["Strike_R","Strike_R","Strike_R","Defend_R","Defend_R","Defend_R","Defend_R","Bash","Armaments+1","Clash","Feed+1","Inflame","Flex","Battle Trance","Flex","Spot Weakness","Limit Break+1","Spot Weakness","Pummel+1","Cleave","Reaper","Clash","Infernal Blade","Rampage+1"],"relics":["Burning Blood","NeowsBlessing","Anchor","Question Card","Art of War","Ectoplasm","Lantern","Nunchaku","Meat on the Bone","Strawberry","Gremlin Horn","Fusion Hammer","Red Mask","Calipers","Omamori","Bird Faced Urn","Potion Belt"],"acts_visited":["Exordium","TheCity","TheBeyond"],"potions_floor_usage":[27,33,33,35,39,42,44,50,50],"damage_taken":[{"damage":0.0,"enemies":"Jaw Worm","floor":1.0,"turns":1.0},{"damage":0.0,"enemies":"Cultist","floor":3.0,"turns":1.0},{"damage":0.0,"enemies":"Lagavulin","floor":7.0,"turns":1.0},{"damage":0.0,"enemies":"2 Louse","floor":8.0,"turns":2.0},{"damage":0.0,"enemies":"Large Slime","floor":11.0,"turns":3.0},{"damage":0.0,"enemies":"Looter","floor":12.0,"turns":3.0},{"damage":9.0,"enemies":"2 Fungi Beasts","floor":13.0,"turns":3.0},{"damage":12.0,"enemies":"Blue Slaver","floor":14.0,"turns":3.0},{"damage":64.0,"enemies":"The Guardian","floor":16.0,"turns":11.0},{"damage":22.0,"enemies":"Spheric Guardian","floor":18.0,"turns":4.0},{"damage":33.0,"enemies":"3 Byrds","floor":19.0,"turns":5.0},{"damage":7.0,"enemies":"Centurion and Healer","floor":22.0,"turns":3.0},{"damage":22.0,"enemies":"Gremlin Leader","floor":23.0,"turns":6.0},{"damage":15,"enemies":"Slavers","floor":27,"turns":5},{"damage":39,"enemies":"Snecko","floor":30,"turns":6},{"damage":0,"enemies":"Snake Plant","floor":31,"turns":3},{"damage":45,"enemies":"Collector","floor":33,"turns":8},{"damage":0,"enemies":"Orb Walker","floor":35,"turns":2},{"damage":29,"enemies":"3 Shapes","floor":37,"turns":3},{"damage":50,"enemies":"Writhing Mass","floor":38,"turns":5},{"damage":49,"enemies":"2 Orb Walkers","floor":39,"turns":5},{"damage":26,"enemies":"Sphere and 2 Shapes","floor":40,"turns":5},{"damage":90,"enemies":"Nemesis","floor":42,"turns":5},{"damage":48,"enemies":"Giant Head","floor":44,"turns":7},{"damage":9,"enemies":"3 Darklings","floor":47,"turns":5},{"damage":155,"enemies":"Time Eater","floor":50,"turns":9}],"seed_played":"-8607176447333491572","potions_obtained":[{"floor":3.0,"key":"Explosive Potion"},{"floor":7.0,"key":"Block Potion"},{"floor":12.0,"key":"Ancient Potion"},{"floor":19.0,"key":"DistilledChaos"},{"floor":22.0,"key":"BlessingOfTheForge"},{"floor":30,"key":"Weak Potion"},{"floor":33,"key":"EntropicBrew"},{"floor":35,"key":"LiquidBronze"},{"floor":40,"key":"LiquidMemories"},{"floor":42,"key":"Block Potion"}],"is_trial":false,"path_per_floor":["M","?","M","T","$","R","E","M","T","?","M","M","M","M","R","B",null,"M","M","?","?","M","E","?","R","T","E","T","R","M","M","R","B",null,"M","?","M","M","?","M","R","E","T","E","?","$","M","?","R","B"],"character_chosen":"IRONCLAD","items_purchased":["Feed"],"campfire_rested":3,"item_purchase_floors":[5],"current_hp_per_floor":[80,80,80,80,80,80,83,86,86,79,88,92,92,86,86,28,95,79,52,52,52,55,43,22,54,54,68,68,68,47,65,65,38,119,119,119,100,70,69,80,118,79,79,51,51,51,70,127,127,0,0],"gold":0,"neow_bonus":"THREE_ENEMY_KILL","is_daily":false,"chose_seed":false,"campfire_upgraded":3,"win_rate":0.0,"timestamp":1613181167,"path_taken":["M","?","?","?","$","R","E","M","T","?","M","M","M","M","R","BOSS","M","M","?","?","M","E","?","R","T","E","?","R","M","M","R","BOSS","M","?","M","M","?","M","R","E","T","E","?","?","?","?","R","BOSS"],"items_purchased_type":["Card"],"build_version":"2020-12-22","purchased_purges":0,"victory":false,"max_hp_per_floor":[80,80,80,80,80,80,83,86,86,86,89,92,95,95,95,95,95,95,95,95,95,99,103,108,108,108,119,119,119,119,119,119,119,119,119,119,123,123,127,127,127,127,127,127,127,127,127,127,127,127,127],"card_choices":[{"not_picked":["Wild Strike","True Grit"],"picked":"Armaments","floor":1.0},{"not_picked":["Infernal Blade","Disarm"],"picked":"Clash","floor":3.0},{"not_picked":["Headbutt","Pommel Strike"],"picked":"Inflame","floor":7.0},{"not_picked":["Infernal Blade","Uppercut","Sword Boomerang"],"picked":"Flex","floor":8.0},{"not_picked":["Feel No Pain","Bludgeon","True Grit"],"picked":"Battle Trance","floor":11.0},{"not_picked":["Havoc","Body Slam","Combust","Hemokinesis"],"picked":"SKIP","floor":12.0},{"not_picked":["True Grit","Wild Strike","Headbutt"],"picked":"Flex","floor":13.0},{"not_picked":["Headbutt","Shrug It Off","Pommel Strike"],"picked":"Spot Weakness","floor":14.0},{"not_picked":["Corruption","Impervious","Juggernaut"],"picked":"Limit Break","floor":16.0},{"not_picked":["True Grit","Headbutt+1","Clothesline"],"picked":"Spot Weakness","floor":18.0},{"not_picked":["Twin Strike","Dark Embrace","Flex+1","Armaments"],"picked":"SKIP","floor":19.0},{"not_picked":["Bloodletting","Burning Pact+1","Sword Boomerang+1","Flex"],"picked":"SKIP","floor":22.0},{"not_picked":["Berserk","Pommel Strike","True Grit+1","Combust"],"picked":"SKIP","floor":23.0},{"not_picked":["Feel No Pain+1","Combust+1","Pummel+1","Havoc"],"picked":"SKIP","floor":27},{"not_picked":["Feel No Pain+1","Combust+1","Havoc"],"picked":"Pummel+1","floor":27},{"not_picked":["Headbutt+1","Combust","Evolve","Thunderclap"],"picked":"SKIP","floor":30},{"not_picked":["Havoc","Body Slam","Perfected Strike+1"],"picked":"Cleave","floor":31},{"not_picked":["Bludgeon","Corruption","Impervious"],"picked":"Reaper","floor":33},{"not_picked":["Flex","Body Slam","Shrug It Off+1","Sword Boomerang"],"picked":"SKIP","floor":35},{"not_picked":["Entrench+1","Thunderclap","Warcry"],"picked":"Clash","floor":37},{"not_picked":["Perfected Strike+1","Clothesline+1","Cleave","Clash+1"],"picked":"SKIP","floor":38},{"not_picked":["Thunderclap+1","Blood for Blood","Clothesline+1","Pommel Strike+1"],"picked":"SKIP","floor":40},{"not_picked":["Sentinel","Sever Soul","Shrug It Off+1"],"picked":"Infernal Blade","floor":42},{"not_picked":["Perfected Strike","Inflame+1","Carnage+1","Juggernaut"],"picked":"SKIP","floor":44},{"not_picked":["Inflame","Clothesline","Thunderclap+1"],"picked":"Rampage+1","floor":47}],"player_experience":139886,"relics_obtained":[{"floor":2.0,"key":"Anchor"},{"floor":7.0,"key":"Question Card"},{"floor":9.0,"key":"Art of War"},{"floor":23.0,"key":"Nunchaku"},{"floor":26.0,"key":"Meat on the Bone"},{"floor":27,"key":"Strawberry"},{"floor":28,"key":"Gremlin Horn"},{"floor":39,"key":"Calipers"},{"floor":42,"key":"Omamori"},{"floor":43,"key":"Bird Faced Urn"},{"floor":44,"key":"Potion Belt"}],"event_choices":[{"damage_healed":0.0,"max_hp_gain":0.0,"max_hp_loss":0.0,"gold_gain":0.0,"event_name":"Wheel of Change","player_choice":"Relic","floor":2.0,"gold_loss":0.0,"damage_taken":0.0},{"cards_removed":["Strike_R"],"damage_healed":0.0,"max_hp_gain":0.0,"max_hp_loss":0.0,"gold_gain":0.0,"event_name":"Golden Wing","player_choice":"Card Removal","floor":10.0,"gold_loss":0.0,"damage_taken":7.0},{"cards_removed":["Strike_R"],"damage_healed":0.0,"max_hp_gain":0.0,"max_hp_loss":0.0,"gold_gain":0.0,"event_name":"Beggar","player_choice":"Gave Gold","floor":20.0,"gold_loss":75.0,"damage_taken":0.0},{"damage_healed":0.0,"max_hp_gain":0.0,"max_hp_loss":0.0,"gold_gain":0.0,"event_name":"Addict","player_choice":"Obtained Relic","floor":21.0,"gold_loss":85.0,"damage_taken":0.0,"relics_obtained":["Lantern"]},{"damage_healed":0.0,"max_hp_gain":5.0,"max_hp_loss":0.0,"gold_gain":0.0,"event_name":"Forgotten Altar","player_choice":"Shed Blood","floor":24.0,"gold_loss":0.0,"damage_taken":26.0},{"damage_healed":0,"gold_gain":0,"player_choice":"Paid","damage_taken":0,"relics_obtained":["Red Mask"],"max_hp_gain":0,"max_hp_loss":0,"event_name":"Tomb of Lord Red Mask","floor":36,"gold_loss":105},{"damage_healed":0,"gold_gain":0,"player_choice":"Fight","damage_taken":0,"max_hp_gain":0,"max_hp_loss":0,"event_name":"Mysterious Sphere","floor":39,"gold_loss":0},{"damage_healed":0,"gold_gain":0,"player_choice":"Ignored","damage_taken":0,"max_hp_gain":0,"max_hp_loss":0,"event_name":"The Moai Head","floor":45,"gold_loss":0},{"damage_healed":57,"gold_gain":0,"player_choice":"Full Heal","damage_taken":0,"max_hp_gain":0,"max_hp_loss":0,"event_name":"Wheel of Change","floor":48,"gold_loss":0}],"is_beta":false,"boss_relics":[{"not_picked":["Astrolabe","Pandora\u0027s Box"],"picked":"Ectoplasm"},{"not_picked":["Black Star","Runic Dome"],"picked":"Fusion Hammer"}],"items_purged_floors":[],"is_endless":false,"potions_floor_spawned":[3,7,12,14,19,22,30,33,35,37,40,42],"killed_by":"Time Eater","ascension_level":0}}