{"host":"kn32u0f2pym5bozc","time":1613207916,"event":{"mods":["2.2 Compatiblity","BaseMod","Better Third Choice","Minty Spire (QoL Compilation)","Permanent Neow","Relic Stats","StSLib","The Animator"],"gold_per_floor":[22,42,42,54,129,129,156,167,167,167,180,180,180,195,195,290,290,290,290,290,290,205,205,205],"floor_reached":23,"language":"ENG","playtime":1683,"items_purged":[],"score":293,"play_id":"b78edcba-8748-4510-b644-3d9acea307bf","local_time":"20210213041836","is_ascension_mode":true,"campfire_choices":[{"data":"animator:Kuroyukihime","floor":6.0,"key":"SMITH"},{"data":"animator:Shigure","floor":10.0,"key":"SMITH"},{"data":"animator:Fredrika","floor":12.0,"key":"SMITH"},{"floor":15.0,"key":"REST"}],"circlet_count":0,"master_deck":["AscendersBane","animator:Strike_AccelWorld+1","animator:Defend_AccelWorld","animator:Strike","animator:Strike","animator:Strike","animator:Defend","animator:Defend","animator:Defend","animator:Kuroyukihime+1","animator:LimeBell","animator:HarukoHaruhara+1","animator:Shigure+1","animator:Guy","animator:Gillette","animator:Fredrika+1","animator:Shuna","animator:FielNirvalen","animator:UneriGinkaku","animator:Hans","animator:Viivi","animator:AcuraShin","animator:GuildGirl","animator:TukaLunaMarceau"],"relics":["animator:LivingPicture","animator:TheMissingPiece","animator:PurgingStone","animator:Buoy","Bird Faced Urn","Ectoplasm","animator:OldCoffin"],"acts_visited":["Exordium","TheCity"],"potions_floor_usage":[],"damage_taken":[{"damage":6.0,"enemies":"Cultist","floor":1.0,"turns":5.0},{"damage":0.0,"enemies":"Small Slimes","floor":2.0,"turns":3.0},{"damage":2.0,"enemies":"Jaw Worm","floor":4.0,"turns":5.0},{"damage":5.0,"enemies":"Gremlin Nob","floor":7.0,"turns":4.0},{"damage":0.0,"enemies":"2 Fungi Beasts","floor":8.0,"turns":4.0},{"damage":0.0,"enemies":"Looter","floor":11.0,"turns":2.0},{"damage":7.0,"enemies":"Exordium Thugs","floor":14.0,"turns":5.0},{"damage":21.0,"enemies":"Slime Boss","floor":16.0,"turns":19.0},{"damage":13.0,"enemies":"Shell Parasite","floor":18.0,"turns":7.0},{"damage":1.0,"enemies":"3 Byrds","floor":19.0,"turns":3.0},{"damage":28.0,"enemies":"Snecko","floor":20.0,"turns":6.0},{"damage":15.0,"enemies":"Shelled Parasite and Fungi","floor":21.0,"turns":6.0},{"damage":19,"enemies":"Gremlin Leader","floor":23,"turns":5}],"seed_played":"5110814510370994464","potions_obtained":[{"floor":1.0,"key":"AttackPotion"},{"floor":11.0,"key":"SteroidPotion"},{"floor":14.0,"key":"Weak Potion"},{"floor":16.0,"key":"LiquidBronze"},{"floor":20.0,"key":"Explosive Potion"},{"floor":21.0,"key":"Ancient Potion"}],"is_trial":false,"path_per_floor":["M","M","?","M","?","R","E","M","T","R","M","R","?","M","R","B",null,"M","M","M","M","?","E"],"character_chosen":"THE_ANIMATOR","items_purchased":[],"campfire_rested":1,"item_purchase_floors":[],"current_hp_per_floor":[53,53,53,51,40,40,35,35,35,35,35,35,22,17,36,17,54,45,46,22,11,11,0,0],"gold":205,"neow_bonus":"RANDOM_COLORLESS_2","is_daily":false,"chose_seed":false,"campfire_upgraded":3,"win_rate":0.0,"timestamp":1613207916,"path_taken":["M","M","?","M","?","R","E","M","T","R","M","R","?","M","R","BOSS","M","M","M","M","?","E"],"items_purchased_type":[],"build_version":"2020-12-22","purchased_purges":0,"victory":false,"max_hp_per_floor":[66,66,66,66,66,66,66,66,66,66,66,66,66,66,66,66,66,66,66,66,66,66,66,66],"relic_stats":{"counters":[13,74],"Bird Faced Urn":[22],"Ectoplasm":85,"obtain_stats":[{"animator:Buoy":7,"animator:PurgingStone":0,"animator:TheMissingPiece":0,"Bird Faced Urn":9,"animator:LivingPicture":0,"Ectoplasm":17,"animator:OldCoffin":22},{"animator:Buoy":4,"animator:PurgingStone":0,"animator:TheMissingPiece":0,"Bird Faced Urn":5,"animator:LivingPicture":0,"Ectoplasm":8,"animator:OldCoffin":12},{"animator:Buoy":17,"animator:PurgingStone":0,"animator:TheMissingPiece":0,"Bird Faced Urn":21,"animator:LivingPicture":0,"Ectoplasm":47,"animator:OldCoffin":69}]},"card_choices":[{"not_picked":["animator:HououinKyouma","animator:KotoriKanbe"],"picked":"animator:HarukoHaruhara","floor":0.0},{"not_picked":["animator:Illya","animator:Kazuma"],"picked":"animator:Shigure","floor":1.0},{"not_picked":["animator:Yuuichirou","animator:Layla"],"picked":"animator:Guy","floor":2.0},{"not_picked":["animator:Mitsuba","animator:IzunaHatsuse"],"picked":"animator:Gillette","floor":4.0},{"not_picked":["animator:ChaikaBohdan","animator:Layla"],"picked":"animator:Fredrika","floor":7.0},{"not_picked":["animator:Alexander","animator:Togame"],"picked":"animator:Shuna","floor":8.0},{"not_picked":["animator:PandorasActor","animator:DolaStephanie"],"picked":"animator:FielNirvalen","floor":11.0},{"not_picked":["animator:Guy","animator:Shigure"],"picked":"animator:UneriGinkaku","floor":14.0},{"not_picked":["animator:Envy","animator:Rimuru"],"picked":"animator:Hans","floor":16.0},{"not_picked":["animator:ChaikaBohdan","animator:Gillette"],"picked":"animator:Viivi","floor":18.0},{"not_picked":["animator:MetalKnight","animator:Vesta"],"picked":"animator:AcuraShin","floor":19.0},{"not_picked":["animator:DolaRiku","animator:Guy"],"picked":"animator:GuildGirl","floor":20.0},{"not_picked":["animator:Hakurou","animator:SakuraMatou"],"picked":"animator:TukaLunaMarceau","floor":21.0}],"player_experience":938713,"relics_obtained":[{"floor":7.0,"key":"animator:Buoy"},{"floor":9.0,"key":"Bird Faced Urn"}],"event_choices":[{"damage_healed":0.0,"max_hp_gain":0.0,"max_hp_loss":0.0,"gold_gain":0.0,"event_name":"The Cleric","player_choice":"Leave","floor":3.0,"gold_loss":0.0,"damage_taken":0.0},{"damage_healed":0.0,"max_hp_gain":0.0,"max_hp_loss":0.0,"gold_gain":75.0,"event_name":"betterThird:BetterGoop","player_choice":"Gold","floor":5.0,"gold_loss":0.0,"damage_taken":11.0},{"damage_healed":35.0,"max_hp_gain":0.0,"max_hp_loss":66.0,"gold_gain":0.0,"event_name":"betterThird:BetterShining","player_choice":"Upgrade","floor":13.0,"gold_loss":0.0,"damage_taken":13.0,"cards_upgraded":["animator:HarukoHaruhara","animator:Strike_AccelWorld"]},{"damage_healed":0.0,"max_hp_gain":0.0,"max_hp_loss":0.0,"gold_gain":0.0,"event_name":"Addict","player_choice":"Obtained Relic","floor":22.0,"gold_loss":85.0,"damage_taken":0.0,"relics_obtained":["animator:OldCoffin"]}],"is_beta":false,"boss_relics":[{"not_picked":["animator:CursedBlade","Tiny House"],"picked":"Ectoplasm"}],"items_purged_floors":[],"is_endless":false,"potions_floor_spawned":[1,11,14,16,20,21],"killed_by":"Gremlin Leader","ascension_level":10}}