{"host":"shmk44587bh2ifwv","time":1613254646,"event":{"mods":["BaseMod","DeckTracker","Minty Spire (QoL Compilation)","StSLib","SuperFastMode"],"gold_per_floor":[115,215,229,70,87,87,99,99,99,130,130,163,113,19,19,19,19],"floor_reached":16,"language":"ENG","playtime":677,"items_purged":["Strike_G"],"score":124,"play_id":"254e38d8-f4a3-45fe-8032-9207c84f0eb0","local_time":"20210213221726","is_ascension_mode":true,"campfire_choices":[{"data":"Footwork","floor":6,"key":"SMITH"},{"data":"Crippling Poison","floor":8,"key":"SMITH"},{"data":"Deadly Poison","floor":15,"key":"SMITH"}],"circlet_count":0,"master_deck":["Strike_G","Strike_G","Strike_G","Defend_G","Defend_G","Defend_G","Defend_G","Survivor","Neutralize","Deflect","Crippling Poison+1","Footwork+1","Poisoned Stab","All Out Attack","Dagger Throw","Deadly Poison+1","Quick Slash","Deflect"],"relics":["Ring of the Snake","Bottled Flame","Bag of Preparation","Matryoshka"],"acts_visited":["Exordium"],"potions_floor_usage":[10,10,16],"damage_taken":[{"damage":3,"enemies":"2 Louse","floor":1,"turns":4},{"damage":5,"enemies":"Cultist","floor":3,"turns":4},{"damage":1,"enemies":"Small Slimes","floor":5,"turns":4},{"damage":3,"enemies":"Exordium Wildlife","floor":7,"turns":3},{"damage":14,"enemies":"3 Sentries","floor":10,"turns":7},{"damage":8,"enemies":"Lagavulin","floor":12,"turns":6},{"damage":43,"enemies":"Slime Boss","floor":16,"turns":9}],"seed_played":"4126174388263012213","potions_obtained":[{"floor":3,"key":"Ancient Potion"},{"floor":5,"key":"Poison Potion"},{"floor":12,"key":"Explosive Potion"}],"is_trial":false,"path_per_floor":["M","?","M","$","M","R","M","R","T","E","?","E","?","$","R","B"],"character_chosen":"THE_SILENT","items_purchased":["Footwork","Poisoned Stab","Quick Slash","Deflect"],"campfire_rested":0,"item_purchase_floors":[4,4,14,14],"current_hp_per_floor":[74,74,69,69,68,68,65,65,65,51,51,43,43,43,43,0,0],"gold":19,"neow_bonus":"TEN_PERCENT_HP_BONUS","is_daily":false,"chose_seed":false,"campfire_upgraded":3,"win_rate":0.0,"timestamp":1613254646,"path_taken":["M","?","M","$","M","R","?","R","T","E","?","E","?","$","R","BOSS"],"items_purchased_type":["Card","Card","Card","Card"],"build_version":"2020-12-22","purchased_purges":1,"victory":false,"max_hp_per_floor":[77,77,77,77,77,77,77,77,77,77,77,77,77,77,77,77,77],"card_choices":[{"not_picked":["Flying Knee","Blade Dance"],"picked":"Deflect","floor":1},{"not_picked":["Underhanded Strike","Slice"],"picked":"Crippling Poison","floor":3},{"not_picked":["Expertise","Flying Knee"],"picked":"All Out Attack","floor":5},{"not_picked":["Sucker Punch","Cloak And Dagger"],"picked":"Dagger Throw","floor":7},{"not_picked":["Cloak And Dagger","A Thousand Cuts","Distraction"],"picked":"SKIP","floor":10},{"not_picked":["Endless Agony","Bouncing Flask"],"picked":"Deadly Poison","floor":12}],"player_experience":194381,"relics_obtained":[{"floor":9,"key":"Bottled Flame"},{"floor":10,"key":"Bag of Preparation"},{"floor":12,"key":"Matryoshka"}],"event_choices":[{"damage_healed":0,"gold_gain":100,"player_choice":"Pray","damage_taken":0,"max_hp_gain":0,"max_hp_loss":0,"event_name":"Golden Shrine","floor":2,"gold_loss":0},{"cards_removed":["Strike_G"],"damage_healed":0,"gold_gain":0,"player_choice":"Forget","damage_taken":0,"max_hp_gain":0,"max_hp_loss":0,"event_name":"Living Wall","floor":11,"gold_loss":0},{"cards_removed":["Defend_G"],"damage_healed":0,"gold_gain":0,"player_choice":"Card Removal","damage_taken":0,"max_hp_gain":0,"max_hp_loss":0,"event_name":"The Cleric","floor":13,"gold_loss":50}],"is_beta":false,"boss_relics":[],"items_purged_floors":[4],"is_endless":false,"potions_floor_spawned":[3,5,12],"killed_by":"Slime Boss","ascension_level":3}}