{"host":"d85gwtocd8go8gx0","time":1613246174,"event":{"mods":["AchievementEnabler","BaseMod","Better Altar","Better Skull","Better Third Choice","Block Reminder","Colored Powertips","Curses Come First","Dark Map","Filter the Spire","Highlight Path","Minty Spire (QoL Compilation)","Permanent Neow","Quick Restart","Shop Mod","StSLib","SuperFastMode","UnlockEverythingMod"],"gold_per_floor":[112,112,124,142,160,193,217,182,182,210,210,238,238,251,251,328,328,347,272,111,130,144,144,144,144],"floor_reached":24,"language":"ENG","playtime":806,"items_purged":["Strike_R"],"score":432,"play_id":"383ff2c9-3682-4e95-b03d-4387242330f5","local_time":"20210213115614","is_ascension_mode":true,"campfire_choices":[{"data":"Bash","floor":11,"key":"SMITH"},{"data":"Clothesline","floor":13,"key":"SMITH"},{"floor":15,"key":"REST"},{"floor":23,"key":"REST"}],"circlet_count":0,"master_deck":["AscendersBane","Strike_R","Strike_R","Strike_R","Defend_R","Defend_R","Defend_R","Defend_R","Bash+1","Wild Strike","Clothesline+1","Cleave","Shockwave","Fire Breathing","Inflame","Reckless Charge","Wild Strike","Disarm","Feed","Flame Barrier","Wild Strike","Pommel Strike","Anger","Armaments"],"relics":["Burning Blood","TungstenRod","Pen Nib","Odd Mushroom","Paper Frog","InkBottle","Peace Pipe","Mark of Pain"],"acts_visited":["Exordium","TheCity"],"potions_floor_usage":[16,21,22],"damage_taken":[{"damage":5,"enemies":"Cultist","floor":1,"turns":3},{"damage":1,"enemies":"2 Louse","floor":3,"turns":3},{"damage":6,"enemies":"Small Slimes","floor":4,"turns":3},{"damage":6,"enemies":"Exordium Wildlife","floor":5,"turns":3},{"damage":22,"enemies":"3 Sentries","floor":6,"turns":6},{"damage":16,"enemies":"The Mushroom Lair","floor":7,"turns":4},{"damage":23,"enemies":"Gremlin Nob","floor":10,"turns":4},{"damage":23,"enemies":"Lagavulin","floor":12,"turns":6},{"damage":8,"enemies":"Exordium Thugs","floor":14,"turns":3},{"damage":37,"enemies":"The Guardian","floor":16,"turns":10},{"damage":13,"enemies":"Shell Parasite","floor":18,"turns":3},{"damage":29,"enemies":"2 Thieves","floor":21,"turns":5},{"damage":22,"enemies":"Sentry and Sphere","floor":22,"turns":4},{"damage":30,"enemies":"3 Cultists","floor":24,"turns":4}],"seed_played":"6723685293157658356","potions_obtained":[{"floor":3,"key":"HeartOfIron"},{"floor":4,"key":"LiquidMemories"},{"floor":21,"key":"FearPotion"}],"is_trial":false,"path_per_floor":["M","$","M","M","M","E","?","?","T","E","R","E","R","M","R","B",null,"M","?","$","M","M","R","M"],"character_chosen":"IRONCLAD","items_purchased":["Wild Strike","Pommel Strike"],"campfire_rested":2,"item_purchase_floors":[20,20],"current_hp_per_floor":[68,68,68,68,68,52,42,59,59,42,42,25,25,23,43,12,54,47,47,47,24,8,28,0,0],"gold":144,"neow_bonus":"ONE_RARE_RELIC","is_daily":false,"chose_seed":false,"campfire_upgraded":2,"win_rate":0.0,"timestamp":1613246174,"path_taken":["M","$","?","M","M","E","?","?","T","E","R","E","R","M","R","BOSS","M","?","$","M","M","R","M"],"items_purchased_type":["Card","Card"],"build_version":"2020-12-22","purchased_purges":1,"victory":false,"max_hp_per_floor":[68,68,68,68,68,68,68,68,68,68,68,68,68,68,68,68,68,68,68,68,68,68,68,68,68],"card_choices":[{"not_picked":["Flex","Searing Blow"],"picked":"Wild Strike","floor":1},{"not_picked":["True Grit","Dark Embrace"],"picked":"Clothesline","floor":3},{"not_picked":["Thunderclap","Anger"],"picked":"Cleave","floor":4},{"not_picked":["Clash","Rage"],"picked":"Shockwave","floor":5},{"not_picked":["Seeing Red","Feel No Pain"],"picked":"Fire Breathing","floor":6},{"not_picked":["Havoc","Double Tap"],"picked":"Inflame","floor":7},{"not_picked":["Warcry","Flex"],"picked":"Reckless Charge","floor":10},{"not_picked":["Iron Wave","Shrug It Off"],"picked":"Wild Strike","floor":12},{"not_picked":["Dropkick","Shockwave"],"picked":"Disarm","floor":14},{"not_picked":["Demon Form","Berserk"],"picked":"Feed","floor":16},{"not_picked":["Battle Trance","Anger"],"picked":"Flame Barrier","floor":18},{"not_picked":["Armaments","Warcry"],"picked":"Anger","floor":21},{"not_picked":["Whirlwind","Feel No Pain"],"picked":"Armaments","floor":22}],"player_experience":53834,"relics_obtained":[{"floor":6,"key":"Pen Nib"},{"floor":7,"key":"Odd Mushroom"},{"floor":9,"key":"Paper Frog"},{"floor":10,"key":"InkBottle"},{"floor":12,"key":"Peace Pipe"}],"event_choices":[{"damage_healed":0,"gold_gain":0,"player_choice":"Fought Mushrooms","damage_taken":0,"max_hp_gain":0,"max_hp_loss":0,"event_name":"Mushrooms","floor":7,"gold_loss":0},{"damage_healed":17,"gold_gain":0,"player_choice":"Healed","damage_taken":0,"max_hp_gain":0,"max_hp_loss":0,"event_name":"The Cleric","floor":8,"gold_loss":35},{"cards_removed":["Strike_R"],"damage_healed":0,"gold_gain":0,"player_choice":"Gave Gold","damage_taken":0,"max_hp_gain":0,"max_hp_loss":0,"event_name":"Beggar","floor":19,"gold_loss":75}],"is_beta":false,"boss_relics":[{"not_picked":["SacredBark","Runic Cube"],"picked":"Mark of Pain"}],"items_purged_floors":[20],"is_endless":false,"potions_floor_spawned":[3,4,6,12,14,21],"killed_by":"3 Cultists","ascension_level":20}}