{"host":"3zmssa4s99zhxek5","time":1613182802,"event":{"mods":["AchievementEnabler","BaseMod","Minty Spire (QoL Compilation)","Permanent Neow","Relic Stats"],"gold_per_floor":[109,109,122,102,117,117,153,153,153,78,114,149,161,193,205,307,319,346,358,370,406,439,451,309,329,379,379,379,402,416,416,416,505,505,518,518,549,549,549],"floor_reached":38,"language":"KOR","playtime":1997,"items_purged":["Strike_R","Strike_R"],"score":968,"play_id":"b9a57925-6239-433c-a5f6-dd3fb485e62d","local_time":"20210213112002","is_ascension_mode":true,"campfire_choices":[{"data":"Bludgeon","floor":6.0,"key":"SMITH"},{"data":"Bash","floor":8.0,"key":"SMITH"},{"data":"Feed","floor":13.0,"key":"SMITH"},{"data":"Infernal Blade","floor":15.0,"key":"SMITH"},{"data":"Rage","floor":23.0,"key":"SMITH"},{"data":"Seeing Red","floor":27.0,"key":"SMITH"},{"data":"Body Slam","floor":32,"key":"SMITH"}],"circlet_count":0,"master_deck":["AscendersBane","Strike_R","Strike_R","Defend_R","Defend_R","Bash+1","Infernal Blade+1","Thunderclap","Pommel Strike","Feed+1","Fiend Fire","Rage+1","Intimidate","Body Slam+1","Seeing Red+1","Flex","Seeing Red","Ghostly","Ghostly","Ghostly","Berserk","Anger","Madness","Madness","Body Slam+1"],"relics":["Burning Blood","Golden Idol","Unceasing Top","Blue Candle","MawBank","Coffee Dripper","Red Skull","Nilry\u0027s Codex","Bag of Preparation","Empty Cage","Turnip"],"acts_visited":["Exordium","TheCity","TheBeyond"],"potions_floor_usage":[33,38],"damage_taken":[{"damage":4.0,"enemies":"Jaw Worm","floor":1.0,"turns":3.0},{"damage":10.0,"enemies":"Small Slimes","floor":3.0,"turns":3.0},{"damage":1.0,"enemies":"Cultist","floor":5.0,"turns":3.0},{"damage":25.0,"enemies":"3 Sentries","floor":7.0,"turns":7.0},{"damage":11.0,"enemies":"Gremlin Nob","floor":11.0,"turns":3.0},{"damage":12.0,"enemies":"Exordium Wildlife","floor":12.0,"turns":3.0},{"damage":12.0,"enemies":"Looter","floor":14.0,"turns":4.0},{"damage":0.0,"enemies":"Slime Boss","floor":16.0,"turns":5.0},{"damage":7.0,"enemies":"Chosen","floor":18.0,"turns":3.0},{"damage":19.0,"enemies":"3 Byrds","floor":21.0,"turns":5.0},{"damage":1.0,"enemies":"Centurion and Healer","floor":22.0,"turns":4.0},{"damage":41.0,"enemies":"Chosen and Byrds","floor":25.0,"turns":7.0},{"damage":18.0,"enemies":"Cultist and Chosen","floor":29.0,"turns":4.0},{"damage":14,"enemies":"Centurion and Healer","floor":30,"turns":3},{"damage":0,"enemies":"Champ","floor":33,"turns":6},{"damage":1,"enemies":"Orb Walker","floor":35,"turns":4},{"damage":13,"enemies":"Mind Bloom Boss Battle","floor":37,"turns":5},{"damage":29,"enemies":"3 Shapes","floor":38,"turns":6}],"seed_played":"-7745608851774408325","potions_obtained":[{"floor":3.0,"key":"AttackPotion"},{"floor":4.0,"key":"Swift Potion"},{"floor":5.0,"key":"SpeedPotion"},{"floor":21.0,"key":"BlessingOfTheForge"},{"floor":22.0,"key":"Regen Potion"},{"floor":25.0,"key":"ElixirPotion"}],"is_trial":false,"path_per_floor":["M","?","M","?","M","R","E","R","T","$","E","M","R","M","R","B",null,"M","T","?","M","M","R","$","M","T","R","?","M","M","?","R","B",null,"M","?","?","M"],"character_chosen":"IRONCLAD","items_purchased":["Body Slam"],"campfire_rested":0,"item_purchase_floors":[24],"current_hp_per_floor":[52,52,48,48,53,53,34,34,34,34,29,23,23,21,21,31,65,64,64,43,34,43,43,43,27,27,27,27,15,7,7,7,13,36,41,33,26,0,0],"gold":549,"neow_bonus":"TRANSFORM_TWO_CARDS","is_daily":false,"chose_seed":false,"campfire_upgraded":7,"win_rate":0.0,"timestamp":1613182802,"path_taken":["M","?","M","?","M","R","E","R","T","$","E","M","R","M","R","BOSS","M","?","?","M","M","R","$","M","T","R","?","?","M","?","R","BOSS","M","?","?","M"],"items_purchased_type":["Card"],"build_version":"2020-12-22","purchased_purges":2,"victory":false,"max_hp_per_floor":[75,68,68,68,68,68,68,68,68,68,68,68,68,72,72,76,76,76,76,76,80,84,84,84,88,88,88,88,88,88,44,44,44,44,44,44,44,44,44],"relic_stats":{"counters":[18,78],"Golden Idol":103,"Blue Candle":[2],"Turnip":[0],"Bag of Preparation":[12],"MawBank":156,"obtain_stats":[{"Golden Idol":2,"Nilry\u0027s Codex":20,"Blue Candle":9,"Turnip":37,"Coffee Dripper":17,"Bag of Preparation":26,"MawBank":11,"Empty Cage":34,"Burning Blood":0,"Unceasing Top":7,"Red Skull":19},{"Golden Idol":1,"Nilry\u0027s Codex":9,"Blue Candle":4,"Turnip":17,"Coffee Dripper":8,"Bag of Preparation":12,"MawBank":5,"Empty Cage":15,"Burning Blood":0,"Unceasing Top":4,"Red Skull":9},{"Golden Idol":3,"Nilry\u0027s Codex":34,"Blue Candle":16,"Turnip":72,"Coffee Dripper":31,"Bag of Preparation":50,"MawBank":19,"Empty Cage":63,"Burning Blood":0,"Unceasing Top":16,"Red Skull":34}],"Burning Blood":102,"Unceasing Top":[57]},"card_choices":[{"not_picked":["Entrench","Sever Soul"],"picked":"Thunderclap","floor":1.0},{"not_picked":["Thunderclap","Perfected Strike","Pommel Strike"],"picked":"SKIP","floor":3.0},{"not_picked":["Thunderclap","Perfected Strike"],"picked":"Pommel Strike","floor":3.0},{"not_picked":["Pommel Strike","Havoc","Clash"],"picked":"SKIP","floor":5.0},{"not_picked":["Iron Wave","Cleave","Warcry"],"picked":"SKIP","floor":7.0},{"not_picked":["Twin Strike","Havoc","Iron Wave"],"picked":"SKIP","floor":11.0},{"not_picked":["Dual Wield","Armaments"],"picked":"Feed","floor":12.0},{"not_picked":["Carnage","Ghostly Armor","Pommel Strike"],"picked":"SKIP","floor":14.0},{"not_picked":["Immolate","Reaper"],"picked":"Fiend Fire","floor":16.0},{"not_picked":["Intimidate","Heavy Blade"],"picked":"Rage","floor":18.0},{"not_picked":["Sword Boomerang","Blood for Blood"],"picked":"Intimidate","floor":21.0},{"not_picked":["Searing Blow","Infernal Blade+1","Rupture"],"picked":"SKIP","floor":22.0},{"not_picked":["True Grit+1","Perfected Strike"],"picked":"Seeing Red","floor":25.0},{"not_picked":["Burning Pact","Heavy Blade"],"picked":"Flex","floor":29.0},{"not_picked":["Perfected Strike","Havoc"],"picked":"Seeing Red","floor":30},{"not_picked":["Brutality","Reaper"],"picked":"Berserk","floor":33},{"not_picked":["Blood for Blood","Thunderclap+1"],"picked":"Anger","floor":35},{"not_picked":["Flex","Armaments"],"picked":"Body Slam+1","floor":37}],"player_experience":1620260,"relics_obtained":[{"floor":7.0,"key":"Unceasing Top"},{"floor":9.0,"key":"Blue Candle"},{"floor":11.0,"key":"MawBank"},{"floor":19.0,"key":"Red Skull"},{"floor":20.0,"key":"Nilry\u0027s Codex"},{"floor":26.0,"key":"Bag of Preparation"},{"floor":37,"key":"Turnip"}],"event_choices":[{"damage_healed":0.0,"max_hp_gain":0.0,"max_hp_loss":7.0,"gold_gain":0.0,"event_name":"Golden Idol","player_choice":"Lose Max HP","floor":2.0,"gold_loss":0.0,"damage_taken":0.0,"relics_obtained":["Golden Idol"]},{"damage_healed":0.0,"max_hp_gain":0.0,"max_hp_loss":0.0,"gold_gain":0.0,"event_name":"The Woman in Blue","player_choice":"Bought 1 Potion","floor":4.0,"gold_loss":0.0,"damage_taken":0.0},{"damage_healed":0.0,"max_hp_gain":0.0,"max_hp_loss":0.0,"gold_gain":0.0,"event_name":"Cursed Tome","player_choice":"Obtained Book","floor":20.0,"gold_loss":0.0,"damage_taken":21.0},{"damage_healed":0.0,"max_hp_gain":0.0,"max_hp_loss":0.0,"gold_gain":0.0,"event_name":"The Mausoleum","player_choice":"Ignored","floor":28.0,"gold_loss":0.0,"damage_taken":0.0},{"damage_healed":0,"gold_gain":0,"player_choice":"Became a Ghost","damage_taken":0,"max_hp_gain":0,"max_hp_loss":44,"event_name":"Ghosts","floor":31,"gold_loss":0,"cards_obtained":["Ghostly","Ghostly","Ghostly"]},{"damage_healed":0,"gold_gain":0,"player_choice":"Embrace Madness","damage_taken":8,"max_hp_gain":0,"max_hp_loss":0,"event_name":"Winding Halls","floor":36,"gold_loss":0,"cards_obtained":["Madness","Madness"]},{"damage_healed":0,"gold_gain":0,"player_choice":"Fight","damage_taken":0,"max_hp_gain":0,"max_hp_loss":0,"event_name":"MindBloom","floor":37,"gold_loss":0}],"is_beta":false,"boss_relics":[{"not_picked":["Calling Bell","Busted Crown"],"picked":"Coffee Dripper"},{"not_picked":["Black Star","Runic Dome"],"picked":"Empty Cage"}],"items_purged_floors":[10,24],"is_endless":false,"potions_floor_spawned":[3,5,21,22,25],"killed_by":"3 Shapes","ascension_level":20}}