{"host":"jaargy6ddac3k57q","time":1613231420,"event":{"mods":["BaseMod","Minty Spire (QoL Compilation)","Quick Restart","StSLib","The Cursed","The Servant 0.9.4"],"gold_per_floor":[116,291,139,155,105,130,130,156,225,251,284,284,330,365,365,461,461,476,113,113,113,63,95,95,108,134,168,168,168,168,168,168,272,272,283,333,283,233,233,233,268,288,288,333,187,218,218,68,68,167,167,184,134,309,384,384,384,259,287,335,367,400,157,157,187,187,286,286,304,321,208,208,168,198,223,252,280,156,156,187,187,201,201,303,303,314,329,604,638,363,363,396,396,422,422,454,382,396,282,282,386,386,386],"floor_reached":102,"language":"ZHS","playtime":3570,"items_purged":["Doubt","Rewind","ShatteredReality","Duplication","Defy","Collapse+1","Doubt","MurderousAura+1","Regret"],"score":2746,"play_id":"18386143-24b1-4daf-8c44-6616d829d144","local_time":"20210213235020","daily_mods":["SealedDeck","Heirloom","Time Dilation","Flight","Elite Swarm","Lethality"],"is_ascension_mode":false,"campfire_choices":[{"data":"Moonlight","floor":7,"key":"SMITH"},{"data":"Rearm","floor":12,"key":"SMITH"},{"data":"BottledTime","floor":15,"key":"SMITH"},{"floor":28,"key":"REST"},{"floor":30,"key":"REST"},{"data":"Defy","floor":32,"key":"PURGE"},{"data":"Starlight+1","floor":40,"key":"PURGE"},{"floor":49,"key":"REST"},{"floor":57,"key":"REST"},{"data":"MurderousAura+1","floor":66,"key":"PURGE"},{"floor":79,"key":"REST"},{"floor":83,"key":"REST"},{"floor":91,"key":"REST"},{"floor":93,"key":"REST"},{"data":"FloweringNight+1","floor":100,"key":"PURGE"}],"circlet_count":0,"master_deck":["Rearm+1","Moonlight+1","SpecialFormula+1","KillingDoll+1","Solidify+1","Duplication+1","TheWorld+1","SilverBlades+1","SilverBlades+1","Rearm+1","SpecialFormula","KillingDoll"],"relics":["Uniform","Ice Cream","Smiling Mask","Whetstone","Kunai","Mercury Hourglass","Darkstone Periapt","Vajra","Bottled Lightning","Black Star","Membership Card","Frozen Egg 2","Boot","Unceasing Top","Happy Flower","FossilizedHelix","Calipers","Peace Pipe","Fusion Hammer","Gambling Chip","Ornamental Fan","Lantern","Shuriken","Mango","War Paint","Oddly Smooth Stone","Orichalcum","Sling","Tiny Chest","Astrolabe","Anchor","Regal Pillow","Matryoshka","Orrery","Busted Crown","Pen Nib","DollysMirror","Runic Dome","Nunchaku","Dream Catcher","Medical Kit","Akabeko","Lee\u0027s Waffle","Philosopher\u0027s Stone"],"acts_visited":["Exordium","TheCity","TheBeyond","Exordium","TheCity","TheBeyond","Exordium"],"potions_floor_usage":[10,27,33,50,50,50,67,67,84,86,101],"damage_taken":[{"damage":0,"enemies":"Small Slimes","floor":1,"turns":1},{"damage":1,"enemies":"2 Louse","floor":4,"turns":2},{"damage":21,"enemies":"Lagavulin","floor":6,"turns":3},{"damage":0,"enemies":"Gremlin Nob","floor":8,"turns":2},{"damage":0,"enemies":"3 Sentries","floor":10,"turns":2},{"damage":0,"enemies":"Gremlin Nob","floor":11,"turns":2},{"damage":0,"enemies":"3 Sentries","floor":14,"turns":1},{"damage":36,"enemies":"Hexaghost","floor":16,"turns":4},{"damage":8,"enemies":"Chosen","floor":18,"turns":2},{"damage":0,"enemies":"Gremlin Leader","floor":23,"turns":2},{"damage":0,"enemies":"3 Byrds","floor":25,"turns":1},{"damage":46,"enemies":"Slavers","floor":27,"turns":2},{"damage":10,"enemies":"Automaton","floor":33,"turns":4},{"damage":0,"enemies":"3 Darklings","floor":35,"turns":1},{"damage":0,"enemies":"Mind Bloom Boss Battle","floor":36,"turns":2},{"damage":16,"enemies":"Giant Head","floor":41,"turns":5},{"damage":0,"enemies":"3 Shapes","floor":42,"turns":1},{"damage":0,"enemies":"2 Orb Walkers","floor":44,"turns":1},{"damage":0,"enemies":"Reptomancer","floor":46,"turns":2},{"damage":78,"enemies":"Awakened One","floor":50,"turns":7},{"damage":0,"enemies":"Small Slimes","floor":52,"turns":1},{"damage":0,"enemies":"Gremlin Nob","floor":59,"turns":1},{"damage":0,"enemies":"Lagavulin","floor":61,"turns":2},{"damage":0,"enemies":"Gremlin Nob","floor":62,"turns":1},{"damage":0,"enemies":"3 Sentries","floor":65,"turns":2},{"damage":70,"enemies":"Hexaghost","floor":67,"turns":3},{"damage":0,"enemies":"3 Byrds","floor":69,"turns":1},{"damage":0,"enemies":"Shell Parasite","floor":70,"turns":1},{"damage":0,"enemies":"Slavers","floor":74,"turns":1},{"damage":0,"enemies":"Book of Stabbing","floor":75,"turns":1},{"damage":0,"enemies":"Slavers","floor":76,"turns":1},{"damage":22,"enemies":"Book of Stabbing","floor":77,"turns":2},{"damage":0,"enemies":"Slavers","floor":80,"turns":1},{"damage":0,"enemies":"Snecko","floor":82,"turns":1},{"damage":0,"enemies":"Collector","floor":84,"turns":2},{"damage":0,"enemies":"3 Darklings","floor":86,"turns":1},{"damage":0,"enemies":"Orb Walker","floor":87,"turns":1},{"damage":0,"enemies":"Nemesis","floor":89,"turns":1},{"damage":0,"enemies":"Giant Head","floor":92,"turns":1},{"damage":0,"enemies":"Reptomancer","floor":94,"turns":1},{"damage":0,"enemies":"Giant Head","floor":96,"turns":1},{"damage":0,"enemies":"3 Darklings","floor":98,"turns":1},{"damage":0,"enemies":"Time Eater","floor":101,"turns":2}],"seed_played":"-6406276412762211439","potions_obtained":[{"floor":8,"key":"Weak Potion"},{"floor":14,"key":"AttackPotion"},{"floor":16,"key":"EssenceOfSteel"},{"floor":27,"key":"Energy Potion"},{"floor":42,"key":"Block Potion"},{"floor":44,"key":"AttackPotion"},{"floor":50,"key":"EssenceOfSteel"},{"floor":52,"key":"Fire Potion"},{"floor":59,"key":"LiquidBronze"},{"floor":69,"key":"Ancient Potion"},{"floor":76,"key":"CultistPotion"},{"floor":80,"key":"BlessingOfTheForge"},{"floor":84,"key":"Block Potion"},{"floor":92,"key":"Energy Potion"},{"floor":98,"key":"DuplicationPotion"},{"floor":101,"key":"Energy Potion"}],"is_trial":true,"path_per_floor":["M","?","$","M","?","E","R","E","T","E","E","R","T","E","R","B",null,"M","$","?","?","$","E","?","M","T","E","R","T","R","?","R","B",null,"M","?","$","$","?","R","E","M","T","?","$","E","?","$","R","B",null,"M","$","?","?","?","R","$","E","T","E","E","$","?","E","R","B",null,"M","M","$","?","$","E","E","E","E","$","R","E","?","M","R","B",null,"M","M","?","E","$","R","E","R","E","?","E","$","M","$","R","B",null],"character_chosen":"THE_SERVANT","items_purchased":["Moonlight","Membership Card","Frozen Egg 2","SpecialFormula","KillingDoll","War Paint","Sling","Tiny Chest","Anchor","Matryoshka","SilverBlades+1","Orrery","Pen Nib","SilverBlades+1","SilverBlades+1","DollysMirror","Nunchaku","Dream Catcher","Medical Kit","Akabeko","Lee\u0027s Waffle","SpecialFormula"],"campfire_rested":8,"item_purchase_floors":[3,19,19,19,45,45,48,48,58,63,63,63,71,71,73,78,90,90,90,97,99,99],"current_hp_per_floor":[65,65,65,64,64,43,43,43,43,43,43,43,43,43,43,7,65,57,57,57,57,57,62,62,65,65,19,38,38,57,46,46,41,70,70,70,70,70,70,70,59,64,64,83,83,84,84,84,84,6,84,84,84,90,79,79,90,90,90,90,90,90,90,90,90,90,20,90,90,90,90,90,90,90,90,90,68,68,90,90,90,90,90,90,90,90,90,96,96,96,96,96,96,96,96,96,96,96,103,103,103,103,103],"gold":386,"neow_bonus":"","is_daily":false,"chose_seed":false,"campfire_upgraded":3,"win_rate":0.0,"timestamp":1613231420,"path_taken":["M","?","$","M","?","E","R","E","T","E","E","R","?","E","R","BOSS","M","$","?","?","$","E","?","?","T","E","R","?","R","?","R","BOSS","M","?","$","$","?","R","E","?","T","?","$","E","?","?","R","BOSS","M","$","?","?","?","R","$","E","T","E","?","$","?","E","R","BOSS","M","?","$","?","$","E","E","?","E","$","R","E","?","?","R","BOSS","M","M","?","?","$","R","E","R","E","?","E","$","?","$","R","BOSS"],"items_purchased_type":["Card","Relic","Relic","Card","Card","Relic","Relic","Relic","Relic","Relic","Card","Relic","Relic","Card","Card","Relic","Relic","Relic","Relic","Relic","Relic","Card"],"build_version":"2020-12-22","purchased_purges":9,"victory":false,"max_hp_per_floor":[65,65,65,65,65,65,65,65,65,65,65,65,65,65,65,65,65,65,65,65,65,65,65,65,65,65,65,65,65,65,70,70,70,70,70,70,70,70,70,70,70,70,70,84,84,84,84,84,84,84,84,84,84,90,90,90,90,90,90,90,90,90,90,90,90,90,90,90,90,90,90,90,90,90,90,90,90,90,90,90,90,90,90,90,90,90,90,96,96,96,96,96,96,96,96,96,96,96,103,103,103,103,103],"card_choices":[{"not_picked":["Misdirection","Rearm","Defy"],"picked":"SKIP","floor":1},{"not_picked":["Ricochet","Revamp"],"picked":"BottledTime","floor":4},{"not_picked":["LightFlow","Sunlight","ForgedInTime"],"picked":"SKIP","floor":6},{"not_picked":["MurderousAura","Dilation","ForgedInTime"],"picked":"SKIP","floor":8},{"not_picked":["ForgedInTime","FloweringNight","MurderousAura"],"picked":"SKIP","floor":10},{"not_picked":["Dilation","Duplication","FlawlessForm"],"picked":"SKIP","floor":11},{"not_picked":["FlawlessForm","ForgedInTime","TheWorld"],"picked":"SKIP","floor":14},{"not_picked":["Unruled","Replace"],"picked":"Starlight+1","floor":18},{"not_picked":["Dilation","Duplication","FloweringNight+1"],"picked":"SKIP","floor":23},{"not_picked":["Comet","Replace","Potential+1"],"picked":"SKIP","floor":25},{"not_picked":["PendulumOfEternity","FloweringNight+1","Sunlight"],"picked":"SKIP","floor":27},{"not_picked":["Starlight+1","Sabotage+1","SpecialFormula+1"],"picked":"SKIP","floor":35},{"not_picked":["Duplication","LightFlow","Sunlight"],"picked":"SKIP","floor":41},{"not_picked":["TimeWarp","DoubleEdge+1","Alleviate+1"],"picked":"SKIP","floor":42},{"not_picked":["Initiator","PendulumOfEternity"],"picked":"MurderousAura+1","floor":46},{"not_picked":["DualDimension","DoubleEdge","Shuttle"],"picked":"SKIP","floor":52},{"not_picked":["PendulumOfEternity","Solidify","FlawlessForm+1"],"picked":"SKIP","floor":59},{"not_picked":["FloweringNight+1","LightFlow"],"picked":"MurderousAura+1","floor":61},{"not_picked":["SoulSculpture","ForgedInTime"],"picked":"TheWorld","floor":62},{"not_picked":["ForgedInTime","FlawlessForm+1","PendulumOfEternity"],"picked":"SKIP","floor":65},{"not_picked":["LightFlow","PendulumOfEternity"],"picked":"FloweringNight+1","floor":67},{"not_picked":["Rewind"],"picked":"SKIP","floor":69},{"not_picked":["Snipe+1"],"picked":"SKIP","floor":70},{"not_picked":["FloweringNight+1"],"picked":"SKIP","floor":74},{"not_picked":["SoulSculpture"],"picked":"SKIP","floor":75},{"not_picked":["ForgedInTime"],"picked":"SKIP","floor":76},{"not_picked":["Deny"],"picked":"SKIP","floor":77},{"not_picked":["PendulumOfEternity"],"picked":"SKIP","floor":80},{"not_picked":["Potential+1"],"picked":"SKIP","floor":82},{"not_picked":["ShatteredReality+1"],"picked":"SKIP","floor":86},{"not_picked":["BestPractice+1"],"picked":"SKIP","floor":87},{"not_picked":["MurderousAura+1"],"picked":"SKIP","floor":89},{"not_picked":["Dilation"],"picked":"SKIP","floor":92},{"not_picked":["ForgedInTime"],"picked":"SKIP","floor":94},{"not_picked":["Sunlight"],"picked":"SKIP","floor":96},{"not_picked":["BottledTime"],"picked":"SKIP","floor":98},{"not_picked":[],"picked":"KillingDoll","floor":101}],"player_experience":18823,"relics_obtained":[{"floor":6,"key":"Smiling Mask"},{"floor":8,"key":"Whetstone"},{"floor":9,"key":"Kunai"},{"floor":10,"key":"Mercury Hourglass"},{"floor":11,"key":"Darkstone Periapt"},{"floor":13,"key":"Vajra"},{"floor":14,"key":"Bottled Lightning"},{"floor":23,"key":"Boot"},{"floor":23,"key":"Unceasing Top"},{"floor":26,"key":"Happy Flower"},{"floor":27,"key":"FossilizedHelix"},{"floor":27,"key":"Calipers"},{"floor":29,"key":"Peace Pipe"},{"floor":36,"key":"Gambling Chip"},{"floor":41,"key":"Ornamental Fan"},{"floor":41,"key":"Lantern"},{"floor":43,"key":"Shuriken"},{"floor":44,"key":"Mango"},{"floor":46,"key":"Oddly Smooth Stone"},{"floor":46,"key":"Orichalcum"},{"floor":60,"key":"Regal Pillow"}],"event_choices":[{"damage_healed":0,"gold_gain":175,"player_choice":"AGREE","damage_taken":0,"max_hp_gain":0,"max_hp_loss":0,"event_name":"Liars Game","floor":2,"gold_loss":0,"cards_obtained":["Doubt"]},{"cards_removed":["Ricochet"],"damage_healed":0,"gold_gain":0,"player_choice":"Card Removal","damage_taken":0,"max_hp_gain":0,"max_hp_loss":0,"event_name":"The Cleric","floor":5,"gold_loss":50},{"damage_healed":0,"gold_gain":0,"player_choice":"Ignored","damage_taken":0,"max_hp_gain":0,"max_hp_loss":0,"event_name":"Vampires","floor":20,"gold_loss":0},{"damage_healed":0,"gold_gain":0,"cards_transformed":["Snipe","Ricochet"],"player_choice":"Became Test Subject","damage_taken":0,"max_hp_gain":0,"max_hp_loss":0,"event_name":"Drug Dealer","floor":21,"gold_loss":0,"cards_obtained":["Duplication","ShatteredReality"]},{"damage_healed":0,"gold_gain":0,"player_choice":"Ignored","damage_taken":0,"max_hp_gain":0,"max_hp_loss":0,"event_name":"NoteForYourself","floor":24,"gold_loss":0},{"damage_healed":0,"gold_gain":0,"player_choice":"Shed Blood","damage_taken":16,"max_hp_gain":5,"max_hp_loss":0,"event_name":"Forgotten Altar","floor":31,"gold_loss":0},{"damage_healed":0,"gold_gain":0,"player_choice":"Fight","damage_taken":0,"max_hp_gain":0,"max_hp_loss":0,"event_name":"MindBloom","floor":36,"gold_loss":0},{"damage_healed":0,"gold_gain":0,"player_choice":"Forge","damage_taken":0,"max_hp_gain":0,"max_hp_loss":0,"event_name":"Accursed Blacksmith","floor":39,"gold_loss":0,"cards_upgraded":["BottledTime"]},{"damage_healed":0,"gold_gain":0,"player_choice":"Fight","damage_taken":0,"max_hp_gain":0,"max_hp_loss":0,"event_name":"Mysterious Sphere","floor":44,"gold_loss":0},{"damage_healed":0,"gold_gain":0,"player_choice":"Ignored","damage_taken":0,"max_hp_gain":0,"max_hp_loss":0,"event_name":"Tomb of Lord Red Mask","floor":47,"gold_loss":0},{"damage_healed":0,"gold_gain":175,"player_choice":"AGREE","damage_taken":0,"max_hp_gain":0,"max_hp_loss":0,"event_name":"Liars Game","floor":54,"gold_loss":0,"cards_obtained":["Doubt"]},{"damage_healed":0,"gold_gain":75,"player_choice":"Gather Gold","damage_taken":11,"max_hp_gain":0,"max_hp_loss":0,"event_name":"World of Goop","floor":55,"gold_loss":0},{"damage_healed":0,"gold_gain":0,"player_choice":"Grow","damage_taken":0,"max_hp_gain":0,"max_hp_loss":0,"event_name":"Living Wall","floor":56,"gold_loss":0,"cards_upgraded":["KillingDoll"]},{"cards_removed":["Ricochet"],"damage_healed":0,"gold_gain":0,"player_choice":"Purged","damage_taken":0,"max_hp_gain":0,"max_hp_loss":0,"event_name":"Purifier","floor":64,"gold_loss":0},{"damage_healed":0,"gold_gain":0,"player_choice":"Ignored","damage_taken":0,"max_hp_gain":0,"max_hp_loss":0,"event_name":"NoteForYourself","floor":72,"gold_loss":0},{"damage_healed":0,"gold_gain":0,"player_choice":"Forge","damage_taken":0,"max_hp_gain":0,"max_hp_loss":0,"event_name":"Accursed Blacksmith","floor":81,"gold_loss":0,"cards_upgraded":["TheWorld"]},{"damage_healed":0,"gold_gain":275,"player_choice":"Desecrate","damage_taken":0,"max_hp_gain":0,"max_hp_loss":0,"event_name":"Golden Shrine","floor":88,"gold_loss":0,"cards_obtained":["Regret"]},{"cards_removed":["SilverBlades"],"damage_healed":0,"gold_gain":0,"player_choice":"Removed Power","damage_taken":0,"max_hp_gain":0,"max_hp_loss":0,"event_name":"Falling","floor":95,"gold_loss":0}],"is_beta":false,"boss_relics":[{"not_picked":["StoneMask","Coffee Dripper"],"picked":"Black Star"},{"not_picked":["Cursed Key","Runic Pyramid"],"picked":"Fusion Hammer"},{"not_picked":["Empty Cage","Runic Dome"],"picked":"Astrolabe"},{"not_picked":["Tiny House","Snecko Eye"],"picked":"Busted Crown"},{"not_picked":["Empty Cage","Cursed Key"],"picked":"Runic Dome"},{"not_picked":["Velvet Choker","Runic Pyramid"],"picked":"Philosopher\u0027s Stone"}],"items_purged_floors":[3,19,22,37,38,53,58,78,90],"is_endless":true,"potions_floor_spawned":[8,14,16,27,42,44,50,52,59,62,69,76,80,84,92,94,98,101],"ascension_level":0}}