{"host":"u0qetpmu4y58k1tf","time":1613245556,"event":{"mods":["100% Spire Juice","AchievementEnabler","Act Like it!","BaseMod","CapriCore","Colored Map","Colored Powertips","Hermit","Koishi","Marisa£¨Ùöéë¡¡Øª×âÞÞ£©","Minty Spire (QoL Compilation)","Quick Restart","Reliquary","Replay The Spire","StSLib","Td1madao Mod","The Bug Knight","The Cursed","The Gatherer","The Hierophant","The Immortal","The Jungle","The Runesmith","WarShipGirlsR/??á´Ò³R mod"],"gold_per_floor":[118,36,56,56,70,97,172,172,198,224,235,235,235],"floor_reached":12,"language":"KOR","playtime":408,"items_purged":[],"score":78,"play_id":"f08e2f2c-b75c-4921-b6ee-7378df5187fd","local_time":"20210214044556","is_ascension_mode":false,"campfire_choices":[{"data":"rmod:wife","floor":8,"key":"SMITH"}],"circlet_count":0,"master_deck":["rmod:strick","rmod:strick","rmod:strick","rmod:defend","rmod:defend","rmod:defend","rmod:defend","rmod:basicallowance","rmod:maingunfire","rmod:robin","rmod:advancebysurprise","rmod:supportescort","rmod:wife+1","rmod:aviationdawn"],"relics":["rmod:firstchargereward","NeowsBlessing","Vajra","Tiny Chest","Odd Mushroom"],"acts_visited":["Exordium"],"potions_floor_usage":[10,12],"damage_taken":[{"damage":0,"enemies":"Cultist","floor":1,"turns":1},{"damage":0,"enemies":"Jaw Worm","floor":3,"turns":1},{"damage":0,"enemies":"Small Slimes","floor":5,"turns":1},{"damage":24,"enemies":"Gremlin Nob","floor":6,"turns":4},{"damage":4,"enemies":"The Mushroom Lair","floor":10,"turns":3},{"damage":1,"enemies":"2 Fungi Beasts","floor":11,"turns":3},{"damage":28,"enemies":"3 Sentries","floor":12,"turns":8}],"seed_played":"-3643568219594468179","potions_obtained":[{"floor":6,"key":"Strength Potion"},{"floor":10,"key":"SpeedPotion"},{"floor":11,"key":"Toxic Potion"}],"is_trial":false,"path_per_floor":["M","$","M","?","M","E","?","R","T","?","M","E"],"character_chosen":"PRAEFECT","items_purchased":["rmod:advancebysurprise"],"campfire_rested":0,"item_purchase_floors":[2],"current_hp_per_floor":[75,75,75,68,68,44,33,33,33,29,28,0,0],"gold":235,"neow_bonus":"THREE_ENEMY_KILL","is_daily":false,"chose_seed":false,"campfire_upgraded":1,"win_rate":0.0,"timestamp":1613245556,"path_taken":["M","$","?","?","M","E","?","R","T","?","M","E"],"items_purchased_type":["Card"],"build_version":"2020-12-22","purchased_purges":0,"victory":false,"max_hp_per_floor":[75,75,75,75,75,75,75,75,75,75,75,75,75],"card_choices":[{"not_picked":["rmod:tearstotiara","rmod:goodsister"],"picked":"rmod:robin","floor":1},{"not_picked":["rmod:firesupport","rmod:intelligenceanalysis"],"picked":"rmod:supportescort","floor":3},{"not_picked":["rmod:intelligenceanalysis","rmod:smokecover"],"picked":"rmod:wife","floor":5},{"not_picked":["rmod:fuelsupply","rmod:openingtorpedo"],"picked":"rmod:aviationdawn","floor":6},{"not_picked":["rmod:supportescort","rmod:generalist","rmod:combined"],"picked":"SKIP","floor":11}],"player_experience":125800,"relics_obtained":[{"floor":6,"key":"Vajra"},{"floor":9,"key":"Tiny Chest"},{"floor":10,"key":"Odd Mushroom"}],"event_choices":[{"cards_removed":["rmod:strick"],"damage_healed":0,"gold_gain":0,"player_choice":"Card Removal","damage_taken":7,"max_hp_gain":0,"max_hp_loss":0,"event_name":"Golden Wing","floor":4,"gold_loss":0},{"damage_healed":0,"gold_gain":75,"player_choice":"Gather Gold","damage_taken":11,"max_hp_gain":0,"max_hp_loss":0,"event_name":"World of Goop","floor":7,"gold_loss":0},{"damage_healed":0,"gold_gain":0,"player_choice":"Fought Mushrooms","damage_taken":0,"max_hp_gain":0,"max_hp_loss":0,"event_name":"Mushrooms","floor":10,"gold_loss":0}],"is_beta":false,"boss_relics":[],"items_purged_floors":[],"is_endless":false,"potions_floor_spawned":[6,10,11],"killed_by":"3 Sentries","ascension_level":0}}