{"host":"b0qfvoq9kq72bu69","time":1613195637,"event":{"mods":["BaseMod","Better Third Choice","Colored Map","Colored Powertips","DeckTracker","Ekko","Hermit","Jorbs\u0027s Wanderer Trilogy","Marisa????????","Minty Spire (QoL Compilation)","Potionbrewer","StSLib","The Cursed","The Disciple","The Gatherer","The Hierophant","The Mystic","The Runesmith","TheBandit"],"gold_per_floor":[115,132,132,84,84,115,115,33,88,108,120,132,132,152,152,152,152],"floor_reached":16,"language":"ENG","playtime":740,"items_purged":[],"score":102,"play_id":"ea161511-d288-47a8-9b0a-57778b9e4bd1","local_time":"20210212225357","is_ascension_mode":false,"campfire_choices":[{"data":"TheCursedMod:CursedShiv","floor":7,"key":"SMITH"},{"data":"TheCursedMod:ManaBullet","floor":13,"key":"SMITH"},{"data":"TheCursedMod:RapidMovement","floor":15,"key":"SMITH"}],"circlet_count":0,"master_deck":["TheCursedMod:Strike_TheCursed","TheCursedMod:Strike_TheCursed","TheCursedMod:Strike_TheCursed","TheCursedMod:Strike_TheCursed","TheCursedMod:Defend_TheCursed","TheCursedMod:Defend_TheCursed","TheCursedMod:Defend_TheCursed+1","TheCursedMod:Defend_TheCursed","TheCursedMod:CursedWand+1","TheCursedMod:CleanUpWorkshop+1","TheCursedMod:Dregs","TheCursedMod:CursedBoomerang","TheCursedMod:CursedShiv+1","TheCursedMod:DemonSword","TheCursedMod:ManaBullet+1","TheCursedMod:TroublousMinions","TheCursedMod:AshesToAshes","TheCursedMod:RapidMovement+1"],"relics":["TheCursedMod:BlackMagic101","betterThird:SlimedRelic","Juzu Bracelet","Lantern"],"acts_visited":["Exordium"],"potions_floor_usage":[],"damage_taken":[{"damage":2,"enemies":"Small Slimes","floor":1,"turns":4},{"damage":0,"enemies":"2 Louse","floor":2,"turns":2},{"damage":23,"enemies":"3 Sentries","floor":6,"turns":8},{"damage":0,"enemies":"Jaw Worm","floor":10,"turns":2},{"damage":3,"enemies":"Red Slaver","floor":11,"turns":4},{"damage":1,"enemies":"2 Fungi Beasts","floor":12,"turns":3},{"damage":0,"enemies":"Large Slime","floor":14,"turns":3},{"damage":39,"enemies":"Slime Boss","floor":16,"turns":7}],"seed_played":"-5773083020300856228","potions_obtained":[{"floor":1,"key":"potionbrewer:NoxiousPotion"},{"floor":6,"key":"Fire Potion"},{"floor":10,"key":"Block Potion"},{"floor":11,"key":"potionbrewer:AcidPotion"}],"is_trial":false,"path_per_floor":["M","M","?","?","?","E","R","$","T","M","M","M","R","M","R","B"],"character_chosen":"THE_CURSED","items_purchased":["TheCursedMod:ManaBullet"],"campfire_rested":0,"item_purchase_floors":[8],"current_hp_per_floor":[80,80,64,53,53,30,30,30,30,30,27,26,26,26,26,0,0],"gold":152,"neow_bonus":"TEN_PERCENT_HP_BONUS","is_daily":false,"chose_seed":false,"campfire_upgraded":3,"win_rate":0.0,"timestamp":1613195637,"path_taken":["M","M","?","?","?","E","R","$","T","M","M","M","R","M","R","BOSS"],"items_purchased_type":["Card"],"build_version":"2020-12-22","purchased_purges":0,"victory":false,"max_hp_per_floor":[82,82,82,82,82,82,82,82,82,82,82,82,82,82,82,82,82],"card_choices":[{"not_picked":["TheCursedMod:PrepareRite","TheCursedMod:Stigma"],"picked":"TheCursedMod:CursedBoomerang","floor":1},{"not_picked":["TheCursedMod:CircleOfFocus","TheCursedMod:Torture"],"picked":"TheCursedMod:CursedShiv","floor":2},{"not_picked":["TheCursedMod:Stigma","TheCursedMod:BloodBarrier"],"picked":"TheCursedMod:DemonSword","floor":6},{"not_picked":["TheCursedMod:TacticalStrike","TheCursedMod:ManaBullet"],"picked":"TheCursedMod:TroublousMinions","floor":10},{"not_picked":["TheCursedMod:WearCloak","TheCursedMod:CircleOfBlood"],"picked":"TheCursedMod:AshesToAshes","floor":11},{"not_picked":["TheCursedMod:CursedMace","TheCursedMod:CircleOfBlood","TheCursedMod:CursedShiv"],"picked":"SKIP","floor":12},{"not_picked":["TheCursedMod:Hemoplague","TheCursedMod:Mangle"],"picked":"TheCursedMod:RapidMovement","floor":14}],"player_experience":10048,"relics_obtained":[{"floor":6,"key":"Juzu Bracelet"},{"floor":9,"key":"Lantern"}],"event_choices":[{"damage_healed":80,"gold_gain":0,"player_choice":"Upgrade","damage_taken":16,"max_hp_gain":0,"max_hp_loss":82,"event_name":"betterThird:BetterShining","floor":3,"gold_loss":0,"cards_upgraded":["TheCursedMod:CursedWand","TheCursedMod:Defend_TheCursed"]},{"damage_healed":0,"gold_gain":0,"player_choice":"Slimed","damage_taken":11,"max_hp_gain":0,"max_hp_loss":0,"event_name":"betterThird:BetterGoop","floor":4,"gold_loss":48},{"damage_healed":0,"gold_gain":0,"player_choice":"Grow","damage_taken":0,"max_hp_gain":0,"max_hp_loss":0,"event_name":"Living Wall","floor":5,"gold_loss":0,"cards_upgraded":["TheCursedMod:CleanUpWorkshop"]}],"is_beta":false,"boss_relics":[],"items_purged_floors":[],"is_endless":false,"potions_floor_spawned":[1,6,10,11],"killed_by":"Slime Boss","ascension_level":0}}