{"host":"23qk1co0p3p8qz56","time":1613187947,"event":{"mods":["100% Spire Juice","AchievementEnabler","Act Like it!","Arknights","BaseMod","Better Note","Better Third Choice","BetterRewards","CapriCore","Chen","Colored Map","DNKmod","Downfall","Duelist Mod","Friendly Minions","Gensokyo","Gold Saver","Halation","KinomotoSakuraMod(ñÿîVñ{?)","Koishi","KomeijiMod","LagranYue(ùfäiòNÅEåé)","Lobotomy","LobotomyExtend","Mari Mod (Legacy)","Mari\u0027s V1 Patch","MarisaÅiñ∂âJÅ@ñÇóùçπÅj","Minty Spire (QoL Compilation)","MostiFishMod","Permanent Neow","Prisma Mod","Railgun Mod","ReimuÅiîé??öÎÅj","RemiliaÅiÂQïƒ‰ª?Åj","RumiaBox-òIïƒ?ìIê_îÈ·¥éq","StSLib","The Administrix","The Alterego","The Animator","The Gatherer","The Immortal","The Senshi","Waifu the Spire","WarShipGirlsR/??è≠èóR mod","Yakumo Yukari mod","Yohane!","Yuyuko"],"gold_per_floor":[10031,10044,10067,10084,10099,10099,10112,10112,10112,10112,10156,10156,10187,10201,10201,10301,10301,10315,10315,10315,10028,10047,10077,10077,10089,10089,10105,10125,10125,10125,10136,10136,10233,10233,10246,10264,9921,9921,9935,9935,9955,9955,9955,9955,9973,9973,10003,10020,10020,10020],"floor_reached":51,"language":"ENG","playtime":2662,"items_purged":[],"score":855,"play_id":"9181f9a7-e0ea-4108-9b1a-d2c3531d741a","local_time":"20210212204547","is_ascension_mode":false,"campfire_choices":[{"data":"animator:Shuna","floor":6.0,"key":"SMITH"},{"data":"animator:Shion","floor":8.0,"key":"SMITH"},{"data":"animator:Shizu","floor":15.0,"key":"SMITH"},{"data":"animator:GazelDwargon","floor":24.0,"key":"SMITH"},{"data":"animator:Saitama","floor":30.0,"key":"SMITH"},{"data":"animator:Souei","floor":32.0,"key":"SMITH"},{"data":"animator:Kaijin","floor":40,"key":"SMITH"},{"data":"animator:Vesta","floor":42,"key":"SMITH"},{"data":"animator:Shuna","floor":44,"key":"SMITH"},{"data":"animator:Shuna","floor":46,"key":"SMITH"},{"data":"animator:Shuna","floor":49,"key":"SMITH"}],"circlet_count":0,"master_deck":["animator:Strike_TenSura+1","animator:Defend_TenSura","animator:Strike","animator:Strike","animator:Strike","animator:Defend","animator:Defend","animator:Defend","animator:Benimaru","animator:Shuna+1","animator:Saitama+1","animator:Souei+1","animator:Kaijin+1","animator:Hakurou+1","animator:Shion+1","animator:Shizu+1","animator:Shuna+1","animator:Millim+2","animator:GazelDwargon+1","animator:Shuna+1","animator:Shuna+1","animator:Rimuru","animator:Hakurou","animator:Hakurou+1","animator:Shion","animator:Souei","animator:Benimaru","animator:Vesta+1","animator:Rimuru","animator:Vesta"],"relics":["animator:LivingPicture","animator:TheMissingPiece","MagicDraw3","halation:Toothbrush","Tea:ReiMu","animator:PurgingStone","LagranYue:RandomDrawCardRelic","MetatronsCube","SynthV:TestCard","LetterFromLob","GodSword6","NlothsMask","Incense Burner","Busted Crown","Nloth\u0027s Gift","Happy Flower","Whetstone","Potion Belt","MutagenicStrength","animator:CursedBlade","ImprovedEquipment","Bird Faced Urn","animator:HeavyHalberd","Orichalcum"],"acts_visited":["Exordium","TheCity","TheBeyond"],"potions_floor_usage":[41,41,50,50,50,50,50,50,50,50,50,50],"damage_taken":[{"damage":0.0,"enemies":"Cultist","floor":1.0,"turns":4.0},{"damage":0.0,"enemies":"ats:Genji","floor":2.0,"turns":2.0},{"damage":0.0,"enemies":"Jaw Worm","floor":3.0,"turns":3.0},{"damage":0.0,"enemies":"3 Louse","floor":4.0,"turns":2.0},{"damage":0.0,"enemies":"Looter","floor":5.0,"turns":2.0},{"damage":1.0,"enemies":"Exordium Thugs","floor":7.0,"turns":3.0},{"damage":0.0,"enemies":"Blue Slaver","floor":11.0,"turns":2.0},{"damage":0.0,"enemies":"Gremlin Nob","floor":13.0,"turns":2.0},{"damage":3.0,"enemies":"Red Slaver","floor":14.0,"turns":2.0},{"damage":237.0,"enemies":"Hexaghost","floor":16.0,"turns":4.0},{"damage":0.0,"enemies":"3 Byrds","floor":18.0,"turns":3.0},{"damage":11.0,"enemies":"2 Thieves","floor":22.0,"turns":3.0},{"damage":4.0,"enemies":"Book of Stabbing","floor":23.0,"turns":2.0},{"damage":0.0,"enemies":"Snake Plant","floor":25.0,"turns":2.0},{"damage":1.0,"enemies":"Centurion and Healer","floor":27.0,"turns":3.0},{"damage":5.0,"enemies":"Cultist and Chosen","floor":28.0,"turns":3.0},{"damage":0.0,"enemies":"Sentry and Sphere","floor":31.0,"turns":3.0},{"damage":0.0,"enemies":"Champ","floor":33.0,"turns":4.0},{"damage":0.0,"enemies":"Orb Walker","floor":35.0,"turns":2.0},{"damage":2.0,"enemies":"3 Shapes","floor":36.0,"turns":2.0},{"damage":0,"enemies":"Transient","floor":39,"turns":4},{"damage":0,"enemies":"4 Shapes","floor":41,"turns":2},{"damage":6,"enemies":"Sphere and 2 Shapes","floor":45,"turns":3},{"damage":5,"enemies":"Nemesis","floor":47,"turns":3},{"damage":0,"enemies":"Writhing Mass","floor":48,"turns":2},{"damage":21,"enemies":"Time Eater","floor":50,"turns":5}],"seed_played":"-4827758224269558285","potions_obtained":[{"floor":1.0,"key":"ColorlessPotion"},{"floor":7.0,"key":"JyouchiReiPotion"},{"floor":11.0,"key":"DuplicationPotion"},{"floor":16.0,"key":"sneckomod:MuddlingPotion"},{"floor":22.0,"key":"Slimebound:ThreeZeroPotion"},{"floor":27.0,"key":"DistilledChaos"},{"floor":28.0,"key":"Strength Potion"},{"floor":31.0,"key":"Swift Potion"},{"floor":36.0,"key":"CalmPotion"},{"floor":45,"key":"FearPotion"},{"floor":48,"key":"EntropicBrew"}],"is_trial":false,"path_per_floor":["M","M","M","M","M","R","M","R","T","E","M","?","E","M","R","B",null,"M","?","?","$","M","E","R","M","T","M","M","?","R","M","R","B",null,"M","M","$","?","M","R","M","R","T","R","M","R","E","M","R","B",null],"character_chosen":"THE_ANIMATOR","items_purchased":["Happy Flower","Whetstone","animator:Shion","animator:Souei","ImprovedEquipment"],"campfire_rested":0,"item_purchase_floors":[21,21,37,37,37],"current_hp_per_floor":[500,501,501,502,502,502,501,501,501,501,501,501,501,500,500,263,504,504,504,504,504,493,489,489,489,489,488,483,483,483,483,483,483,504,504,502,502,502,504,504,504,504,504,504,498,498,497,499,499,484],"gold":10020,"neow_bonus":"ONE_RANDOM_RARE_CARD","is_daily":false,"chose_seed":false,"campfire_upgraded":11,"win_rate":0.0,"timestamp":1613187947,"path_taken":["M","M","M","M","M","R","?","R","T","E","M","?","E","M","R","BOSS","M","?","?","$","M","E","R","M","T","M","M","?","R","M","R","BOSS","M","M","$","?","?","R","M","R","T","R","?","R","E","M","R","BOSS"],"items_purchased_type":["Relic","Relic","Card","Card","Relic"],"build_version":"2020-12-22","purchased_purges":0,"victory":true,"max_hp_per_floor":[500,501,501,502,502,502,502,502,502,502,502,502,502,504,504,504,504,504,504,504,504,504,504,504,504,504,504,504,504,504,504,504,504,504,504,504,504,504,504,504,504,504,504,504,504,504,504,504,504,504],"card_choices":[{"not_picked":["animator:TsurugaMeisai","animator:Kazuma"],"picked":"animator:Souei","floor":1.0},{"not_picked":["animator:CrowleyEusford","animator:CowGirl","animator:Mitsuba","animator:Viivi"],"picked":"animator:Kaijin","floor":2.0},{"not_picked":["animator:YaoHaDucy","animator:ZankiKiguchi","animator:Yuuichirou","animator:Laby"],"picked":"animator:Hakurou","floor":3.0},{"not_picked":["animator:GazelDwargon","animator:Vesta","animator:Benimaru","animator:Shuna"],"picked":"animator:Shion","floor":4.0},{"not_picked":["animator:Tet","animator:Witch","animator:Shinoa","animator:Mikaela","animator:KrulTepes"],"picked":"SKIP","floor":5.0},{"not_picked":["animator:Berserker","animator:Eve","animator:SakuraMatou","animator:AcuraTooru","animator:Witch"],"picked":"SKIP","floor":7.0},{"not_picked":["animator:Hakurou","animator:Shigure","animator:DolaStephanie","animator:Aisha"],"picked":"animator:Shizu","floor":11.0},{"not_picked":["animator:Souei","animator:Shion","animator:Benimaru","animator:Kaijin"],"picked":"animator:Shuna","floor":13.0},{"not_picked":["animator:Ain","animator:Witch","animator:Aisha","animator:Demiurge"],"picked":"animator:Millim","floor":14.0},{"not_picked":["animator:Ciel","animator:ChaikaTrabant","animator:Lu"],"picked":"SKIP","floor":18.0},{"not_picked":["animator:Evileye+1","animator:HighElfArcher","animator:Tet"],"picked":"SKIP","floor":22.0},{"not_picked":["animator:Benimaru","animator:Souei"],"picked":"animator:GazelDwargon","floor":23.0},{"not_picked":["animator:Rider","animator:YaoHaDucy"],"picked":"animator:Shuna","floor":25.0},{"not_picked":["animator:Demiurge+1","animator:Entoma"],"picked":"animator:Millim","floor":27.0},{"not_picked":["animator:Guren","animator:Shigure+1","animator:Alexander"],"picked":"SKIP","floor":28.0},{"not_picked":["animator:Souei","animator:GazelDwargon"],"picked":"animator:Shuna","floor":31.0},{"not_picked":["animator:ItamiYouji","animator:Albedo"],"picked":"animator:Rimuru","floor":33.0},{"not_picked":["animator:Aqua","animator:Rider"],"picked":"animator:Hakurou","floor":35.0},{"not_picked":["animator:PandorasActor","animator:Guy+1"],"picked":"animator:Hakurou+1","floor":36.0},{"not_picked":["animator:Hakurou+1","animator:Guy"],"picked":"animator:Benimaru","floor":39},{"not_picked":["animator:Millim","animator:Shuna"],"picked":"animator:Vesta","floor":41},{"not_picked":["animator:Shion","animator:Ciel"],"picked":"animator:Rimuru","floor":45},{"not_picked":["animator:Ainz","animator:GuildGirl"],"picked":"animator:Vesta","floor":47},{"not_picked":["animator:YaoHaDucy","animator:Ain+1","animator:GuildGirl+1"],"picked":"SKIP","floor":48}],"player_experience":192132,"relics_obtained":[{"floor":1.0,"key":"SynthV:TestCard"},{"floor":1.0,"key":"LetterFromLob"},{"floor":9.0,"key":"GodSword6"},{"floor":13.0,"key":"Incense Burner"},{"floor":23.0,"key":"Potion Belt"},{"floor":38,"key":"Bird Faced Urn"},{"floor":43,"key":"animator:HeavyHalberd"},{"floor":47,"key":"Orichalcum"}],"event_choices":[{"damage_healed":0.0,"max_hp_gain":0.0,"max_hp_loss":0.0,"gold_gain":0.0,"event_name":"FaceTrader","player_choice":"Trade","floor":12.0,"gold_loss":0.0,"damage_taken":0.0,"relics_obtained":["NlothsMask"]},{"damage_healed":0.0,"max_hp_gain":0.0,"max_hp_loss":0.0,"gold_gain":0.0,"event_name":"N\u0027loth","player_choice":"Traded Relic","floor":19.0,"relics_lost":["DaveBox"],"gold_loss":0.0,"damage_taken":0.0,"relics_obtained":["Nloth\u0027s Gift"]},{"damage_healed":0.0,"max_hp_gain":0.0,"max_hp_loss":0.0,"gold_gain":0.0,"event_name":"betterNote:BetterNote","player_choice":"Ignored","floor":20.0,"gold_loss":0.0,"damage_taken":0.0,"cards_obtained":["animator:Wiz"]},{"damage_healed":0.0,"max_hp_gain":0.0,"max_hp_loss":0.0,"gold_gain":0.0,"event_name":"Drug Dealer","player_choice":"Inject Mutagens","floor":29.0,"gold_loss":0.0,"damage_taken":0.0,"relics_obtained":["MutagenicStrength"]},{"damage_healed":0,"gold_gain":0,"player_choice":"Relic","damage_taken":0,"max_hp_gain":0,"max_hp_loss":0,"event_name":"Wheel of Change","floor":38,"gold_loss":0}],"is_beta":false,"boss_relics":[{"not_picked":["ExusiaiGun","PatriotShield"],"picked":"Busted Crown"},{"not_picked":["RhineCircuit","MoonlightInvasionPlan"],"picked":"animator:CursedBlade"}],"items_purged_floors":[],"is_endless":false,"potions_floor_spawned":[1,7,11,16,22,27,28,31,36,45,48],"ascension_level":0}}