{"host":"qgrlfjrqk9z96gfi","time":1613208629,"event":{"mods":["BaseMod","Block Reminder","Colored Map","Custom Start","DeckTracker","Minty Spire (QoL Compilation)"],"gold_per_floor":[117,117,14,26,26,57,107,107,107,107,117,129,157,157,157,228,228,245,245,261,92,104,137,137,163,188,188,188,2,17,67,67,67,67],"floor_reached":33,"language":"ENG","playtime":1028,"items_purged":["Strike_G","Strike_G+1"],"score":632,"play_id":"34fc4fa8-80ba-4dd7-824b-40e2fc2d2f6c","local_time":"20210212233029","is_ascension_mode":true,"campfire_choices":[{"data":"Eviscerate","floor":8,"key":"SMITH"},{"data":"Neutralize","floor":10,"key":"SMITH"},{"floor":15,"key":"REST"},{"floor":24,"key":"REST"},{"data":"Bullet Time","floor":28,"key":"SMITH"},{"data":"Finisher","floor":32,"key":"SMITH"}],"circlet_count":0,"master_deck":["AscendersBane","Strike_G+1","Strike_G+1","Strike_G+1","Defend_G+1","Defend_G+1","Defend_G+1","Defend_G+1","Defend_G+1","Survivor","Neutralize+1","Sucker Punch","Poisoned Stab","Malaise","Eviscerate+1","All Out Attack","Backflip","Bullet Time+1","Outmaneuver","Venomology","Backstab","Deflect+1","Finisher+1"],"relics":["Ring of the Snake","NeowsBlessing","Nunchaku","Eternal Feather","StrikeDummy","Pocketwatch","Torii","Cursed Key","Omamori","Pear","Ginger"],"acts_visited":["Exordium","TheCity"],"potions_floor_usage":[13,16,16,22,23,23,25,33,33,33],"damage_taken":[{"damage":0,"enemies":"Cultist","floor":1,"turns":1},{"damage":0,"enemies":"2 Louse","floor":4,"turns":1},{"damage":0,"enemies":"Lagavulin","floor":6,"turns":1},{"damage":0,"enemies":"Jaw Worm","floor":11,"turns":3},{"damage":25,"enemies":"Exordium Thugs","floor":12,"turns":6},{"damage":1,"enemies":"Gremlin Nob","floor":13,"turns":3},{"damage":24,"enemies":"Slime Boss","floor":16,"turns":9},{"damage":13,"enemies":"2 Thieves","floor":18,"turns":5},{"damage":0,"enemies":"Chosen","floor":20,"turns":5},{"damage":20,"enemies":"Centurion and Healer","floor":22,"turns":7},{"damage":18,"enemies":"Slavers","floor":23,"turns":8},{"damage":3,"enemies":"Book of Stabbing","floor":25,"turns":6},{"damage":1,"enemies":"Shelled Parasite and Fungi","floor":30,"turns":6},{"damage":83,"enemies":"Champ","floor":33,"turns":13}],"seed_played":"7186593244110313559","potions_obtained":[{"floor":11,"key":"DuplicationPotion"},{"floor":12,"key":"Energy Potion"},{"floor":13,"key":"SkillPotion"},{"floor":18,"key":"SteroidPotion"},{"floor":20,"key":"Poison Potion"},{"floor":23,"key":"LiquidMemories"},{"floor":25,"key":"Energy Potion"}],"is_trial":false,"path_per_floor":["M","?","$","M","?","E","?","R","T","R","M","M","E","T","R","B",null,"M","?","M","$","M","E","R","E","T","?","R","$","M","?","R","B"],"character_chosen":"THE_SILENT","items_purchased":["Poisoned Stab","Omamori","Finisher"],"campfire_rested":2,"item_purchase_floors":[3,21,29],"current_hp_per_floor":[59,39,39,39,34,34,28,37,37,46,46,21,20,20,48,24,56,43,43,43,43,23,15,49,46,46,46,58,58,57,57,69,0,0],"gold":67,"neow_bonus":"THREE_ENEMY_KILL","is_daily":false,"chose_seed":false,"campfire_upgraded":4,"win_rate":0.0,"timestamp":1613208629,"path_taken":["M","?","$","M","?","E","?","R","T","R","M","?","E","?","R","BOSS","M","?","M","$","?","E","R","E","T","?","R","$","M","?","R","BOSS"],"items_purchased_type":["Card","Relic","Card"],"build_version":"2020-12-22","purchased_purges":2,"victory":false,"max_hp_per_floor":[66,66,66,66,66,66,66,66,66,66,66,66,66,66,66,66,66,66,66,66,66,66,76,76,76,76,76,76,76,76,76,76,76,76],"card_choices":[{"not_picked":["PiercingWail","Deflect"],"picked":"Sucker Punch","floor":1},{"not_picked":["Finisher","Flechettes"],"picked":"Malaise","floor":4},{"not_picked":["Well Laid Plans","Bane"],"picked":"Eviscerate","floor":6},{"not_picked":["Bane","Deflect"],"picked":"All Out Attack","floor":11},{"not_picked":["Sucker Punch","Flechettes","Dagger Spray"],"picked":"SKIP","floor":12},{"not_picked":["Choke","Acrobatics"],"picked":"Backflip","floor":13},{"not_picked":["A Thousand Cuts","Doppelganger"],"picked":"Bullet Time","floor":16},{"not_picked":["Bane","Deadly Poison"],"picked":"Outmaneuver","floor":18},{"not_picked":["PiercingWail","Slice"],"picked":"Venomology","floor":20},{"not_picked":["Blade Dance","Distraction"],"picked":"Backstab","floor":22},{"not_picked":["Flechettes","Blur","Escape Plan"],"picked":"SKIP","floor":23},{"not_picked":["Deadly Poison","Well Laid Plans"],"picked":"Deflect+1","floor":25},{"not_picked":["Quick Slash","Skewer","Acrobatics"],"picked":"SKIP","floor":30}],"player_experience":1131941,"relics_obtained":[{"floor":6,"key":"Eternal Feather"},{"floor":9,"key":"StrikeDummy"},{"floor":13,"key":"Pocketwatch"},{"floor":14,"key":"Torii"},{"floor":23,"key":"Pear"},{"floor":25,"key":"Ginger"}],"event_choices":[{"damage_healed":0,"gold_gain":0,"player_choice":"Entered Light","damage_taken":20,"max_hp_gain":0,"max_hp_loss":0,"event_name":"Shining Light","floor":2,"gold_loss":0,"cards_upgraded":["Strike_G","Defend_G"]},{"damage_healed":0,"gold_gain":0,"player_choice":"Success","damage_taken":5,"relics_obtained":["Nunchaku"],"max_hp_gain":0,"max_hp_loss":0,"event_name":"Scrap Ooze","floor":5,"gold_loss":0},{"damage_healed":0,"gold_gain":50,"player_choice":"Touch","damage_taken":6,"max_hp_gain":0,"max_hp_loss":0,"event_name":"FaceTrader","floor":7,"gold_loss":0},{"damage_healed":0,"gold_gain":0,"player_choice":"Ignored","damage_taken":0,"max_hp_gain":0,"max_hp_loss":0,"event_name":"N\u0027loth","floor":19,"gold_loss":0},{"damage_healed":0,"gold_gain":0,"player_choice":"Simplicity","damage_taken":0,"max_hp_gain":0,"max_hp_loss":0,"event_name":"Back to Basics","floor":27,"gold_loss":0,"cards_upgraded":["Strike_G","Strike_G","Strike_G","Defend_G","Defend_G","Defend_G","Defend_G"]},{"damage_healed":0,"gold_gain":50,"player_choice":"Stole From Cult","damage_taken":0,"max_hp_gain":0,"max_hp_loss":0,"event_name":"Nest","floor":31,"gold_loss":0}],"is_beta":false,"boss_relics":[{"not_picked":["Fusion Hammer","Calling Bell"],"picked":"Cursed Key"}],"items_purged_floors":[3,29],"is_endless":false,"potions_floor_spawned":[11,12,13,18,20,23,25],"killed_by":"Champ","ascension_level":20}}