{"host":"uv5ws9rdk87e8i5k","time":1613177068,"event":{"mods":["AchievementEnabler","BaseMod","Colored Map","Minty Spire (QoL Compilation)","Permanent Neow","Quick Restart","StSLib","SuperFastMode","The Necromancer"],"gold_per_floor":[17,36,47,147,163,163,189,200,200,229,6,24,50,84,84,84,84],"floor_reached":16,"language":"ENG","playtime":653,"items_purged":["Strike_R"],"score":195,"play_id":"0266771a-64d6-41dd-8c39-5fed5999a06e","local_time":"20210212184428","is_ascension_mode":true,"campfire_choices":[{"data":"Havoc","floor":6.0,"key":"SMITH"},{"floor":15.0,"key":"REST"}],"circlet_count":0,"master_deck":["AscendersBane","Strike_R","Strike_R","Strike_R","Strike_R","Defend_R","Defend_R","Defend_R","Defend_R","Bash","Battle Trance","Clothesline","Heavy Blade","Iron Wave","Havoc+1","Clothesline","Seeing Red","Clash","Uppercut","Cleave","Spot Weakness","Shockwave","Clothesline","Heavy Blade","Fiend Fire"],"relics":["Burning Blood","Prayer Wheel","MealTicket","Pear","Bottled Lightning","Odd Mushroom","Juzu Bracelet"],"acts_visited":["Exordium"],"potions_floor_usage":[],"damage_taken":[{"damage":8.0,"enemies":"Jaw Worm","floor":1.0,"turns":5.0},{"damage":0.0,"enemies":"Cultist","floor":2.0,"turns":3.0},{"damage":9.0,"enemies":"2 Louse","floor":3.0,"turns":3.0},{"damage":15.0,"enemies":"Exordium Thugs","floor":5.0,"turns":7.0},{"damage":40.0,"enemies":"3 Sentries","floor":7.0,"turns":10.0},{"damage":8.0,"enemies":"Large Slime","floor":8.0,"turns":6.0},{"damage":15.0,"enemies":"Lagavulin","floor":10.0,"turns":7.0},{"damage":3.0,"enemies":"Blue Slaver","floor":12.0,"turns":2.0},{"damage":13.0,"enemies":"The Mushroom Lair","floor":13.0,"turns":3.0},{"damage":27.0,"enemies":"3 Sentries","floor":14.0,"turns":4.0},{"damage":0,"enemies":"The Guardian","floor":16,"turns":1}],"seed_played":"-6056542123986458461","potions_obtained":[{"floor":2.0,"key":"SpeedPotion"},{"floor":5.0,"key":"Strength Potion"},{"floor":10.0,"key":"PowerPotion"}],"is_trial":false,"path_per_floor":["M","M","M","?","M","R","E","M","T","E","$","M","?","E","R","B"],"character_chosen":"IRONCLAD","items_purchased":["Spot Weakness","Shockwave"],"campfire_rested":1,"item_purchase_floors":[11,11],"current_hp_per_floor":[70,76,73,73,64,64,30,28,38,29,44,47,40,19,46,46,46],"gold":84,"neow_bonus":"ONE_RARE_RELIC","is_daily":false,"chose_seed":false,"campfire_upgraded":1,"win_rate":0.0,"timestamp":1613177068,"path_taken":["M","M","M","?","?","R","E","M","T","E","$","M","?","E","R","BOSS"],"items_purchased_type":["Card","Card"],"build_version":"2020-12-22","purchased_purges":1,"victory":false,"max_hp_per_floor":[80,80,80,80,80,80,80,80,90,90,90,90,90,90,90,90,90],"card_choices":[{"not_picked":["Headbutt","Twin Strike"],"picked":"Battle Trance","floor":1.0},{"not_picked":["Thunderclap","Evolve"],"picked":"Clothesline","floor":1.0},{"not_picked":["Perfected Strike","Carnage"],"picked":"Heavy Blade","floor":2.0},{"not_picked":["Dark Embrace","Warcry"],"picked":"Iron Wave","floor":2.0},{"not_picked":["Headbutt","Pommel Strike"],"picked":"Havoc","floor":3.0},{"not_picked":["Thunderclap","Searing Blow"],"picked":"Clothesline","floor":3.0},{"not_picked":["Pummel","Headbutt"],"picked":"Seeing Red","floor":5.0},{"not_picked":["Metallicize","Wild Strike"],"picked":"Clash","floor":5.0},{"not_picked":["Entrench","Body Slam","Sword Boomerang"],"picked":"SKIP","floor":7.0},{"not_picked":["Flex","Bloodletting"],"picked":"Uppercut","floor":8.0},{"not_picked":["Intimidate","Metallicize","Corruption"],"picked":"SKIP","floor":8.0},{"not_picked":["Armaments","Sentinel"],"picked":"Cleave","floor":10.0},{"not_picked":["Dropkick","Cleave"],"picked":"Clothesline","floor":12.0},{"not_picked":["True Grit","Shockwave"],"picked":"Heavy Blade","floor":12.0},{"not_picked":["Battle Trance","Clothesline"],"picked":"Fiend Fire","floor":14.0}],"player_experience":178147,"relics_obtained":[{"floor":7.0,"key":"MealTicket"},{"floor":9.0,"key":"Pear"},{"floor":10.0,"key":"Bottled Lightning"},{"floor":13.0,"key":"Odd Mushroom"},{"floor":14.0,"key":"Juzu Bracelet"}],"event_choices":[{"damage_healed":0.0,"max_hp_gain":0.0,"max_hp_loss":0.0,"gold_gain":100.0,"event_name":"Golden Shrine","player_choice":"Pray","floor":4.0,"gold_loss":0.0,"damage_taken":0.0},{"damage_healed":0.0,"max_hp_gain":0.0,"max_hp_loss":0.0,"gold_gain":0.0,"event_name":"Mushrooms","player_choice":"Fought Mushrooms","floor":13.0,"gold_loss":0.0,"damage_taken":0.0}],"is_beta":false,"boss_relics":[],"items_purged_floors":[11],"is_endless":false,"potions_floor_spawned":[2,5,10,12],"killed_by":"The Guardian","ascension_level":12}}