{"host":"t75twhtg6c476ygg","time":1613230863,"event":{"mods":["AchievementEnabler","BaseMod","Colored Powertips","Minty Spire (QoL Compilation)","Quick Restart","Relic Stats","StSLib","SuperFastMode"],"gold_per_floor":[114,114,246,246,261,291,291,306,331,361,361,391,406,436,436,536,536,551,551,551,551,51,81,81,111,111,141,141,156,186,201,201,301,301,316,92,35,50,150,180,180,210,210,240,240,270,120,120,120,120],"floor_reached":51,"language":"ENG","playtime":1663,"items_purged":[],"score":1038,"play_id":"10d7dd5e-c70e-41ac-8c54-8e5fe06b4e21","local_time":"20210213154103","daily_mods":["SealedDeck","Colorless Cards","Elite Swarm"],"is_ascension_mode":false,"campfire_choices":[{"data":"Panacea","floor":7.0,"key":"SMITH"},{"data":"Flex","floor":15.0,"key":"SMITH"},{"data":"Whirlwind","floor":24.0,"key":"SMITH"},{"floor":32,"key":"DIG"},{"floor":41,"key":"DIG"},{"data":"Limit Break","floor":49,"key":"SMITH"}],"circlet_count":0,"master_deck":["Twin Strike+1","Inflame","Heavy Blade","Good Instincts","Disarm+1","Armaments","Heavy Blade","Flex+1","Flex+1","Panacea+1","Clash","Berserk","Clash","Reaper","Thunderclap+1","Whirlwind+1","Berserk","Demon Form","Offering","Limit Break+1","Warcry+1","Limit Break"],"relics":["Burning Blood","Shovel","Ornamental Fan","Bag of Preparation","Letter Opener","Bottled Lightning","Thread and Needle","StoneCalendar","Coffee Dripper","Enchiridion","Bag of Marbles","Matryoshka","HornCleat","Paper Frog","Orichalcum","Calipers","PreservedInsect","Smiling Mask","Whetstone","Nunchaku","War Paint","Black Star","OrangePellets","Blood Vial","Lizard Tail","Bottled Flame","Sundial","Bronze Scales","Oddly Smooth Stone","Juzu Bracelet","Magic Flower","Gambling Chip","Potion Belt","Omamori","Turnip","Lantern"],"acts_visited":["Exordium","TheCity","TheBeyond"],"potions_floor_usage":[50,50],"damage_taken":[{"damage":11.0,"enemies":"Jaw Worm","floor":1.0,"turns":2.0},{"damage":3.0,"enemies":"Cultist","floor":5.0,"turns":3.0},{"damage":25.0,"enemies":"Lagavulin","floor":6.0,"turns":4.0},{"damage":0.0,"enemies":"Small Slimes","floor":8.0,"turns":3.0},{"damage":13.0,"enemies":"3 Sentries","floor":10.0,"turns":4.0},{"damage":29.0,"enemies":"Lagavulin","floor":12.0,"turns":4.0},{"damage":0.0,"enemies":"Exordium Wildlife","floor":13.0,"turns":1.0},{"damage":3.0,"enemies":"3 Sentries","floor":14.0,"turns":3.0},{"damage":7.0,"enemies":"The Guardian","floor":16.0,"turns":4.0},{"damage":4.0,"enemies":"Shell Parasite","floor":18.0,"turns":3.0},{"damage":12.0,"enemies":"Book of Stabbing","floor":23.0,"turns":2.0},{"damage":3,"enemies":"Gremlin Leader","floor":25,"turns":3},{"damage":9,"enemies":"Book of Stabbing","floor":27,"turns":3},{"damage":0,"enemies":"2 Thieves","floor":29,"turns":2},{"damage":4,"enemies":"Slavers","floor":30,"turns":2},{"damage":0,"enemies":"Sentry and Sphere","floor":31,"turns":2},{"damage":14,"enemies":"Collector","floor":33,"turns":5},{"damage":6,"enemies":"3 Darklings","floor":35,"turns":2},{"damage":2,"enemies":"3 Shapes","floor":38,"turns":2},{"damage":6,"enemies":"Reptomancer","floor":40,"turns":3},{"damage":6,"enemies":"Giant Head","floor":42,"turns":3},{"damage":0,"enemies":"Reptomancer","floor":44,"turns":2},{"damage":24,"enemies":"Nemesis","floor":46,"turns":3},{"damage":28,"enemies":"Donu and Deca","floor":50,"turns":4}],"seed_played":"6099103822572544471","potions_obtained":[{"floor":1.0,"key":"Swift Potion"},{"floor":6.0,"key":"Dexterity Potion"},{"floor":8.0,"key":"SteroidPotion"},{"floor":12.0,"key":"LiquidMemories"},{"floor":44,"key":"BlessingOfTheForge"},{"floor":46,"key":"PowerPotion"}],"is_trial":false,"path_per_floor":["M","?","$","?","M","E","R","M","T","E","T","E","M","E","R","B",null,"M","?","?","$","$","E","R","E","T","E","?","M","E","M","R","B",null,"M","$","?","M","?","E","R","E","T","E","?","E","$","?","R","B",null],"character_chosen":"IRONCLAD","items_purchased":["Shovel","Fire Breathing","FairyPotion","Bag of Marbles","Matryoshka","HornCleat","Paper Frog","Limit Break","OrangePellets","Lantern"],"campfire_rested":0,"item_purchase_floors":[3,3,21,21,21,22,22,36,36,47],"current_hp_per_floor":[75,80,80,85,85,66,66,72,72,65,65,42,64,83,83,82,85,85,69,53,53,53,71,71,74,74,71,71,77,79,90,90,82,90,90,90,90,90,90,90,90,90,90,90,90,90,90,85,85,78],"gold":120,"neow_bonus":"","is_daily":true,"chose_seed":false,"campfire_upgraded":4,"win_rate":0.0,"timestamp":1613230863,"path_taken":["M","?","$","?","M","E","R","?","T","E","?","E","?","E","R","BOSS","M","?","?","?","$","E","R","E","T","E","?","?","E","M","R","BOSS","M","$","?","?","?","E","R","E","T","E","?","E","$","?","R","BOSS"],"items_purchased_type":["Relic","Card","Potion","Relic","Relic","Relic","Relic","Card","Relic","Relic"],"build_version":"2020-12-22","purchased_purges":0,"victory":true,"max_hp_per_floor":[80,85,85,85,85,85,85,85,85,85,85,85,85,85,85,85,85,85,85,90,90,90,90,90,90,90,90,90,90,90,90,90,90,90,90,90,90,90,90,90,90,90,90,90,90,90,90,85,85,85],"relic_stats":{"counters":[24,69],"Magic Flower":[5],"StoneCalendar":[0],"PreservedInsect":370,"Bag of Preparation":[40],"Juzu Bracelet":1,"Letter Opener":[189],"Whetstone":["Thunderclap","Twin Strike"],"Orichalcum":[12],"War Paint":["Flex","Disarm"],"Smiling Mask":0,"Burning Blood":108,"Blood Vial":0,"OrangePellets":[6],"Nunchaku":[5],"Lizard Tail":0,"Shovel":2,"Ornamental Fan":[36],"Sundial":[0],"Bronze Scales":[22],"Gambling Chip":[3],"Turnip":[0],"Black Star":4,"obtain_stats":[{"Lantern":47,"Calipers":25,"Enchiridion":19,"Magic Flower":43,"StoneCalendar":14,"Bag of Preparation":9,"Juzu Bracelet":43,"Whetstone":27,"Smiling Mask":26,"Burning Blood":0,"Blood Vial":37,"Nunchaku":30,"Lizard Tail":40,"Shovel":3,"Matryoshka":21,"HornCleat":22,"Sundial":41,"Gambling Chip":44,"Paper Frog":22,"Potion Belt":44,"Oddly Smooth Stone":42,"Thread and Needle":12,"PreservedInsect":26,"Omamori":46,"Letter Opener":10,"Orichalcum":23,"War Paint":32,"OrangePellets":36,"Bottled Flame":40,"Ornamental Fan":6,"Bronze Scales":42,"Turnip":46,"Coffee Dripper":17,"Bag of Marbles":21,"Black Star":34,"Bottled Lightning":11},{"Lantern":23,"Calipers":12,"Enchiridion":10,"Magic Flower":21,"StoneCalendar":8,"Bag of Preparation":4,"Juzu Bracelet":21,"Whetstone":13,"Smiling Mask":12,"Burning Blood":0,"Blood Vial":18,"Nunchaku":15,"Lizard Tail":20,"Shovel":1,"Matryoshka":10,"HornCleat":10,"Sundial":20,"Gambling Chip":22,"Paper Frog":10,"Potion Belt":22,"Oddly Smooth Stone":21,"Thread and Needle":6,"PreservedInsect":12,"Omamori":23,"Letter Opener":5,"Orichalcum":11,"War Paint":16,"OrangePellets":18,"Bottled Flame":20,"Ornamental Fan":3,"Bronze Scales":21,"Turnip":23,"Coffee Dripper":9,"Bag of Marbles":10,"Black Star":17,"Bottled Lightning":5},{"Lantern":65,"Calipers":36,"Enchiridion":31,"Magic Flower":60,"StoneCalendar":24,"Bag of Preparation":12,"Juzu Bracelet":60,"Whetstone":39,"Smiling Mask":36,"Burning Blood":0,"Blood Vial":52,"Nunchaku":43,"Lizard Tail":57,"Shovel":2,"Matryoshka":31,"HornCleat":31,"Sundial":57,"Gambling Chip":62,"Paper Frog":31,"Potion Belt":62,"Oddly Smooth Stone":60,"Thread and Needle":20,"PreservedInsect":36,"Omamori":65,"Letter Opener":16,"Orichalcum":33,"War Paint":45,"OrangePellets":52,"Bottled Flame":57,"Ornamental Fan":9,"Bronze Scales":60,"Turnip":65,"Coffee Dripper":28,"Bag of Marbles":31,"Black Star":50,"Bottled Lightning":16}]},"card_choices":[{"not_picked":["Purity","Inflame"],"picked":"Panacea","floor":1.0},{"not_picked":["Body Slam","Mind Blast"],"picked":"Clash","floor":5.0},{"not_picked":["Exhume","Secret Technique"],"picked":"Berserk","floor":6.0},{"not_picked":["Spot Weakness","Anger"],"picked":"Clash","floor":8.0},{"not_picked":["Thinking Ahead","Metamorphosis","Mayhem"],"picked":"SKIP","floor":10.0},{"not_picked":["Juggernaut","Master of Strategy"],"picked":"Reaper","floor":12.0},{"not_picked":["Carnage","Heavy Blade"],"picked":"Thunderclap","floor":13.0},{"not_picked":["Master of Strategy","Chrysalis","The Bomb"],"picked":"SKIP","floor":14.0},{"not_picked":["Twin Strike","Clash"],"picked":"Whirlwind","floor":18.0},{"not_picked":["Juggernaut","Feed","Immolate"],"picked":"SKIP","floor":23.0},{"not_picked":["Impervious","Sadistic Nature"],"picked":"Berserk","floor":25},{"not_picked":["Panache","Impervious"],"picked":"Demon Form","floor":27},{"not_picked":["Impatience","Clash+1","Pommel Strike"],"picked":"SKIP","floor":29},{"not_picked":["Transmutation","Secret Technique","Impervious"],"picked":"SKIP","floor":30},{"not_picked":["Blind","Evolve","Havoc"],"picked":"SKIP","floor":31},{"not_picked":["Brutality","Immolate"],"picked":"Offering","floor":33},{"not_picked":["Pummel+1","Armaments+1","Cleave"],"picked":"SKIP","floor":35},{"not_picked":["Iron Wave+1","Second Wind"],"picked":"Warcry+1","floor":38},{"not_picked":["Impervious","HandOfGreed","Immolate"],"picked":"SKIP","floor":40},{"not_picked":["Secret Technique","Secret Weapon","Immolate"],"picked":"SKIP","floor":42},{"not_picked":["Immolate","Bludgeon","Corruption"],"picked":"SKIP","floor":44},{"not_picked":["Brutality","Magnetism"],"picked":"Limit Break","floor":46}],"player_experience":373645,"relics_obtained":[{"floor":6.0,"key":"Ornamental Fan"},{"floor":9.0,"key":"Bag of Preparation"},{"floor":10.0,"key":"Letter Opener"},{"floor":11.0,"key":"Bottled Lightning"},{"floor":12.0,"key":"Thread and Needle"},{"floor":14.0,"key":"StoneCalendar"},{"floor":23.0,"key":"Orichalcum"},{"floor":25,"key":"Calipers"},{"floor":26,"key":"PreservedInsect"},{"floor":26,"key":"Smiling Mask"},{"floor":27,"key":"Whetstone"},{"floor":30,"key":"Nunchaku"},{"floor":32,"key":"War Paint"},{"floor":40,"key":"Lizard Tail"},{"floor":40,"key":"Bottled Flame"},{"floor":41,"key":"Sundial"},{"floor":42,"key":"Bronze Scales"},{"floor":42,"key":"Oddly Smooth Stone"},{"floor":43,"key":"Juzu Bracelet"},{"floor":43,"key":"Magic Flower"},{"floor":44,"key":"Gambling Chip"},{"floor":44,"key":"Potion Belt"},{"floor":46,"key":"Omamori"},{"floor":46,"key":"Turnip"}],"event_choices":[{"damage_healed":0.0,"max_hp_gain":5.0,"max_hp_loss":0.0,"gold_gain":0.0,"event_name":"Big Fish","player_choice":"Donut","floor":2.0,"gold_loss":0.0,"damage_taken":0.0},{"cards_removed":["Armaments"],"damage_healed":5.0,"max_hp_gain":0.0,"max_hp_loss":0.0,"gold_gain":0.0,"event_name":"Bonfire Elementals","player_choice":"Offered Common","floor":4.0,"gold_loss":0.0,"damage_taken":0.0},{"cards_removed":["Armaments"],"damage_healed":5.0,"max_hp_gain":0.0,"max_hp_loss":0.0,"gold_gain":0.0,"event_name":"Bonfire Elementals","player_choice":"Offered Special","floor":4.0,"gold_loss":0.0,"damage_taken":0.0},{"damage_healed":0.0,"max_hp_gain":0.0,"max_hp_loss":0.0,"gold_gain":0.0,"event_name":"Cursed Tome","player_choice":"Obtained Book","floor":19.0,"gold_loss":0.0,"damage_taken":16.0},{"damage_healed":0.0,"max_hp_gain":5.0,"max_hp_loss":0.0,"gold_gain":0.0,"event_name":"Forgotten Altar","player_choice":"Shed Blood","floor":20.0,"gold_loss":0.0,"damage_taken":21.0},{"cards_removed":["Fire Breathing"],"damage_healed":0,"gold_gain":0,"player_choice":"Elegance","damage_taken":0,"max_hp_gain":0,"max_hp_loss":0,"event_name":"Back to Basics","floor":28,"gold_loss":0},{"damage_healed":0,"gold_gain":0,"player_choice":"Paid Gold","damage_taken":0,"relics_obtained":["Blood Vial"],"max_hp_gain":0,"max_hp_loss":0,"event_name":"WeMeetAgain","floor":37,"gold_loss":57},{"damage_healed":0,"gold_gain":100,"player_choice":"Pray","damage_taken":0,"max_hp_gain":0,"max_hp_loss":0,"event_name":"Golden Shrine","floor":39,"gold_loss":0},{"damage_healed":0,"gold_gain":0,"player_choice":"Memory 1","damage_taken":0,"max_hp_gain":0,"max_hp_loss":0,"event_name":"SensoryStone","floor":45,"gold_loss":0},{"damage_healed":0,"gold_gain":0,"player_choice":"Max HP","damage_taken":0,"max_hp_gain":0,"max_hp_loss":5,"event_name":"Winding Halls","floor":48,"gold_loss":0}],"is_beta":false,"boss_relics":[{"not_picked":["Runic Pyramid","Mark of Pain"],"picked":"Coffee Dripper"},{"not_picked":["Velvet Choker","Busted Crown"],"picked":"Black Star"}],"items_purged_floors":[],"is_endless":false,"potions_floor_spawned":[1,6,8,12,18,23,27,31,35,44,46],"ascension_level":0}}