{"host":"lg1lbglystyxcosi","time":1613232806,"event":{"mods":["AchievementEnabler","BaseMod","Better Third Choice","BetterRewards","Colored Powertips","Minty Spire (QoL Compilation)","Quick Restart","Shop Mod","StSLib","¡¾ÒÅÎï¿¨ÅÆ¡¿REMEMod"],"gold_per_floor":[118,83,0,0,17,42,61,61,88,88,88,88,88,121,121,218,218,231,243,243,253,92,92,107,107,107,34,62,89,117,155,167,276,338,363,597,534,534,143,143,156,173,173,523,533,584,604,614,614,614],"floor_reached":51,"language":"ZHS","playtime":2788,"items_purged":["Strike_G","Strike_G"],"score":871,"play_id":"b7db1ee7-8908-4679-a27e-c576ea69caf6","local_time":"20210214001326","is_ascension_mode":true,"campfire_choices":[{"floor":8.0,"key":"REST"},{"data":"REME_HeartOfCthun","floor":10.0,"key":"SMITH"},{"data":"Enlightenment","floor":12.0,"key":"SMITH"},{"data":"REME_ShadowForm","floor":15.0,"key":"SMITH"},{"data":"REME_LeechingPoison","floor":23.0,"key":"SMITH"},{"data":"Phantasmal Killer","floor":25.0,"key":"SMITH"},{"data":"Forethought","floor":32.0,"key":"SMITH"},{"data":"Adrenaline","floor":40.0,"key":"SMITH"},{"floor":49.0,"key":"REST"}],"circlet_count":0,"master_deck":["Strike_G","Strike_G+1","Defend_G","Defend_G","Defend_G","Defend_G","Defend_G","Survivor","Neutralize","REME_MawOfCthun+1","REME_HeartOfCthun+1","Forethought+1","Enlightenment+1","Flying Knee","REME_ShadowForm+1","REME_LeechingPoison+1","Phantasmal Killer+1","Corpse Explosion","Adrenaline+1","REME_AllRoundStrike","Parasite","Adrenaline","Prepared+1"],"relics":["Ring of the Serpent","REME_ComplimentaryCards","PreservedInsect","Orichalcum","Pen Nib","MawBank","Nunchaku","Red Mask","Tiny House","Ice Cream","Ornamental Fan","Old Coin","Turnip"],"acts_visited":["Exordium","TheCity","TheBeyond"],"potions_floor_usage":[50,50],"damage_taken":[{"damage":4.0,"enemies":"Jaw Worm","floor":1.0,"turns":4.0},{"damage":5.0,"enemies":"Small Slimes","floor":5.0,"turns":3.0},{"damage":35.0,"enemies":"3 Sentries","floor":6.0,"turns":8.0},{"damage":0.0,"enemies":"2 Louse","floor":7.0,"turns":1.0},{"damage":0.0,"enemies":"Gremlin Nob","floor":14.0,"turns":3.0},{"damage":34.0,"enemies":"Slime Boss","floor":16.0,"turns":10.0},{"damage":6.0,"enemies":"2 Thieves","floor":18.0,"turns":4.0},{"damage":6.0,"enemies":"Spheric Guardian","floor":19.0,"turns":3.0},{"damage":9.0,"enemies":"Shelled Parasite and Fungi","floor":21.0,"turns":3.0},{"damage":11.0,"enemies":"Snake Plant","floor":24.0,"turns":3.0},{"damage":7.0,"enemies":"Snecko","floor":28.0,"turns":6.0},{"damage":0.0,"enemies":"3 Cultists","floor":29.0,"turns":3.0},{"damage":6.0,"enemies":"Chosen and Byrds","floor":30.0,"turns":6.0},{"damage":0.0,"enemies":"Masked Bandits","floor":31.0,"turns":1.0},{"damage":45.0,"enemies":"Collector","floor":33.0,"turns":12.0},{"damage":12.0,"enemies":"Orb Walker","floor":35.0,"turns":4.0},{"damage":6.0,"enemies":"3 Shapes","floor":41.0,"turns":3.0},{"damage":1.0,"enemies":"Writhing Mass","floor":42.0,"turns":6.0},{"damage":9.0,"enemies":"Mind Bloom Boss Battle","floor":44.0,"turns":5.0},{"damage":33.0,"enemies":"Spire Growth","floor":45.0,"turns":5.0},{"damage":14.0,"enemies":"2 Orb Walkers","floor":46.0,"turns":2.0},{"damage":19.0,"enemies":"Maw","floor":47.0,"turns":8.0},{"damage":51.0,"enemies":"Transient","floor":48.0,"turns":5.0},{"damage":72,"enemies":"Time Eater","floor":50,"turns":13}],"seed_played":"7773931043358716027","potions_obtained":[{"floor":6.0,"key":"Explosive Potion"},{"floor":7.0,"key":"Dexterity Potion"},{"floor":21.0,"key":"EntropicBrew"},{"floor":24.0,"key":"Energy Potion"},{"floor":28.0,"key":"Ancient Potion"},{"floor":30.0,"key":"FairyPotion"},{"floor":34.0,"key":"Dexterity Potion"},{"floor":42.0,"key":"Ancient Potion"},{"floor":48.0,"key":"DuplicationPotion"}],"is_trial":false,"path_per_floor":["M","?","?","?","M","E","M","R","T","R","?","R","?","E","R","B",null,"M","M","$","M","$","R","M","R","T","?","M","M","M","?","R","B",null,"M","?","$","?","$","R","M","M","T","?","M","?","M","M","R","B",null],"character_chosen":"THE_SILENT","items_purchased":["REME_HeartOfCthun","Forethought","Phantasmal Killer","Ice Cream"],"campfire_rested":2,"item_purchase_floors":[0,0,22,39],"current_hp_per_floor":[45,62,68,68,63,28,28,50,50,50,50,50,43,43,43,9,59,53,53,53,44,44,44,33,33,33,33,69,75,76,76,76,40,72,60,60,60,60,60,60,56,80,80,72,39,81,75,32,56,54],"gold":614,"neow_bonus":"","is_daily":false,"chose_seed":false,"campfire_upgraded":7,"win_rate":0.0,"timestamp":1613232806,"path_taken":["M","?","?","?","M","E","?","R","T","R","?","R","?","E","R","BOSS","M","M","$","M","$","R","M","R","T","?","M","M","M","?","R","BOSS","M","?","$","?","$","R","M","M","T","?","M","?","M","M","R","BOSS"],"items_purchased_type":["Card","Card","Card","Relic"],"build_version":"2020-12-22","purchased_purges":2,"victory":true,"max_hp_per_floor":[70,70,76,76,76,76,76,76,76,76,76,76,76,76,76,76,76,76,76,76,76,76,76,76,76,76,76,76,76,76,76,76,76,81,81,81,81,81,81,81,81,81,81,81,81,81,81,81,81,81],"card_choices":[{"not_picked":["Escape Plan","Underhanded Strike","Deadly Poison"],"picked":"SKIP","floor":1.0},{"not_picked":["Underhanded Strike","Deadly Poison"],"picked":"Flying Knee","floor":5.0},{"not_picked":["Noxious Fumes","Expertise","Flechettes"],"picked":"SKIP","floor":6.0},{"not_picked":["Cloak And Dagger","Blade Dance","Poisoned Stab"],"picked":"SKIP","floor":7.0},{"not_picked":["Choke","Corpse Explosion"],"picked":"REME_ShadowForm","floor":14.0},{"not_picked":["Envenom","Burst"],"picked":"REME_LeechingPoison","floor":16.0},{"not_picked":["Dagger Throw+1","Poisoned Stab+1","Bane"],"picked":"SKIP","floor":18.0},{"not_picked":["Deflect","Tactician","Dash"],"picked":"SKIP","floor":19.0},{"not_picked":["Deadly Poison","REME_GreenPollution","Noxious Fumes"],"picked":"SKIP","floor":21.0},{"not_picked":["Slice+1","Expertise","Dash+1"],"picked":"SKIP","floor":24.0},{"not_picked":["Finisher","Bane","PiercingWail+1"],"picked":"SKIP","floor":28.0},{"not_picked":["Deadly Poison","Dagger Throw+1","Cloak And Dagger"],"picked":"SKIP","floor":29.0},{"not_picked":["Acrobatics","Underhanded Strike"],"picked":"Corpse Explosion","floor":30.0},{"not_picked":["Venomology","REME_GrazeFinale"],"picked":"Adrenaline","floor":33.0},{"not_picked":["Blade Dance","Well Laid Plans","Deflect"],"picked":"SKIP","floor":35.0},{"not_picked":["PanicButton","Deep Breath"],"picked":"REME_AllRoundStrike","floor":38.0},{"not_picked":["Dodge and Roll","Skewer","Dash+1"],"picked":"SKIP","floor":41.0},{"not_picked":["Sucker Punch+1","Cloak And Dagger+1","Predator"],"picked":"SKIP","floor":42.0},{"not_picked":["Sucker Punch+1","Cloak And Dagger+1","Predator"],"picked":"SKIP","floor":42.0},{"not_picked":["Sucker Punch+1","Cloak And Dagger+1","Predator"],"picked":"SKIP","floor":42.0},{"not_picked":["Eviscerate","Acrobatics"],"picked":"Adrenaline","floor":45.0},{"not_picked":["Deflect+1","Blur+1"],"picked":"Prepared+1","floor":46.0},{"not_picked":["Flying Knee","PiercingWail+1","Blade Dance+1"],"picked":"SKIP","floor":47.0},{"not_picked":["Dagger Spray+1","Outmaneuver+1","Poisoned Stab+1"],"picked":"SKIP","floor":48.0}],"player_experience":129743,"relics_obtained":[{"floor":6.0,"key":"PreservedInsect"},{"floor":9.0,"key":"Orichalcum"},{"floor":14.0,"key":"Pen Nib"},{"floor":26.0,"key":"MawBank"},{"floor":31.0,"key":"Red Mask"},{"floor":43.0,"key":"Ornamental Fan"},{"floor":44.0,"key":"Old Coin"},{"floor":46.0,"key":"Turnip"}],"event_choices":[{"damage_healed":17.0,"max_hp_gain":0.0,"max_hp_loss":0.0,"gold_gain":0.0,"event_name":"The Cleric","player_choice":"Healed","floor":2.0,"gold_loss":35.0,"damage_taken":0.0},{"damage_healed":0.0,"max_hp_gain":0.0,"max_hp_loss":0.0,"gold_gain":0.0,"event_name":"betterThird:BetterSerpent","player_choice":"RENOUNCE","floor":3.0,"gold_loss":83.0,"damage_taken":83.0,"cards_obtained":["Enlightenment"]},{"damage_healed":0.0,"max_hp_gain":0.0,"max_hp_loss":0.0,"gold_gain":0.0,"event_name":"betterThird:BetterGoop","player_choice":"Left","floor":4.0,"gold_loss":0.0,"damage_taken":0.0},{"damage_healed":0.0,"max_hp_gain":0.0,"max_hp_loss":0.0,"gold_gain":0.0,"event_name":"Living Wall","player_choice":"Grow","floor":11.0,"gold_loss":0.0,"damage_taken":0.0,"cards_upgraded":["REME_MawOfCthun"]},{"cards_removed":["Strike_G"],"damage_healed":0.0,"max_hp_gain":0.0,"max_hp_loss":0.0,"gold_gain":0.0,"event_name":"Golden Wing","player_choice":"Card Removal","floor":13.0,"gold_loss":0.0,"damage_taken":7.0},{"damage_healed":0.0,"max_hp_gain":0.0,"max_hp_loss":0.0,"gold_gain":0.0,"event_name":"Addict","player_choice":"Obtained Relic","floor":27.0,"gold_loss":85.0,"damage_taken":0.0,"relics_obtained":["Nunchaku"]},{"damage_healed":0.0,"max_hp_gain":0.0,"max_hp_loss":0.0,"gold_gain":0.0,"event_name":"Masked Bandits","player_choice":"Fought Bandits","floor":31.0,"gold_loss":0.0,"damage_taken":0.0},{"damage_healed":0.0,"max_hp_gain":0.0,"max_hp_loss":0.0,"gold_gain":222.0,"event_name":"Tomb of Lord Red Mask","player_choice":"Wore Mask","floor":36.0,"gold_loss":0.0,"damage_taken":0.0},{"damage_healed":0.0,"max_hp_gain":0.0,"max_hp_loss":0.0,"gold_gain":0.0,"event_name":"SensoryStone","player_choice":"Memory 1","floor":38.0,"gold_loss":0.0,"damage_taken":0.0},{"damage_healed":0.0,"max_hp_gain":0.0,"max_hp_loss":0.0,"gold_gain":0.0,"event_name":"MindBloom","player_choice":"Fight","floor":44.0,"gold_loss":0.0,"damage_taken":0.0},{"damage_healed":0.0,"max_hp_gain":0.0,"max_hp_loss":0.0,"gold_gain":0.0,"event_name":"Mysterious Sphere","player_choice":"Fight","floor":46.0,"gold_loss":0.0,"damage_taken":0.0}],"is_beta":false,"boss_relics":[{"not_picked":["Runic Dome","REME_DemonsWealth"],"picked":"Ring of the Serpent"},{"not_picked":["Pandora\u0027s Box","Fusion Hammer"],"picked":"Tiny House"}],"items_purged_floors":[37,39],"is_endless":false,"potions_floor_spawned":[6,7,21,24,28,30,42,45,48],"ascension_level":5}}