{"host":"mykjnfgvckiyjptv","time":1613259383,"event":{"mods":["2.2 Compatiblity","Act Like it!","Aspiration","BaseMod","Better Altar","Better Third Choice","BetterRewards","Card Forge","Custom Start","Energized Spire","GifTheSpireLib","Gold Saver","Halation","Hubris","Infinite Spire","Jedi Mod","Minty Spire (QoL Compilation)","Pale of the Ancients","Permanent Neow","RatMod","Replay The Spire","Shop Mod","Small Relic Pack","Spicy Shops","Spikes Relics","StSLib","Stuff the Spire","SuperFastMode","The Servant 0.9.4","??????REMEMod"],"gold_per_floor":[1079,1079,1090,165,176,203,203,9,9,38,137,155,155,182,182,281,281,296,393,393,404,404,438,463,463,513,525,539,26,26,52,52,156,156,171,171,171,171,171,188,204,204,204,204,228,228,261,261,295,307,307,307,398,415,415,62,62,73,73,99,99,99],"floor_reached":63,"language":"ENG","playtime":3457,"items_purged":["Strike_S"],"score":1085,"play_id":"ad75feaf-4574-4021-9b4b-37ec99031856","local_time":"20210213173623","is_ascension_mode":true,"campfire_choices":[{"floor":7.0,"key":"DIG"},{"floor":13.0,"key":"DIG"},{"floor":15.0,"key":"DIG"},{"floor":22,"key":"DIG"},{"floor":30,"key":"REST"},{"floor":30,"key":"DIG"},{"floor":32,"key":"DIG"},{"floor":39,"key":"DIG"},{"floor":42,"key":"DIG"},{"floor":44,"key":"DIG"},{"floor":48,"key":"DIG"},{"floor":51,"key":"DIG"},{"floor":55,"key":"REST"},{"floor":55,"key":"DIG"},{"floor":57,"key":"DIG"},{"floor":59,"key":"DIG"}],"circlet_count":0,"master_deck":["Strike_S","Strike_S","Strike_S","Defend_S","Defend_S","Defend_S","KidneyShot+1","Exchange+1","Venomology+1","GearUp+1","REME_WheelOfFate+1","KillingDoll+1","SilverBlades+1","SilverBlades+1","Moonlight+1","SoulSculpture+1","InstantArmor+1","StuffTheSpire:Brawn+1","GearUp+1","SoulSculpture+1","Barrier+1","Dilation+1","BottledTime+1","hubris:DuctTapeCard+2","Contraction+1","BottledTime+1","SpecialFormula+1"],"relics":["Uniform","Hammer of Thor","Seething Fire","Anvil of the Gods","REME_ComplimentaryCards","aspiration:HatOfInfinitePower","MerchantsRug","Shovel","jedi:arcanewood","StuffTheSpire:CocoNut","Replay:PocketPolymizer","hubris:BottledRain","Onion Ring","Matryoshka","Sundial","Simple Rune","hubris:Metronome","hubris:ScarierMask","infinitespire:Magic Flask","Regal Pillow","REME_HourglassOfDeath","Orrery","Du-Vu Doll","WingedGreaves","aspiration:HummingbirdHeart","PreservedInsect","hubris:VirtuousBlindfold","infinitespire:FocusingShard","Snack Pack","Ancient Tea Set","aspiration:TrustyKnives","StuffTheSpire:HeavyRock","ReplayTheSpireMod:TigerMarble","InkBottle","Dream Catcher","hubris:DuctTape","Centennial Puzzle","paleoftheancients:Timepiece","paleoftheancients:KeyRelic","Oddly Smooth Stone","Bronze Scales","paleoftheancients:SoulOfTheGuardian","Toy Ornithopter","StuffTheSpire:ForceGauntlet","hubris:EmptyBottle","BrokenLever","Replay:Ringing Soul","infinitespire:Lucky Rock"],"acts_visited":["TheCity","TheBeyond","paleoftheancients:PaleOfTheAncients"],"potions_floor_usage":[19,21,21,24,31,31,33,33,50,52,52,52,54,54,62],"damage_taken":[{"damage":2.0,"enemies":"Small Slimes","floor":1.0,"turns":4.0},{"damage":0.0,"enemies":"infinitespire:Voidling","floor":3.0,"turns":4.0},{"damage":0.0,"enemies":"Cultist","floor":5.0,"turns":2.0},{"damage":0.0,"enemies":"Lagavulin","floor":6.0,"turns":6.0},{"damage":1.0,"enemies":"3 Sentries","floor":10.0,"turns":5.0},{"damage":10.0,"enemies":"Red Slaver","floor":11.0,"turns":3.0},{"damage":13.0,"enemies":"Gremlin Gang","floor":12.0,"turns":3.0},{"damage":0.0,"enemies":"Gremlin Nob","floor":14.0,"turns":2.0},{"damage":0.0,"enemies":"The Guardian","floor":16.0,"turns":5.0},{"damage":5,"enemies":"Chosen","floor":18,"turns":4},{"damage":0,"enemies":"Spheric Guardian","floor":19,"turns":2},{"damage":20,"enemies":"Snake Plant","floor":21,"turns":3},{"damage":12,"enemies":"Slavers","floor":23,"turns":2},{"damage":15,"enemies":"Replay:Snechameleon","floor":24,"turns":2},{"damage":6,"enemies":"Centurion and Healer","floor":27,"turns":2},{"damage":0,"enemies":"Cultist and Chosen","floor":28,"turns":2},{"damage":0,"enemies":"REME_1_Revenger","floor":31,"turns":2},{"damage":12,"enemies":"Champ","floor":33,"turns":6},{"damage":0,"enemies":"3 Darklings","floor":35,"turns":2},{"damage":12,"enemies":"3 Shapes","floor":40,"turns":1},{"damage":0,"enemies":"3 Darklings","floor":41,"turns":2},{"damage":0,"enemies":"R_Hoarder","floor":47,"turns":5},{"damage":0,"enemies":"Reptomancer","floor":49,"turns":3},{"damage":0,"enemies":"4 Shapes","floor":50,"turns":3},{"damage":0,"enemies":"Replay:Hell Engine","floor":52,"turns":5},{"damage":0,"enemies":"Replay:Hell Engine","floor":53,"turns":5},{"damage":73,"enemies":"Replay:Hell Engine","floor":54,"turns":7},{"damage":1,"enemies":"Replay:Hell Engine","floor":58,"turns":8},{"damage":0,"enemies":"paleoftheancients:N","floor":62,"turns":1}],"seed_played":"1630340556474475971","potions_obtained":[{"floor":3.0,"key":"EssenceOfSteel"},{"floor":5.0,"key":"FearPotion"},{"floor":11.0,"key":"PowerPotion"},{"floor":14.0,"key":"jedi:mysterypotion"},{"floor":20,"key":"jedi:tentaclejuice"},{"floor":21,"key":"Toxic Potion"},{"floor":23,"key":"jedi:hoardpotion"},{"floor":27,"key":"Reflective Coating"},{"floor":33,"key":"Elixir"},{"floor":40,"key":"SteroidPotion"},{"floor":41,"key":"ColorlessPotion"},{"floor":54,"key":"infinitespire:BlackPotion"}],"is_trial":false,"path_per_floor":["M","?","M","$","M","E","R","$","T","E","M","M","R","E","R","B",null,"M","M","?","M","R","E","E","?","T","M","M","$","R","E","R","B",null,"M","?","PTL","PTL","R","M","M","R","R","R","T","?","E","R","E","M","R","B","M","M","R","$","R","M","R","T","?","B",null],"character_chosen":"THE_SERVANT","items_purchased":["MerchantsRug","Shovel","jedi:arcanewood","Fruit Juice","REME_WheelOfFate","StuffTheSpire:CocoNut","hubris:BottledRain","Orrery","Du-Vu Doll","StuffTheSpire:ForceGauntlet","hubris:EmptyBottle"],"campfire_rested":2,"item_purchase_floors":[4,4,4,4,4,4,8,29,29,56,56],"current_hp_per_floor":[63,63,63,75,75,75,75,75,75,74,64,51,51,51,51,71,77,77,77,77,57,57,58,43,43,43,37,37,37,75,75,75,68,77,77,77,77,77,77,65,65,65,65,65,65,65,77,77,77,77,77,77,77,42,77,77,77,77,77,77,77,77],"gold":99,"neow_bonus":"ONE_RARE_RELIC","is_daily":false,"chose_seed":false,"campfire_upgraded":0,"win_rate":0.0,"timestamp":1613259383,"path_taken":["M","?","?","$","M","E","R","$","T","E","M","M","R","E","R","BOSS","M","M","?","?","?","E","E","?","T","M","M","$","R","E","R","BOSS","M","?","PTL","PTL","?","?","M","R","R","R","T","?","E","R","E","M","R","BOSS","M","M","?","$","R","M","R","T","?","BOSS"],"items_purchased_type":["Relic","Relic","Relic","Potion","Card","Relic","Relic","Relic","Relic","Relic","Relic"],"build_version":"2020-12-22","purchased_purges":1,"victory":true,"max_hp_per_floor":[65,65,65,77,77,77,77,77,77,77,77,77,77,77,77,77,77,77,77,77,77,77,77,77,77,77,77,77,77,77,77,77,77,77,77,77,77,77,77,77,77,77,77,77,77,77,77,77,77,77,77,77,77,77,77,77,77,77,77,77,77,77],"card_choices":[{"not_picked":["Replace","DoubleEdge"],"picked":"GearUp","floor":1.0},{"not_picked":["Shuttle","Spin","Desolation"],"picked":"SKIP","floor":3.0},{"not_picked":["DoubleEdge","Revamp"],"picked":"KillingDoll","floor":5.0},{"not_picked":["Ricochet","Starlight"],"picked":"Hightail","floor":6.0},{"not_picked":["Shuttle","Comet"],"picked":"MurderousAura","floor":10.0},{"not_picked":["MoonPhase","Rearm","Ricochet"],"picked":"SKIP","floor":11.0},{"not_picked":["Spin","Unruled"],"picked":"Moonlight","floor":12.0},{"not_picked":["Revamp","Desolation","Reset"],"picked":"SKIP","floor":14.0},{"not_picked":["Deny","Sunlight"],"picked":"SoulSculpture","floor":16.0},{"not_picked":["Replace","Desolation","Defy"],"picked":"SKIP","floor":18},{"not_picked":["Moonlight+1","TimeWarp","Replace+1"],"picked":"SKIP","floor":19},{"not_picked":["Ricochet+1","Rewind","Spin+1"],"picked":"SKIP","floor":21},{"not_picked":["Contraction","DualDimension","Rewind"],"picked":"SKIP","floor":23},{"not_picked":["DoubleEdge","GearUp"],"picked":"InstantArmor","floor":24},{"not_picked":["ShiftingGears+1","Reset","SoulSculpture"],"picked":"SKIP","floor":27},{"not_picked":["Starlight","Unruled+1","Manipulate+1"],"picked":"SKIP","floor":28},{"not_picked":["BottledTime","Gouge"],"picked":"GearUp","floor":29},{"not_picked":["Potential","Moonlight"],"picked":"SoulSculpture","floor":31},{"not_picked":["PendulumOfEternity","KillingDoll"],"picked":"MurderousAura","floor":33},{"not_picked":["FastForward","Replace","Starlight"],"picked":"SKIP","floor":35},{"not_picked":["Revamp+1","Replace+1"],"picked":"Barrier+1","floor":40},{"not_picked":["Defy","BottledTime","Manipulate"],"picked":"SKIP","floor":41},{"not_picked":["Defy+1","Spin"],"picked":"Dilation","floor":47},{"not_picked":["Hightail+1","Ricochet+1"],"picked":"BottledTime","floor":49},{"not_picked":["FastForward","Rewind"],"picked":"Contraction+1","floor":50},{"not_picked":["Advance+1","Spin+1","Ricochet"],"picked":"SKIP","floor":53},{"not_picked":["Advance+1","Spin+1","Ricochet"],"picked":"SKIP","floor":53},{"not_picked":["ShiftingGears+1","Alleviate+1"],"picked":"BottledTime+1","floor":54},{"not_picked":["Replace+1","FastForward+1"],"picked":"SpecialFormula+1","floor":58}],"player_experience":440963,"relics_obtained":[{"floor":6.0,"key":"StuffTheSpire:SapphireSignet"},{"floor":7.0,"key":"Replay:PocketPolymizer"},{"floor":9.0,"key":"Onion Ring"},{"floor":10.0,"key":"Matryoshka"},{"floor":13.0,"key":"Sundial"},{"floor":14.0,"key":"Simple Rune"},{"floor":15.0,"key":"hubris:Metronome"},{"floor":22,"key":"infinitespire:Magic Flask"},{"floor":23,"key":"Regal Pillow"},{"floor":24,"key":"Gremlin Food"},{"floor":26,"key":"REME_HourglassOfDeath"},{"floor":30,"key":"WingedGreaves"},{"floor":31,"key":"aspiration:HummingbirdHeart"},{"floor":32,"key":"PreservedInsect"},{"floor":39,"key":"Snack Pack"},{"floor":42,"key":"Ancient Tea Set"},{"floor":44,"key":"aspiration:TrustyKnives"},{"floor":45,"key":"StuffTheSpire:HeavyRock"},{"floor":45,"key":"ReplayTheSpireMod:TigerMarble"},{"floor":47,"key":"InkBottle"},{"floor":48,"key":"Dream Catcher"},{"floor":49,"key":"hubris:DuctTape"},{"floor":51,"key":"Centennial Puzzle"},{"floor":54,"key":"paleoftheancients:SoulOfTheGuardian"},{"floor":55,"key":"Toy Ornithopter"},{"floor":57,"key":"BrokenLever"},{"floor":59,"key":"Replay:Ringing Soul"},{"floor":60,"key":"infinitespire:Lucky Rock"}],"event_choices":[{"cards_removed":["Doubt"],"damage_healed":0.0,"max_hp_gain":0.0,"max_hp_loss":0.0,"gold_gain":0.0,"event_name":"Fountain of Cleansing","player_choice":"Removed Curses","floor":2.0,"gold_loss":0.0,"damage_taken":0.0},{"damage_healed":0,"gold_gain":0,"player_choice":"Got Potions","damage_taken":0,"max_hp_gain":0,"max_hp_loss":0,"event_name":"Lab","floor":20,"gold_loss":0},{"damage_healed":0,"gold_gain":0,"player_choice":"Gave Potion","damage_taken":0,"relics_obtained":["infinitespire:FocusingShard"],"max_hp_gain":0,"max_hp_loss":0,"event_name":"WeMeetAgain","floor":36,"gold_loss":0},{"damage_healed":0,"gold_gain":0,"player_choice":"Bought 0 Potions","damage_taken":0,"max_hp_gain":0,"max_hp_loss":0,"event_name":"The Woman in Blue","floor":46,"gold_loss":0}],"is_beta":false,"boss_relics":[{"not_picked":["ReplayTheSpireMod:DimensionalGlitch","Sandwich"],"picked":"hubris:ScarierMask"},{"not_picked":["halation:PlatinumPhoenix","energizedSpire:OgreHead"],"picked":"hubris:VirtuousBlindfold"}],"items_purged_floors":[29],"is_endless":false,"potions_floor_spawned":[3,5,11,12,14,19,21,23,27,33,40,41,54],"ascension_level":1}}