{"host":"g75gtovmj0ine2rf","time":1613178449,"event":{"mods":["2.2 Compatiblity","AchievementEnabler","Act Like it!","Arknights","Aspiration","Astrologer","Bard","BaseMod","Better Match","BetterRewards","Bossed Relics","CapriCore","Challenge The Spire","ChefMod","Clockwork Mod","Colored Map","Conspire","Elementarium","Energized Spire","Friendly Minions","Gensokyo","Halation","Hallownest","Hermit","HexUI Lib","Highlight Path","Hubris","Infinite Spire","Jedi Mod","Lobotomy","Menagerie","Minty Spire (QoL Compilation)","Puzzle Mod","Quick Restart","Rare Cards Sparkle","Relic Stats","Replay The Spire","Robot Space Explorer","Shade Mod","Shop Mod","Spicy Shops","StSLib","SuperFastMode","The Construct","The Cursed","The Dragon Tamer","The Juggle","The Jungle","The Marked","The Runesmith","The Showman","The Witch","TheBandit","TheFirefly","TheSwordswoman","TheVacant","TheVelvet","Transform Curses","Wandering Minibosses","thorton"],"gold_per_floor":[118,118,135,149,163,191,191,225,225,265,300,300,317,329,329,433,433,447,65,65,42,55,55,86,105,105,105,105],"floor_reached":27,"language":"ENG","playtime":3230,"items_purged":["theShowman:BasicStrike"],"score":280,"play_id":"f15a9b6e-7606-4c34-a159-f147bc41c828","local_time":"20210213120729","is_ascension_mode":false,"campfire_choices":[{"data":"theShowman:SpeechCard","floor":7.0,"key":"SMITH"},{"floor":12.0,"key":"REST"},{"data":"theShowman:NothingInMyHands","floor":15.0,"key":"SMITH"},{"data":"theShowman:Ventriloquism","floor":23.0,"key":"SMITH"}],"circlet_count":0,"master_deck":["theShowman:VanishingStrike","theShowman:VanishingStrike","theShowman:BasicDefend","theShowman:BasicDefend","theShowman:VanishingDefend","theShowman:VanishingDefend","theShowman:CardPickup52","theShowman:StageHook","theShowman:SpeechCard+1","theShowman:StackTheDeck","Chrysalis+1","theShowman:BlackJack+1","theShowman:WillingVolunteer","theShowman:DapperFlourish+1","theShowman:NothingInMyHands+1","theShowman:Ventriloquism+1","theShowman:SubtleMisdirections","theShowman:UpMySleeve+1"],"relics":["theShowman:ThirdTimeCharm","aspiration:Nostalgia","theVacant:BrassGoblet","aspiration:HummingbirdHeart","Molten Egg 2","conspire:BottledYoYo","energizedSpire:MagnifyingGlass","MerchantsRug","Omamori","infinitespire:ShieldingShard","infinitespire:Eraser"],"acts_visited":["Exordium","TheCity"],"potions_floor_usage":[27,27],"damage_taken":[{"damage":4.0,"enemies":"Gensokyo:Gryphon","floor":1.0,"turns":5.0},{"damage":10.0,"enemies":"Gensokyo:Python","floor":3.0,"turns":7.0},{"damage":11.0,"enemies":"Gensokyo:2_Kodama","floor":4.0,"turns":5.0},{"damage":4.0,"enemies":"Gensokyo:Gryphon_and_Rabbit","floor":5.0,"turns":6.0},{"damage":2.0,"enemies":"Gensokyo:Aya","floor":6.0,"turns":4.0},{"damage":6.0,"enemies":"Gensokyo:Mamizou","floor":8.0,"turns":8.0},{"damage":4.0,"enemies":"conspire:MimicChest","floor":10.0,"turns":8.0},{"damage":12.0,"enemies":"Gensokyo:Cirno","floor":11.0,"turns":7.0},{"damage":6.0,"enemies":"Gensokyo:Python_and_Kodama","floor":13.0,"turns":3.0},{"damage":6.0,"enemies":"Gensokyo:Kitsune","floor":14.0,"turns":6.0},{"damage":23.0,"enemies":"Gensokyo:Kokoro","floor":16.0,"turns":13.0},{"damage":0.0,"enemies":"3 Byrds","floor":18.0,"turns":5.0},{"damage":0.0,"enemies":"2 Thieves","floor":21.0,"turns":8.0},{"damage":0.0,"enemies":"Centurion and Healer","floor":22.0,"turns":5.0},{"damage":19,"enemies":"conspire:SneckoGhost","floor":24,"turns":6},{"damage":6,"enemies":"3 Cultists","floor":25,"turns":4},{"damage":54,"enemies":"Sentry and Sphere","floor":27,"turns":5}],"seed_played":"-7077101276084329337","potions_obtained":[{"floor":4.0,"key":"Regen Potion"},{"floor":5.0,"key":"SneckoOil"},{"floor":11.0,"key":"FearPotion"},{"floor":14.0,"key":"Fire Potion"},{"floor":21.0,"key":"Venom Potion"}],"is_trial":false,"path_per_floor":["M","?","M","M","M","E","R","E","T","?","E","R","M","M","R","B",null,"M","$","?","M","M","R","E","M","T","M"],"character_chosen":"THE_SHOWMAN","items_purchased":["MerchantsRug","theShowman:SubtleMisdirections","Omamori"],"campfire_rested":1,"item_purchase_floors":[19,19,19],"current_hp_per_floor":[71,71,61,50,46,53,53,47,47,43,31,53,47,41,41,18,75,75,75,75,75,75,75,56,50,50,0,0],"gold":105,"neow_bonus":"NOSTALGIA","is_daily":false,"chose_seed":false,"campfire_upgraded":3,"win_rate":0.0,"timestamp":1613178449,"path_taken":["M","?","M","M","?","E","R","E","T","?","E","R","M","M","R","BOSS","M","$","?","M","M","R","E","?","T","M"],"items_purchased_type":["Relic","Card","Relic"],"build_version":"2020-12-22","purchased_purges":1,"victory":false,"max_hp_per_floor":[75,75,75,75,75,75,75,75,75,75,75,75,75,75,75,75,75,75,75,75,75,75,75,75,75,75,75,75],"relic_stats":{"counters":[17,105],"obtain_stats":[{"MerchantsRug":19,"theVacant:BrassGoblet":0,"infinitespire:ShieldingShard":24,"aspiration:Nostalgia":0,"theShowman:ThirdTimeCharm":0,"Molten Egg 2":8,"aspiration:HummingbirdHeart":6,"conspire:BottledYoYo":10,"energizedSpire:MagnifyingGlass":17,"Omamori":19,"infinitespire:Eraser":26,"conspire:Flyswatter":11},{"MerchantsRug":12,"theVacant:BrassGoblet":0,"infinitespire:ShieldingShard":15,"aspiration:Nostalgia":0,"theShowman:ThirdTimeCharm":0,"Molten Egg 2":6,"aspiration:HummingbirdHeart":5,"conspire:BottledYoYo":7,"energizedSpire:MagnifyingGlass":11,"Omamori":12,"infinitespire:Eraser":16,"conspire:Flyswatter":8},{"MerchantsRug":77,"theVacant:BrassGoblet":0,"infinitespire:ShieldingShard":96,"aspiration:Nostalgia":0,"theShowman:ThirdTimeCharm":0,"Molten Egg 2":35,"aspiration:HummingbirdHeart":27,"conspire:BottledYoYo":43,"energizedSpire:MagnifyingGlass":72,"Omamori":77,"infinitespire:Eraser":100,"conspire:Flyswatter":50}]},"card_choices":[{"not_picked":["theShowman:OpenTheCurtain","theShowman:CrashingLights"],"picked":"theShowman:StackTheDeck","floor":1.0},{"not_picked":["jedi:LeechingStrike","Sadistic Nature+1"],"picked":"Chrysalis+1","floor":2.0},{"not_picked":["theShowman:KiblerFlick+1","theShowman:HatTrick+1"],"picked":"theShowman:BlackJack+1","floor":2.0},{"not_picked":["theShowman:OpenTheCurtain","theShowman:WildFlourish","theShowman:Toro"],"picked":"SKIP","floor":3.0},{"not_picked":["theShowman:RaptMisdirection","theShowman:RazzleDazzle","theShowman:FullHouse"],"picked":"SKIP","floor":4.0},{"not_picked":["theShowman:WardrobeWarding","theShowman:StartlingShowmanship","theShowman:ExtraWideSleeves"],"picked":"SKIP","floor":5.0},{"not_picked":["theShowman:CurtainCall","theShowman:FullHouse","theShowman:Presto"],"picked":"SKIP","floor":6.0},{"not_picked":["theShowman:FullHouse+1","theShowman:FlashyFlourish"],"picked":"theShowman:WillingVolunteer","floor":8.0},{"not_picked":["theShowman:PocketSand","theShowman:RaptMisdirection+1"],"picked":"theShowman:DapperFlourish+1","floor":11.0},{"not_picked":["theShowman:GotYourNose+1","theShowman:FlashyFlourish","theShowman:CrashingLights+1"],"picked":"SKIP","floor":13.0},{"not_picked":["theShowman:OpenTheCurtain","theShowman:BottomDoubleDeal"],"picked":"theShowman:NothingInMyHands","floor":14.0},{"not_picked":["theShowman:ThespianForm","theShowman:WillingVolunteer"],"picked":"theShowman:Ventriloquism","floor":16.0},{"not_picked":["theShowman:RazzleDazzle+1","theShowman:WildFlourish+1","theShowman:MirrorMirror+1"],"picked":"SKIP","floor":18.0},{"not_picked":["theShowman:PocketSand+1","theShowman:FullHouse+1"],"picked":"theShowman:UpMySleeve+1","floor":21.0},{"not_picked":["theShowman:FullHouse+1","theShowman:StartlingShowmanship","theShowman:WildFlourish+1"],"picked":"SKIP","floor":22.0},{"not_picked":["theShowman:HatTrick","theShowman:MirrorMirror","theShowman:SleightedFlourish"],"picked":"SKIP","floor":24},{"not_picked":["theShowman:PropManacles+1","theShowman:SleightedHand","theShowman:NowYouSeeMe"],"picked":"SKIP","floor":25}],"player_experience":1424805,"relics_obtained":[{"floor":6.0,"key":"aspiration:HummingbirdHeart"},{"floor":8.0,"key":"Molten Egg 2"},{"floor":10.0,"key":"conspire:BottledYoYo"},{"floor":11.0,"key":"conspire:Flyswatter"},{"floor":24,"key":"infinitespire:ShieldingShard"},{"floor":26,"key":"infinitespire:Eraser"}],"event_choices":[{"damage_healed":0.0,"max_hp_gain":0.0,"max_hp_loss":0.0,"gold_gain":0.0,"event_name":"betterMatch:BetterMatch","player_choice":"2","floor":2.0,"gold_loss":0.0,"damage_taken":0.0,"cards_obtained":["betterMatch:ColorlessRareCard","betterMatch:UncommonCard"]},{"cards_removed":["theShowman:BasicStrike"],"damage_healed":0.0,"max_hp_gain":0.0,"max_hp_loss":0.0,"gold_gain":0.0,"event_name":"Purifier","player_choice":"Purged","floor":20.0,"gold_loss":0.0,"damage_taken":0.0}],"is_beta":false,"boss_relics":[{"not_picked":["Runesmith:UraniumAnvil","halation:LoveArrow"],"picked":"energizedSpire:MagnifyingGlass"}],"items_purged_floors":[19],"is_endless":false,"potions_floor_spawned":[4,5,11,14,21,22,24],"killed_by":"Sentry and Sphere","ascension_level":0}}