{"host":"9kesdg97wkrx2bva","time":1613203910,"event":{"mods":["AchievementEnabler","BaseMod","Colored Map","GifTheSpireLib","Infinite Spire","Minty Spire (QoL Compilation)","Replay The Spire","StSLib"],"gold_per_floor":[118,136,148,14,24,24,24,24,48,48,48,48],"floor_reached":11,"language":"ENG","playtime":250,"items_purged":["Strike_G"],"score":117,"play_id":"cd2d9d96-6d5e-43e6-b806-df25dbedf62a","local_time":"20210213021150","is_ascension_mode":true,"campfire_choices":[{"data":"Skewer","floor":6,"key":"SMITH"},{"floor":10,"key":"REST"}],"circlet_count":0,"master_deck":["AscendersBane","Strike_G","Strike_G","Strike_G","Strike_G+1","Defend_G","Defend_G","Defend_G","Defend_G","Defend_G+1","Survivor","Neutralize","Caltrops","Skewer+1","Predator","Dagger Throw"],"relics":["Ring of the Snake","Durian","Golden Idol","Replay:Baseball"],"acts_visited":["Exordium"],"potions_floor_usage":[11],"damage_taken":[{"damage":4,"enemies":"Small Slimes","floor":1,"turns":5},{"damage":0,"enemies":"2 Louse","floor":2,"turns":3},{"damage":0,"enemies":"Cultist","floor":3,"turns":4},{"damage":16,"enemies":"Large Slime","floor":5,"turns":7},{"damage":44,"enemies":"Lagavulin","floor":11,"turns":6}],"seed_played":"3025680335656244081","potions_obtained":[{"floor":3,"key":"PowerPotion"}],"is_trial":false,"path_per_floor":["M","M","M","$","M","R","?","?","T","R","E"],"character_chosen":"THE_SILENT","items_purchased":["Dagger Throw"],"campfire_rested":1,"item_purchase_floors":[4],"current_hp_per_floor":[60,60,60,60,44,44,24,24,24,41,0,0],"gold":48,"neow_bonus":"ONE_RARE_RELIC","is_daily":false,"chose_seed":false,"campfire_upgraded":1,"win_rate":0.0,"timestamp":1613203910,"path_taken":["M","M","M","$","M","R","?","?","T","R","E"],"items_purchased_type":["Card"],"build_version":"2020-12-22","purchased_purges":1,"victory":false,"max_hp_per_floor":[65,65,65,65,65,65,65,59,59,59,59,59],"card_choices":[{"not_picked":["Deflect","Toxin Wave"],"picked":"Caltrops","floor":1},{"not_picked":["Acrobatics","Sucker Punch"],"picked":"Skewer","floor":2},{"not_picked":["Dodge and Roll","Dagger Spray"],"picked":"Predator","floor":3},{"not_picked":["Dagger Throw","Skewer","Acrobatics"],"picked":"SKIP","floor":5}],"player_experience":1034777,"relics_obtained":[{"floor":9,"key":"Replay:Baseball"}],"event_choices":[{"damage_healed":0,"gold_gain":0,"player_choice":"Entered Light","damage_taken":20,"max_hp_gain":0,"max_hp_loss":0,"event_name":"Shining Light","floor":7,"gold_loss":0,"cards_upgraded":["Defend_G","Strike_G"]},{"damage_healed":0,"gold_gain":0,"player_choice":"Lose Max HP","damage_taken":0,"relics_obtained":["Golden Idol"],"max_hp_gain":0,"max_hp_loss":6,"event_name":"Golden Idol","floor":8,"gold_loss":0}],"is_beta":false,"boss_relics":[],"items_purged_floors":[4],"is_endless":false,"potions_floor_spawned":[3],"killed_by":"Lagavulin","ascension_level":17}}