{"host":"y4fuci1jk2rsxnep","time":1613215684,"event":{"mods":["AchievementEnabler","BaseMod","Colored Powertips","Custom Start","Defuse TimeMaze Blight","Dio Mod","Downfall","Hermit","Hero for Fun","Hubris","Hunter ??","Infinite Spire","Minty Spire (QoL Compilation)","Quick Restart","Reliquary","Remove Card Discount Mod","Replay The Spire","StSLib","The Blackbeard","The Bug Knight","The Mystic","The Runesmith"],"gold_per_floor":[114,130,130,130,160,160,186,102,156,156,217,228,257,286,286,460,460,435,435,435,435,97,97,126,126,126],"floor_reached":25,"language":"ENG","playtime":2190,"items_purged":["hermit:Defend_Hermit","hermit:Defend_Hermit","Replay:GuardianBash","Shame","Bash","hermit:Coalescence","hermit:Defend_Hermit","hermit:Defend_Hermit"],"score":203,"play_id":"b6b8a9f8-8098-49a5-ac6a-a0465da3d312","local_time":"20210213122804","is_ascension_mode":false,"campfire_choices":[{"data":"hermit:TakeAim","floor":10,"key":"SMITH"},{"data":"hermit:BigShot","floor":15,"key":"SMITH"},{"data":"hermit:TakeAim","floor":23,"key":"SMITH"}],"circlet_count":0,"master_deck":["hermit:Strike_Hermit","hermit:Strike_Hermit","hermit:Snapshot+1","hermit:Covet","hermit:DeadOrAlive","hermit:GhostlyPresence","hermit:PistolWhip","hermit:Deadeye+1","hermit:TakeAim+1","hermit:GhostlyPresence","hermit:BigShot+1","hermit:GhostlyPresence","hermit:BlackWind","hermit:TakeAim+1","RitualDagger","Panache","Good Instincts","hermit:Virtue"],"relics":["hermit:Momento","hubris:Icosahedron","reliquary:Buckler","reliquary:Stiletto","SlaversCollar","hubris:Towel","HollowMod:PaleOreRelic"],"acts_visited":["Exordium","TheCity"],"potions_floor_usage":[16,16,16],"damage_taken":[{"damage":6,"enemies":"Cultist","floor":1,"turns":3},{"damage":3,"enemies":"Jaw Worm","floor":2,"turns":3},{"damage":0,"enemies":"Small Slimes","floor":5,"turns":6},{"damage":0,"enemies":"Looter","floor":7,"turns":3},{"damage":24,"enemies":"3 Sentries","floor":11,"turns":10},{"damage":2,"enemies":"Red Slaver","floor":12,"turns":3},{"damage":13,"enemies":"2 Fungi Beasts","floor":13,"turns":4},{"damage":10,"enemies":"Looter","floor":14,"turns":3},{"damage":38,"enemies":"The Guardian","floor":16,"turns":10},{"damage":41,"enemies":"2 Thieves","floor":18,"turns":5},{"damage":8,"enemies":"Chosen","floor":24,"turns":4},{"damage":24,"enemies":"Centurion and Healer","floor":25,"turns":4}],"seed_played":"2251989547951486446","potions_obtained":[{"floor":5,"key":"Regen Potion"},{"floor":7,"key":"LiquidMemories"},{"floor":11,"key":"LiquidBronze"},{"floor":12,"key":"Adrenaline Potion"}],"is_trial":false,"path_per_floor":["M","M","?","?","M","?","M","$","T","R","E","M","M","M","R","B",null,"M","?","?","?","$","R","M","M"],"character_chosen":"HERMIT","items_purchased":["hermit:GhostlyPresence","hermit:Coalescence","Panache","Good Instincts"],"campfire_rested":0,"item_purchase_floors":[8,22,22,22],"current_hp_per_floor":[69,66,66,66,66,66,66,66,66,66,42,40,75,65,65,42,75,34,34,34,28,28,28,20,0,0],"gold":126,"neow_bonus":"THREE_RARE_CARDS","is_daily":false,"chose_seed":false,"campfire_upgraded":3,"win_rate":0.0,"timestamp":1613215684,"path_taken":["M","?","?","?","?","?","M","$","T","R","E","M","?","M","R","BOSS","M","?","?","?","$","R","M","M"],"items_purchased_type":["Card","Card","Card","Card"],"build_version":"2020-12-22","purchased_purges":8,"victory":false,"max_hp_per_floor":[75,75,75,75,75,75,75,75,75,75,75,75,75,75,75,75,75,75,75,75,75,75,75,75,75,75],"card_choices":[{"not_picked":["hermit:EternalForm","hermit:Adapt"],"picked":"hermit:DeadOrAlive","floor":0},{"not_picked":["hermit:CalledShot","hermit:Virtue"],"picked":"hermit:GhostlyPresence","floor":1},{"not_picked":["hermit:HighCaliber","hermit:Roulette"],"picked":"hermit:PistolWhip","floor":2},{"not_picked":["hermit:PistolWhip","hermit:WideOpen"],"picked":"hermit:Deadeye","floor":5},{"not_picked":["hermit:FlashPowder","hermit:Adapt"],"picked":"hermit:TakeAim","floor":7},{"not_picked":["hermit:Glare","hermit:Maintenance","hermit:Coalescence"],"picked":"SKIP","floor":11},{"not_picked":["hermit:ItchyTrigger","hermit:LoneWolf","hermit:Roulette"],"picked":"SKIP","floor":12},{"not_picked":["hermit:TakeCover","hermit:LuckOfTheDraw"],"picked":"hermit:BigShot","floor":13},{"not_picked":["hermit:EyeOfTheStorm","hermit:Ricochet"],"picked":"hermit:GhostlyPresence","floor":14},{"not_picked":["hermit:HeroicBravado","hermit:Purgatory"],"picked":"hermit:BlackWind","floor":16},{"not_picked":["hermit:GhostlyPresence+1","hermit:CalledShot"],"picked":"hermit:TakeAim","floor":18},{"not_picked":["hermit:PistolWhip","hermit:Dive+1"],"picked":"hermit:Virtue","floor":24}],"player_experience":540002,"relics_obtained":[{"floor":9,"key":"reliquary:Buckler"},{"floor":11,"key":"reliquary:Stiletto"}],"event_choices":[{"cards_removed":["hermit:Strike_Hermit"],"damage_healed":0,"gold_gain":0,"player_choice":"Purged","damage_taken":0,"max_hp_gain":0,"max_hp_loss":0,"event_name":"Purifier","floor":4,"gold_loss":0},{"cards_removed":["hermit:Strike_Hermit"],"damage_healed":0,"gold_gain":0,"player_choice":"Card Removal","damage_taken":0,"max_hp_gain":0,"max_hp_loss":0,"event_name":"Wheel of Change","floor":6,"gold_loss":0},{"damage_healed":0,"gold_gain":0,"player_choice":"Stole Relic","damage_taken":0,"relics_obtained":["HollowMod:PaleOreRelic"],"max_hp_gain":0,"max_hp_loss":0,"event_name":"Addict","floor":20,"gold_loss":0,"cards_obtained":["Shame"]},{"damage_healed":0,"gold_gain":0,"player_choice":"Joined the Cult","damage_taken":6,"max_hp_gain":0,"max_hp_loss":0,"event_name":"Nest","floor":21,"gold_loss":0,"cards_obtained":["RitualDagger"]}],"is_beta":false,"boss_relics":[{"not_picked":["reliquary:WritOfMandamus","Painkiller Herb"],"picked":"SlaversCollar"}],"items_purged_floors":[8,8,8,22,22,22,22,22],"is_endless":false,"potions_floor_spawned":[5,7,11,12,14],"killed_by":"Centurion and Healer","ascension_level":0}}