{"host":"u0qetpmu4y58k1tf","time":1613254904,"event":{"mods":["100% Spire Juice","AchievementEnabler","Act Like it!","BaseMod","CapriCore","Colored Map","Colored Powertips","Gensokyo","Hallownest","Hermit","Infinite Spire","Koishi","Marisa£¨Ùöéë¡¡Øª×âÞÞ£©","Minty Spire (QoL Compilation)","Quick Restart","Reliquary","Replay The Spire","StSLib","Td1madao Mod","The Bug Knight","The Cursed","The Gatherer","The Hierophant","The Immortal","The Jungle","The Runesmith","WarShipGirlsR/??á´Ò³R mod"],"gold_per_floor":[116,116,136,7,22,22,22],"floor_reached":6,"language":"KOR","playtime":186,"items_purged":[],"score":43,"play_id":"5c1a6b65-d445-4f23-83c5-780e3d632906","local_time":"20210214072144","is_ascension_mode":true,"campfire_choices":[],"circlet_count":0,"master_deck":["Strike_R","Strike_R","Strike_R","Strike_R","Strike_R","Defend_R","Defend_R","Defend_R","Defend_R","Bash","ReplayTheSpireMod:Limb From Limb","Heavy Blade","Hemokinesis","Gensokyo:MedicineKit","ReplayTheSpireMod:LeadingStrike"],"relics":["Burning Blood","NeowsBlessing"],"acts_visited":["Exordium"],"potions_floor_usage":[],"damage_taken":[{"damage":0,"enemies":"Gensokyo:Python","floor":1,"turns":1},{"damage":0,"enemies":"Gensokyo:3_Fairies","floor":3,"turns":2},{"damage":8,"enemies":"Gensokyo:2_Kodama","floor":5,"turns":2},{"damage":82,"enemies":"Gensokyo:Cirno","floor":6,"turns":7}],"seed_played":"-2706961304679955316","potions_obtained":[{"floor":3,"key":"BloodPotion"},{"floor":5,"key":"Elixir"}],"is_trial":false,"path_per_floor":["M","?","M","COS","M","E"],"character_chosen":"IRONCLAD","items_purchased":[],"campfire_rested":0,"item_purchase_floors":[],"current_hp_per_floor":[80,80,80,80,78,0,0],"gold":22,"neow_bonus":"THREE_ENEMY_KILL","is_daily":false,"chose_seed":false,"campfire_upgraded":0,"win_rate":0.0,"timestamp":1613254904,"path_taken":["M","?","?","COS","M","E"],"items_purchased_type":[],"build_version":"2020-12-22","purchased_purges":0,"victory":false,"max_hp_per_floor":[80,80,80,80,80,80,80],"card_choices":[{"not_picked":["Wild Strike","ReplayTheSpireMod:Strike From Hell"],"picked":"ReplayTheSpireMod:Limb From Limb","floor":1},{"not_picked":["Clothesline","Run Through"],"picked":"Heavy Blade","floor":2},{"not_picked":["Power Through","Warcry"],"picked":"Hemokinesis","floor":3},{"not_picked":["Feed","Shrug It Off"],"picked":"ReplayTheSpireMod:LeadingStrike","floor":5}],"player_experience":134538,"relics_obtained":[],"event_choices":[],"is_beta":false,"boss_relics":[],"items_purged_floors":[],"is_endless":false,"potions_floor_spawned":[3,5],"killed_by":"Gensokyo:Cirno","ascension_level":4}}