{"host":"bgyhjzqafgkxdxsh","time":1613191266,"event":{"mods":["BaseMod","Colored Map","Minty Spire (QoL Compilation)","Relic Stats","StSLib","everything is the same but u backflip on backflip"],"gold_per_floor":[16,33,51,66,66,97,97,130,130,163,182,127,141,141,141,220,220,230,145,162,162,14,14,14],"floor_reached":23,"language":"ENG","playtime":746,"items_purged":["Strike_G"],"score":413,"play_id":"6bb6b3e7-60ce-46df-8e84-6683a08ca6b2","local_time":"20210213144106","is_ascension_mode":true,"campfire_choices":[{"data":"Phantasmal Killer","floor":7.0,"key":"SMITH"},{"data":"Bouncing Flask","floor":15,"key":"SMITH"}],"circlet_count":0,"master_deck":["AscendersBane","Strike_G","Strike_G","Strike_G","Defend_G","Defend_G","Defend_G","Defend_G","Survivor","Neutralize","Unload","Backflip","Terror","Slice","Footwork","Cloak And Dagger","Phantasmal Killer+1","Skewer","Bouncing Flask+1","Backflip","Escape Plan","Burst","Catalyst","Deadly Poison","Bouncing Flask"],"relics":["Ring of the Snake","Blue Candle","Tiny Chest","The Specimen","Mango","Dream Catcher","Runic Pyramid","Gremlin Horn","Mummified Hand"],"acts_visited":["Exordium","TheCity"],"potions_floor_usage":[18],"damage_taken":[{"damage":2.0,"enemies":"Cultist","floor":1.0,"turns":4.0},{"damage":7.0,"enemies":"Jaw Worm","floor":2.0,"turns":3.0},{"damage":0.0,"enemies":"Small Slimes","floor":3.0,"turns":3.0},{"damage":8.0,"enemies":"Blue Slaver","floor":4.0,"turns":2.0},{"damage":13.0,"enemies":"Lagavulin","floor":6.0,"turns":6.0},{"damage":0.0,"enemies":"Gremlin Nob","floor":8.0,"turns":2.0},{"damage":34.0,"enemies":"3 Sentries","floor":10.0,"turns":9.0},{"damage":3.0,"enemies":"Looter","floor":11.0,"turns":3.0},{"damage":0,"enemies":"2 Fungi Beasts","floor":13,"turns":3},{"damage":20,"enemies":"Hexaghost","floor":16,"turns":6},{"damage":28,"enemies":"2 Thieves","floor":18,"turns":4},{"damage":9,"enemies":"Chosen","floor":20,"turns":5},{"damage":26,"enemies":"Slavers","floor":23,"turns":2}],"seed_played":"8916428180223397481","potions_obtained":[{"floor":1.0,"key":"SneckoOil"},{"floor":6.0,"key":"SneckoOil"},{"floor":8.0,"key":"Strength Potion"},{"floor":16,"key":"Explosive Potion"},{"floor":20,"key":"SpeedPotion"}],"is_trial":false,"path_per_floor":["M","M","M","M","T","E","R","E","T","E","M","?","M","?","R","B",null,"M","?","M","T","$","E"],"character_chosen":"THE_SILENT","items_purchased":["Bouncing Flask"],"campfire_rested":0,"item_purchase_floors":[22],"current_hp_per_floor":[57,50,50,42,42,29,29,29,43,9,6,6,6,32,32,12,63,35,35,26,26,26,0,0],"gold":14,"neow_bonus":"TRANSFORM_TWO_CARDS","is_daily":false,"chose_seed":false,"campfire_upgraded":2,"win_rate":0.0,"timestamp":1613191266,"path_taken":["M","M","M","M","?","E","R","E","T","E","M","?","M","?","R","BOSS","M","?","M","?","$","E"],"items_purchased_type":["Card"],"build_version":"2020-12-22","purchased_purges":1,"victory":false,"max_hp_per_floor":[66,66,66,66,66,66,66,66,80,80,80,80,80,80,80,80,80,80,80,80,80,80,80,80],"relic_stats":{"Dream Catcher":0,"Gremlin Horn":[0,0],"counters":[13,52],"Mummified Hand":[0],"Blue Candle":[1],"Tiny Chest":1,"obtain_stats":[{"Dream Catcher":10,"The Specimen":8,"Gremlin Horn":19,"Mummified Hand":21,"Blue Candle":5,"Tiny Chest":6,"Mango":9,"Ring of the Snake":0,"Runic Pyramid":17},{"Dream Catcher":7,"The Specimen":6,"Gremlin Horn":11,"Mummified Hand":12,"Blue Candle":4,"Tiny Chest":5,"Mango":6,"Ring of the Snake":0,"Runic Pyramid":10},{"Dream Catcher":29,"The Specimen":20,"Gremlin Horn":45,"Mummified Hand":50,"Blue Candle":12,"Tiny Chest":18,"Mango":20,"Ring of the Snake":0,"Runic Pyramid":41}],"Ring of the Snake":[26]},"card_choices":[{"not_picked":["Noxious Fumes","Deflect"],"picked":"Terror","floor":1.0},{"not_picked":["Dodge and Roll","Footwork"],"picked":"Slice","floor":2.0},{"not_picked":["Expertise","Bane"],"picked":"Footwork","floor":3.0},{"not_picked":["Dagger Throw","Caltrops"],"picked":"Cloak And Dagger","floor":4.0},{"not_picked":["Eviscerate","Noxious Fumes"],"picked":"Phantasmal Killer","floor":6.0},{"not_picked":["Quick Slash","Blade Dance"],"picked":"Skewer","floor":8.0},{"not_picked":["Corpse Explosion","Slice"],"picked":"Bouncing Flask","floor":10.0},{"not_picked":["Underhanded Strike","Flying Knee"],"picked":"Backflip","floor":11.0},{"not_picked":["Eviscerate","Backflip"],"picked":"Escape Plan","floor":13},{"not_picked":["A Thousand Cuts","Tools of the Trade"],"picked":"Burst","floor":16},{"not_picked":["Backflip","Cloak And Dagger"],"picked":"Catalyst","floor":18},{"not_picked":["Finisher","Skewer"],"picked":"Deadly Poison","floor":20}],"player_experience":519900,"relics_obtained":[{"floor":5.0,"key":"Blue Candle"},{"floor":6.0,"key":"Tiny Chest"},{"floor":8.0,"key":"The Specimen"},{"floor":9.0,"key":"Mango"},{"floor":10.0,"key":"Dream Catcher"},{"floor":21,"key":"Mummified Hand"}],"event_choices":[{"damage_healed":0.0,"max_hp_gain":0.0,"max_hp_loss":0.0,"gold_gain":0.0,"event_name":"World of Goop","player_choice":"Left Gold","floor":12.0,"gold_loss":55.0,"damage_taken":0.0},{"damage_healed":26,"gold_gain":0,"player_choice":"Banana","damage_taken":0,"max_hp_gain":0,"max_hp_loss":0,"event_name":"Big Fish","floor":14,"gold_loss":0},{"damage_healed":0,"gold_gain":0,"player_choice":"Obtained Relic","damage_taken":0,"relics_obtained":["Gremlin Horn"],"max_hp_gain":0,"max_hp_loss":0,"event_name":"Addict","floor":19,"gold_loss":85}],"is_beta":false,"boss_relics":[{"not_picked":["Fusion Hammer","Astrolabe"],"picked":"Runic Pyramid"}],"items_purged_floors":[22],"is_endless":false,"potions_floor_spawned":[1,6,8,16,20],"killed_by":"Slavers","ascension_level":15}}