{"host":"jruzzdd1waq9u00d","time":1613224352,"event":{"mods":["BaseMod","Colored Map","Colored Powertips","DeckTracker","Downfall","Minty Spire (QoL Compilation)","Quick Restart","Relic Stats","StSLib","SuperFastMode"],"gold_per_floor":[99,113,132,143,143,155,182,182,246,296,311,411,311,311,330,429,429,429,441,461,226,226,255,280,280,280,280,280,280],"floor_reached":27,"language":"ENG","playtime":1353,"items_purged":["sneckomod:SoulExchange"],"score":248,"play_id":"b4e9140c-5c5f-4a8c-8b07-cce2b65bcab8","local_time":"20210213225232","is_ascension_mode":false,"campfire_choices":[{"data":"sneckomod:Unknown","floor":1.0,"key":"SMITH"},{"floor":13.0,"key":"REST"},{"data":"sneckomod:UnknownBoss","floor":18.0,"key":"SMITH"}],"circlet_count":0,"master_deck":["sneckomod:TailWhip","sneckomod:SnekBite","sneckomod:Unknown+1","sneckomod:Unknown+1","sneckomod:MasterEye","sneckomod:UnknownUncommonPower","sneckomod:Rotation","sneckomod:UnknownBoss+1","sneckomod:UnknownStrength","sneckomod:UnknownRareAttack","sneckomod:UnknownUncommonAttack","sneckomod:UnknownBoss+1","sneckomod:Unknown3Cost","sneckomod:Unknown2Cost","sneckomod:DiceCrush+1"],"relics":["sneckomod:SneckoSoul","PreservedInsect","Boot","downfall:HeartBlessingBlue","Busted Crown","DollysMirror","Nunchaku","Tiny Chest"],"acts_visited":["Exordium","TheCity"],"potions_floor_usage":[26,26],"damage_taken":[{"damage":1.0,"enemies":"Small Slimes","floor":2.0,"turns":2.0},{"damage":2.0,"enemies":"2 Louse","floor":3.0,"turns":2.0},{"damage":6.0,"enemies":"Cultist","floor":4.0,"turns":3.0},{"damage":16.0,"enemies":"Blue Slaver","floor":6.0,"turns":4.0},{"damage":28.0,"enemies":"3 Sentries","floor":9.0,"turns":8.0},{"damage":9.0,"enemies":"2 Fungi Beasts","floor":11.0,"turns":3.0},{"damage":20.0,"enemies":"downfall:Heads","floor":12.0,"turns":4.0},{"damage":10.0,"enemies":"Exordium Thugs","floor":15.0,"turns":2.0},{"damage":28.0,"enemies":"IC_STATUS_ARCHETYPE","floor":16.0,"turns":6.0},{"damage":43,"enemies":"Shell Parasite","floor":19,"turns":6},{"damage":10,"enemies":"3 Byrds","floor":20,"turns":3},{"damage":5,"enemies":"downfall:FleeingMerchant","floor":21,"turns":4},{"damage":82,"enemies":"Slavers","floor":23,"turns":5},{"damage":0,"enemies":"Snecko","floor":26,"turns":2},{"damage":4,"enemies":"Snake Plant","floor":27,"turns":1}],"seed_played":"-8707884759251234823","potions_obtained":[{"floor":3.0,"key":"champ:CounterPotion"},{"floor":4.0,"key":"SteroidPotion"},{"floor":6.0,"key":"PowerPotion"},{"floor":12.0,"key":"SmokeBomb"},{"floor":23,"key":"AttackPotion"}],"is_trial":false,"path_per_floor":["R","M","M","M","?","M","T","?","?","T","M","?","R","?","M","B",null,"R","M","M","$","?","E","T","?","M","M"],"character_chosen":"THE_SNECKO","items_purchased":["DollysMirror"],"campfire_rested":1,"item_purchase_floors":[21],"current_hp_per_floor":[99,98,96,90,95,79,79,79,51,51,42,22,66,66,56,28,114,114,71,61,56,56,4,4,4,4,0,0,0],"gold":280,"neow_bonus":"TEN_PERCENT_HP_BONUS","is_daily":false,"chose_seed":false,"campfire_upgraded":2,"win_rate":0.0,"timestamp":1613224352,"path_taken":["R","M","M","M","?","M","T","?","?","?","?","?","R","?","M","BOSS","R","M","M","$","?","E","T","?","M","M"],"items_purchased_type":["Relic"],"build_version":"2020-12-22","purchased_purges":1,"victory":false,"max_hp_per_floor":[99,99,99,99,104,104,104,104,104,104,104,104,114,114,114,114,114,114,114,114,114,114,114,114,114,114,114,114,114],"relic_stats":{"Nunchaku":[0],"Busted Crown":8,"counters":[15,55],"Tiny Chest":0,"PreservedInsect":178,"Boot":[22],"obtain_stats":[{"Nunchaku":23,"Busted Crown":17,"downfall:HeartBlessingBlue":13,"DollysMirror":21,"Tiny Chest":24,"PreservedInsect":9,"sneckomod:SneckoSoul":0,"Boot":10},{"Nunchaku":13,"Busted Crown":9,"downfall:HeartBlessingBlue":7,"DollysMirror":12,"Tiny Chest":13,"PreservedInsect":5,"sneckomod:SneckoSoul":0,"Boot":5},{"Nunchaku":52,"Busted Crown":34,"downfall:HeartBlessingBlue":26,"DollysMirror":47,"Tiny Chest":52,"PreservedInsect":19,"sneckomod:SneckoSoul":0,"Boot":19}]},"card_choices":[{"not_picked":["sneckomod:SlitherStrike","sneckomod:SoulCleanse","sneckomod:QuickMove"],"picked":"SKIP","floor":2.0},{"not_picked":["sneckomod:SnekBeam","sneckomod:Nope"],"picked":"sneckomod:MasterEye","floor":3.0},{"not_picked":["sneckomod:IronFang","sneckomod:UnknownUncommonPower","sneckomod:WideSting"],"picked":"SKIP","floor":4.0},{"not_picked":["sneckomod:IronFang","sneckomod:WideSting"],"picked":"sneckomod:UnknownUncommonPower","floor":4.0},{"not_picked":["sneckomod:UnknownCommonSkill","sneckomod:QuickBite"],"picked":"sneckomod:Rotation","floor":6.0},{"not_picked":["sneckomod:SlitherStrike","sneckomod:DiceCrush"],"picked":"sneckomod:UnknownBoss","floor":9.0},{"not_picked":["sneckomod:SnekBeam","sneckomod:IronFang","sneckomod:UnknownCommonAttack"],"picked":"SKIP","floor":11.0},{"not_picked":["sneckomod:UnknownDexterity","sneckomod:Unknown0Cost"],"picked":"sneckomod:UnknownStrength","floor":15.0},{"not_picked":["sneckomod:GlitteringGambit","sneckomod:Transmogrify"],"picked":"sneckomod:UnknownRareAttack","floor":16.0},{"not_picked":["sneckomod:UnknownCommonSkill+1"],"picked":"SKIP","floor":19},{"not_picked":[],"picked":"sneckomod:UnknownUncommonAttack","floor":20},{"not_picked":["sneckomod:ImprovisedAttack+1"],"picked":"SKIP","floor":21},{"not_picked":[],"picked":"sneckomod:DiceCrush+1","floor":23}],"player_experience":465417,"relics_obtained":[{"floor":9.0,"key":"PreservedInsect"},{"floor":10.0,"key":"Boot"},{"floor":23,"key":"Nunchaku"},{"floor":24,"key":"Tiny Chest"}],"event_choices":[{"damage_healed":0.0,"max_hp_gain":5.0,"max_hp_loss":0.0,"gold_gain":0.0,"event_name":"Big Fish","player_choice":"Donut","floor":5.0,"gold_loss":0.0,"damage_taken":0.0},{"cards_removed":["sneckomod:Strike"],"damage_healed":0.0,"max_hp_gain":0.0,"max_hp_loss":0.0,"gold_gain":0.0,"event_name":"The Cleric","player_choice":"Card Removal","floor":14.0,"gold_loss":0.0,"damage_taken":0.0},{"damage_healed":0,"gold_gain":0,"player_choice":"Ignored","damage_taken":0,"max_hp_gain":0,"max_hp_loss":0,"event_name":"Vampires","floor":25,"gold_loss":0}],"is_beta":false,"boss_relics":[{"not_picked":["Tiny House","SlaversCollar"],"picked":"Busted Crown"}],"items_purged_floors":[21],"is_endless":false,"potions_floor_spawned":[3,4,6,12,20,23],"killed_by":"Snake Plant","ascension_level":0}}