{"host":"c3lc60y5x60jlt1y","time":1613222998,"event":{"mods":["AchievementEnabler","BaseMod","Bestiary","Colored Map","Minty Spire (QoL Compilation)","Quick Restart","StSLib","ojb\u0027s Info Mod"],"gold_per_floor":[13,13,26,26,39,39,66,66,91,107,107,107],"floor_reached":11,"language":"ENG","playtime":668,"items_purged":[],"score":146,"play_id":"5bd424dc-36b7-4145-b3c8-d844ed0f762c","local_time":"20210213152958","is_ascension_mode":true,"campfire_choices":[{"data":"Sweeping Beam","floor":6.0,"key":"SMITH"},{"data":"Defragment","floor":8,"key":"SMITH"}],"circlet_count":0,"master_deck":["AscendersBane","Strike_B","Strike_B","Strike_B","Strike_B","Defend_B","Defend_B","Defend_B","Zap","Dualcast","Defragment+1","Steam","Sweeping Beam+1","Static Discharge","Storm"],"relics":["Cracked Core","Torii","Boot","Happy Flower"],"acts_visited":["Exordium"],"potions_floor_usage":[7,11],"damage_taken":[{"damage":2.0,"enemies":"2 Louse","floor":1.0,"turns":3.0},{"damage":1.0,"enemies":"Cultist","floor":3.0,"turns":3.0},{"damage":7.0,"enemies":"Jaw Worm","floor":5.0,"turns":2.0},{"damage":36,"enemies":"Gremlin Nob","floor":7,"turns":4},{"damage":0,"enemies":"Lots of Slimes","floor":10,"turns":2},{"damage":24,"enemies":"Lagavulin","floor":11,"turns":5}],"seed_played":"6123690814826665012","potions_obtained":[{"floor":1.0,"key":"DuplicationPotion"},{"floor":7,"key":"SkillPotion"}],"is_trial":false,"path_per_floor":["M","?","M","$","M","R","E","R","T","M","E"],"character_chosen":"DEFECT","items_purchased":[],"campfire_rested":0,"item_purchase_floors":[],"current_hp_per_floor":[62,62,61,61,54,54,18,18,18,18,0,0],"gold":107,"neow_bonus":"ONE_RARE_RELIC","is_daily":false,"chose_seed":false,"campfire_upgraded":2,"win_rate":0.0,"timestamp":1613222998,"path_taken":["M","?","M","?","M","R","E","R","T","M","E"],"items_purchased_type":[],"build_version":"2020-12-22","purchased_purges":0,"victory":false,"max_hp_per_floor":[71,71,71,71,71,71,71,71,71,71,71,71],"card_choices":[{"not_picked":["Streamline","Reinforced Body"],"picked":"Defragment","floor":1.0},{"not_picked":["Hello World","Redo"],"picked":"Steam","floor":3.0},{"not_picked":["Conserve Battery","Beam Cell"],"picked":"Sweeping Beam","floor":5.0},{"not_picked":["Sweeping Beam","Double Energy"],"picked":"Static Discharge","floor":7},{"not_picked":["Meteor Strike","Hello World"],"picked":"Storm","floor":10}],"player_experience":9256873,"relics_obtained":[{"floor":7,"key":"Boot"},{"floor":9,"key":"Happy Flower"}],"event_choices":[{"cards_removed":["Defend_B"],"damage_healed":0.0,"max_hp_gain":0.0,"max_hp_loss":0.0,"gold_gain":0.0,"event_name":"Purifier","player_choice":"Purged","floor":2.0,"gold_loss":0.0,"damage_taken":0.0}],"is_beta":false,"boss_relics":[],"items_purged_floors":[],"is_endless":false,"potions_floor_spawned":[1,7],"killed_by":"Lagavulin","ascension_level":20}}