{"host":"3y33rrrkia6pkpow","time":1613237683,"event":{"mods":["2.2 Compatiblity","AchievementEnabler","Act Like it!","BaseMod","BetterRewards","Block Reminder","Colored Map","Colored Powertips","DeckTracker","Faster Ascension Climbing","Gensokyo","Highlight Path","Infinite Spire","Minty Spire (QoL Compilation)","Quick Restart","Rare Cards Sparkle","Replay The Spire","Shop Mod","Spicy Shops","StSLib","Synergy Search","The Animator","The Blue Laboratory","Unknown Chances"],"gold_per_floor":[123,123,123,143,157,157,190,202,227,256,256,256,256,256,256,256,256,331,331,347,359,373,390,390,390,424,244,267,267,298,8,37,287,299,374,424,435,448,448,448,460,485,395,425,504,504,520,550,550,584,584,584,584],"floor_reached":54,"language":"ENG","playtime":7789,"items_purged":["Normality"],"score":2463,"play_id":"6aa7717f-27a1-42c5-99eb-98069c374f3a","local_time":"20210213113443","is_ascension_mode":true,"campfire_choices":[{"floor":6.0,"key":"REST"},{"floor":12.0,"key":"REST"},{"data":"animator:AcuraAkari","floor":17.0,"key":"SMITH"},{"floor":25.0,"key":"REST"},{"floor":29.0,"key":"REST"},{"floor":34.0,"key":"REST"},{"floor":46.0,"key":"REST"},{"floor":51,"key":"REST"}],"circlet_count":0,"master_deck":["AscendersBane","animator:Strike_HitsugiNoChaika","animator:Defend_HitsugiNoChaika","animator:Strike+1","animator:Strike","animator:Defend","animator:Defend+1","animator:Defend","animator:AcuraAkari+1","animator:Gillette","animator:YuukaKazami","animator:Archer+1","animator:ChaikaBohdan","animator:YuukaKazami","animator:HiiragiShinya","animator:Rena","animator:JunSakurada+10","animator:Konayuki","Injury","animator:HinaKagiyama","animator:Curse_Dizziness","animator:AcuraShin+1","AbeCurse","animator:Gillette","animator:Laby+1","Looming Evil","Doubt","infinitespire:NeuralNetwork","animator:MeguKakizaki","animator:ChaikaBohdan","animator:YuukaKazami","animator:YuukaKazami+1","animator:NononJakuzure","animator:Kaijin","animator:Add","animator:AcuraTooru","animator:AcuraShin","animator:Elesis","animator:Fredrika","animator:CrowleyEusford","animator:HiiragiShinya","Looming Evil","animator:ChaikaBohdan","animator:ChaikaBohdan","Gensokyo:CustomPotion","animator:Archer","animator:YuukaKazami","animator:Laby","Pot Of Greed","Pot Of Greed","Pot Of Greed","Pot Of Greed","Pot Of Greed","animator:SanaeKochiya","animator:Rena"],"relics":["animator:LivingPicture","animator:TheMissingPiece","animator:PurgingStone","animator:EngravedStaff","animator:MantleOfTheStrategist","Pantograph","ReplayTheSpireMod:TigerMarble","Calipers","Garlic","Replay:Grab Bag","Philosopher\u0027s Stone","Abe\u0027s Treasure","animator:CursedBlade","Black Star","InkBottle","infinitespire:Bottled Soul","Guide Book","Nunchaku","Mango","Replay:Wax Seal","BargainBundle","Lizard Tail","HandDrill","Bronze Scales","Dream Catcher","Tiny House","ReplayTheSpireMod:Ring of Collecting","animator:Buoy","Replay:Rubber Ducky","Simple Rune","infinitespire:ShieldingShard","Ring of Misfortune","Darkstone Periapt","Grinning Jar","infinitespire:PuzzleCube","Strawberry","Boot","ReplayTheSpireMod:Lightbulb"],"acts_visited":["Gensokyo:Gensokyo","Gensokyo:Gensokyoer","Gensokyo:Gensokyoest"],"potions_floor_usage":[],"damage_taken":[{"damage":12.0,"enemies":"Gensokyo:Gryphon","floor":1.0,"turns":3.0},{"damage":0.0,"enemies":"Gensokyo:2_Kodama","floor":4.0,"turns":2.0},{"damage":0.0,"enemies":"Gensokyo:Python","floor":5.0,"turns":2.0},{"damage":12.0,"enemies":"Gensokyo:Aya","floor":7.0,"turns":3.0},{"damage":3.0,"enemies":"Gensokyo:2_Rabbits","floor":8.0,"turns":3.0},{"damage":0.0,"enemies":"Gensokyo:Mamizou","floor":10.0,"turns":6.0},{"damage":14.0,"enemies":"Gensokyo:Yukari","floor":18.0,"turns":6.0},{"damage":0.0,"enemies":"Gensokyo:2_Gloops","floor":20.0,"turns":2.0},{"damage":0.0,"enemies":"Gensokyo:Chomper","floor":21.0,"turns":3.0},{"damage":34.0,"enemies":"Gensokyo:Slime_Group","floor":22.0,"turns":5.0},{"damage":1.0,"enemies":"Gensokyo:Monolith_and_Dog","floor":23.0,"turns":3.0},{"damage":37.0,"enemies":"Gensokyo:Koishi","floor":26.0,"turns":6.0},{"damage":8.0,"enemies":"Gensokyo:Tenshi","floor":30.0,"turns":4.0},{"damage":0.0,"enemies":"Gensokyo:Koishi","floor":32.0,"turns":4.0},{"damage":35.0,"enemies":"Gensokyo:Kaguya","floor":35.0,"turns":7.0},{"damage":0.0,"enemies":"Gensokyo:3_Boulders","floor":37.0,"turns":4.0},{"damage":1.0,"enemies":"Gensokyo:3_Bats","floor":38.0,"turns":4.0},{"damage":44.0,"enemies":"Gensokyo:Rafflesia","floor":41.0,"turns":6.0},{"damage":28.0,"enemies":"Gensokyo:Doremy","floor":42.0,"turns":4.0},{"damage":0.0,"enemies":"Gensokyo:Kasen","floor":44.0,"turns":4.0},{"damage":0,"enemies":"Gensokyo:Dusk_and_Dawn","floor":47,"turns":4},{"damage":0,"enemies":"Gensokyo:Marisa","floor":48,"turns":5},{"damage":0,"enemies":"Gensokyo:Kasen","floor":50,"turns":5},{"damage":24,"enemies":"Gensokyo:Scarlet_Devils","floor":52,"turns":7},{"damage":11,"enemies":"Gensokyo:Shinki","floor":53,"turns":8}],"seed_played":"-4189657106018570358","potions_obtained":[{"floor":4.0,"key":"blueLaboratory:BubblePotion"},{"floor":7.0,"key":"blueLaboratory:BottleOfVodka"},{"floor":21.0,"key":"blueLaboratory:LouseDecoction"},{"floor":26.0,"key":"Fire Potion"},{"floor":48,"key":"blueLaboratory:RecallPotion"}],"is_trial":false,"path_per_floor":["M","?","?","M","M","R","E","M","T","E","?","R","?","?","R_BF","PTL","R","B",null,"M","M","M","M","?","R","E","COS","T","R","E","$","E","?","R","B",null,"M","M","?","?","M","E","?","E","T","R","M","E","?","E","R","B","B",null],"character_chosen":"THE_ANIMATOR","items_purchased":["animator:EngravedStaff","animator:YuukaKazami","animator:MantleOfTheStrategist","animator:Archer","BargainBundle","animator:YuukaKazami","Lizard Tail","Strength Potion","animator:NononJakuzure","HandDrill","animator:Kaijin"],"campfire_rested":7,"item_purchase_floors":[0,0,0,0,31,31,31,31,31,31,31],"current_hp_per_floor":[30,30,30,30,30,48,36,33,33,33,33,51,51,51,51,51,51,47,58,58,58,24,23,23,41,4,4,4,22,28,28,34,34,54,40,68,74,75,75,75,37,15,15,21,21,43,43,43,50,56,80,64,77],"gold":584,"neow_bonus":"","is_daily":false,"chose_seed":true,"campfire_upgraded":1,"win_rate":0.0,"timestamp":1613237683,"path_taken":["M","?","?","M","M","R","E","M","T","E","?","R","?","?","R_BF","PTL","R","BOSS","M","M","?","M","?","R","E","COS","T","R","E","$","E","?","R","BOSS","M","M","?","?","M","E","?","E","T","R","M","E","?","E","R","BOSS","BOSS"],"items_purchased_type":["Relic","Card","Relic","Card","Relic","Card","Relic","Potion","Card","Relic","Card"],"build_version":"2020-12-22","purchased_purges":1,"victory":true,"max_hp_per_floor":[60,60,60,60,60,60,60,60,60,60,60,60,60,60,60,60,60,61,61,61,61,61,61,61,61,61,61,61,61,75,75,75,69,69,69,75,75,75,75,75,75,75,75,75,75,75,75,75,82,82,82,82,82],"card_choices":[{"not_picked":["animator:Illya","animator:NoriSakurada"],"picked":"animator:ChaikaBohdan","floor":1.0},{"not_picked":["animator:Konayuki","animator:HiiragiShinya"],"picked":"animator:YuukaKazami","floor":4.0},{"not_picked":["animator:Shinoa","animator:MarisaKirisame"],"picked":"animator:HiiragiShinya","floor":5.0},{"not_picked":["animator:Chung","animator:Add"],"picked":"animator:Rena","floor":7.0},{"not_picked":["animator:Gillette","animator:YoshinoHaruhiko"],"picked":"animator:JunSakurada","floor":8.0},{"not_picked":["animator:Shigure","animator:YoshinoHaruhiko"],"picked":"animator:Konayuki","floor":10.0},{"not_picked":["animator:SatoriKomeiji","animator:Eve"],"picked":"animator:AcuraShin","floor":18.0},{"not_picked":["animator:Elsword","animator:Chung","animator:Benimaru"],"picked":"SKIP","floor":20.0},{"not_picked":["animator:Layla","animator:Guy"],"picked":"animator:Gillette","floor":21.0},{"not_picked":["animator:Chibimoth","animator:Ciel"],"picked":"animator:Laby+1","floor":22.0},{"not_picked":["animator:SakuyaOhtori+1","animator:Chung","animator:Midou"],"picked":"SKIP","floor":23.0},{"not_picked":["infinitespire:Starlight","ReplayTheSpireMod:Chaos Vortex"],"picked":"infinitespire:NeuralNetwork","floor":24.0},{"not_picked":["animator:KaguyaHouraisan+1","animator:SuikaIbuki"],"picked":"animator:MeguKakizaki","floor":26.0},{"not_picked":["animator:Gillette","animator:Viivi"],"picked":"animator:ChaikaBohdan","floor":30.0},{"not_picked":["animator:Chibimoth","animator:YoshinoHaruhiko"],"picked":"animator:Add","floor":32.0},{"not_picked":["animator:Yoichi","animator:TomoeKashiwaba"],"picked":"animator:AcuraTooru","floor":34.0},{"not_picked":["animator:FeridBathory","animator:Saber"],"picked":"animator:AcuraShin","floor":35.0},{"not_picked":["animator:Eve","animator:YukariYakumo"],"picked":"animator:Elesis","floor":35.0},{"not_picked":["animator:Mikaela+1","animator:Add"],"picked":"animator:Fredrika","floor":36.0},{"not_picked":["animator:UneriGinkaku","animator:Kaijin"],"picked":"animator:CrowleyEusford","floor":37.0},{"not_picked":["animator:Benimaru","animator:MarisaKirisame+1"],"picked":"animator:HiiragiShinya","floor":38.0},{"not_picked":["animator:Viivi","animator:Gillette"],"picked":"animator:ChaikaBohdan","floor":41.0},{"not_picked":["animator:Kaijin","animator:Illya"],"picked":"animator:ChaikaBohdan","floor":42.0},{"not_picked":["animator:Suiseiseki","animator:Gillette"],"picked":"animator:Archer","floor":44.0},{"not_picked":["animator:Ain","animator:Raven"],"picked":"animator:YuukaKazami","floor":46.0},{"not_picked":["animator:SuikaIbuki","animator:Gillette+1"],"picked":"animator:Laby","floor":47},{"not_picked":["animator:Clownpiece","animator:KaguyaHouraisan"],"picked":"animator:SanaeKochiya","floor":48},{"not_picked":["animator:Mikaela","animator:Hitei"],"picked":"animator:Rena","floor":50}],"player_experience":1008119,"relics_obtained":[{"floor":7.0,"key":"Pantograph"},{"floor":9.0,"key":"ReplayTheSpireMod:TigerMarble"},{"floor":10.0,"key":"Calipers"},{"floor":26.0,"key":"InkBottle"},{"floor":26.0,"key":"infinitespire:Bottled Soul"},{"floor":28.0,"key":"Nunchaku"},{"floor":30.0,"key":"Mango"},{"floor":30.0,"key":"Replay:Wax Seal"},{"floor":32.0,"key":"Bronze Scales"},{"floor":32.0,"key":"Dream Catcher"},{"floor":39.0,"key":"ReplayTheSpireMod:Ring of Collecting"},{"floor":42.0,"key":"animator:Buoy"},{"floor":42.0,"key":"Replay:Rubber Ducky"},{"floor":44.0,"key":"Simple Rune"},{"floor":44.0,"key":"infinitespire:ShieldingShard"},{"floor":45.0,"key":"Ring of Misfortune"},{"floor":45.0,"key":"Darkstone Periapt"},{"floor":48,"key":"Grinning Jar"},{"floor":48,"key":"infinitespire:PuzzleCube"},{"floor":50,"key":"Boot"},{"floor":50,"key":"ReplayTheSpireMod:Lightbulb"}],"event_choices":[],"is_beta":false,"boss_relics":[{"not_picked":["animator:VividPicture","Replay:Wanted Poster"],"picked":"Replay:Grab Bag"},{"not_picked":["ChewingGum","ReplayTheSpireMod:DimensionalGlitch"],"picked":"Philosopher\u0027s Stone"},{"not_picked":["Fusion Hammer","Painkiller Herb"],"picked":"Abe\u0027s Treasure"},{"not_picked":["Empty Cage","Kintsugi"],"picked":"animator:CursedBlade"},{"not_picked":["SacredBark","Astrolabe"],"picked":"Black Star"},{"not_picked":["Velvet Choker","Busted Crown"],"picked":"Tiny House"}],"items_purged_floors":[31],"is_endless":false,"potions_floor_spawned":[4,7,18,21,22,26,37,44,48,50],"ascension_level":20}}