{"host":"j36qkj20jqndbw01","time":1613204356,"event":{"mods":["AchievementEnabler","BaseMod","Colored Map","DeckTracker","Highlight Path","Keyboard Shortcuts","Minty Spire (QoL Compilation)","Quick Restart","Relic Stats","StSLib","SuperFastMode","everything is the same but u backflip on backflip"],"gold_per_floor":[113,133,150,161,171,171,206,206,261,261,277,277,310,326,326,397,397,352,352,189,189,204,235,235,235,235],"floor_reached":25,"language":"KOR","playtime":1038,"items_purged":["Strike_B"],"score":443,"play_id":"014acf4c-c8a1-4151-b93b-97952686d047","local_time":"20210213171916","is_ascension_mode":true,"campfire_choices":[{"data":"Self Repair","floor":6.0,"key":"SMITH"},{"data":"Darkness","floor":10.0,"key":"SMITH"},{"data":"Go for the Eyes","floor":12.0,"key":"SMITH"},{"data":"Zap","floor":15.0,"key":"SMITH"},{"data":"Seek","floor":24,"key":"SMITH"}],"circlet_count":0,"master_deck":["AscendersBane","Strike_B","Strike_B","Strike_B","Defend_B","Defend_B","Defend_B","Defend_B","Zap+1","Dualcast","Cold Snap","Chill","Go for the Eyes+1","Self Repair+1","Darkness+1","Glacier","Seek+1","White Noise","Loop+1","Loop+1","Compile Driver"],"relics":["Cracked Core","Turnip","Omamori","Bag of Marbles","Vajra","Inserter","Frozen Egg 2","Bottled Lightning"],"acts_visited":["Exordium","TheCity"],"potions_floor_usage":[23,23],"damage_taken":[{"damage":6.0,"enemies":"Cultist","floor":1.0,"turns":3.0},{"damage":0.0,"enemies":"2 Louse","floor":2.0,"turns":2.0},{"damage":10.0,"enemies":"Jaw Worm","floor":3.0,"turns":3.0},{"damage":6.0,"enemies":"3 Louse","floor":4.0,"turns":4.0},{"damage":6.0,"enemies":"Gremlin Gang","floor":5.0,"turns":8.0},{"damage":28.0,"enemies":"3 Sentries","floor":7.0,"turns":12.0},{"damage":9.0,"enemies":"Large Slime","floor":11.0,"turns":5.0},{"damage":1.0,"enemies":"Lagavulin","floor":13.0,"turns":7.0},{"damage":10.0,"enemies":"2 Fungi Beasts","floor":14.0,"turns":4.0},{"damage":11.0,"enemies":"The Guardian","floor":16.0,"turns":12.0},{"damage":26.0,"enemies":"2 Thieves","floor":18.0,"turns":5.0},{"damage":16.0,"enemies":"3 Byrds","floor":22.0,"turns":7.0},{"damage":80,"enemies":"Gremlin Leader","floor":23,"turns":9},{"damage":42,"enemies":"Slavers","floor":25,"turns":3}],"seed_played":"-2679794565549749263","potions_obtained":[{"floor":2.0,"key":"Strength Potion"},{"floor":4.0,"key":"Strength Potion"},{"floor":7.0,"key":"Explosive Potion"},{"floor":11.0,"key":"Regen Potion"},{"floor":22.0,"key":"Regen Potion"}],"is_trial":false,"path_per_floor":["M","M","M","M","M","R","E","T","T","R","M","R","E","M","R","B",null,"M","?","$","?","M","E","R","E"],"character_chosen":"DEFECT","items_purchased":["Loop+1"],"campfire_rested":0,"item_purchase_floors":[20],"current_hp_per_floor":[65,65,55,49,43,43,25,25,25,25,26,26,35,35,35,34,67,51,51,51,51,45,27,27,0,0],"gold":235,"neow_bonus":"TEN_PERCENT_HP_BONUS","is_daily":false,"chose_seed":false,"campfire_upgraded":5,"win_rate":0.0,"timestamp":1613204356,"path_taken":["M","?","M","M","M","R","E","?","T","R","M","R","E","M","R","BOSS","M","?","$","?","M","E","R","E"],"items_purchased_type":["Card"],"build_version":"2020-12-22","purchased_purges":1,"victory":false,"max_hp_per_floor":[78,78,78,78,78,78,78,78,78,78,78,78,78,78,78,78,78,78,78,78,78,78,78,78,78,78],"relic_stats":{"Inserter":[12],"counters":[14,84],"Turnip":[0],"obtain_stats":[{"Inserter":17,"Vajra":13,"Turnip":7,"Omamori":8,"Bag of Marbles":9,"Bottled Lightning":23,"Frozen Egg 2":19,"Cracked Core":0},{"Inserter":10,"Vajra":8,"Turnip":6,"Omamori":6,"Bag of Marbles":6,"Bottled Lightning":13,"Frozen Egg 2":11,"Cracked Core":0},{"Inserter":60,"Vajra":44,"Turnip":32,"Omamori":32,"Bag of Marbles":32,"Bottled Lightning":81,"Frozen Egg 2":65,"Cracked Core":0}]},"card_choices":[{"not_picked":["Streamline","Chill"],"picked":"Cold Snap","floor":1.0},{"not_picked":["Barrage","FTL"],"picked":"Chill","floor":2.0},{"not_picked":["Redo","Recycle","Barrage"],"picked":"SKIP","floor":3.0},{"not_picked":["Reinforced Body","Steam"],"picked":"Go for the Eyes","floor":4.0},{"not_picked":["Fission","Conserve Battery"],"picked":"Self Repair","floor":5.0},{"not_picked":["Hologram","Rip and Tear"],"picked":"Darkness","floor":7.0},{"not_picked":["Coolheaded","Genetic Algorithm"],"picked":"Glacier","floor":11.0},{"not_picked":["Fusion","Barrage","Beam Cell"],"picked":"SKIP","floor":13.0},{"not_picked":["Conserve Battery","Beam Cell","Force Field"],"picked":"SKIP","floor":14.0},{"not_picked":["Multi-Cast","Amplify"],"picked":"Seek","floor":16.0},{"not_picked":["FTL","Go for the Eyes"],"picked":"White Noise","floor":18.0},{"not_picked":["Beam Cell+1","Chill"],"picked":"Loop+1","floor":22.0},{"not_picked":["Go for the Eyes","Tempest"],"picked":"Compile Driver","floor":23}],"player_experience":1760693,"relics_obtained":[{"floor":7.0,"key":"Turnip"},{"floor":8.0,"key":"Omamori"},{"floor":9.0,"key":"Bag of Marbles"},{"floor":13.0,"key":"Vajra"},{"floor":23,"key":"Bottled Lightning"}],"event_choices":[{"damage_healed":0.0,"max_hp_gain":0.0,"max_hp_loss":0.0,"gold_gain":0.0,"event_name":"The Mausoleum","player_choice":"Opened","floor":19.0,"gold_loss":0.0,"damage_taken":0.0,"relics_obtained":["Frozen Egg 2"],"cards_obtained":["Writhe"]},{"damage_healed":0.0,"max_hp_gain":0.0,"max_hp_loss":0.0,"gold_gain":0.0,"event_name":"Vampires","player_choice":"Ignored","floor":21.0,"gold_loss":0.0,"damage_taken":0.0}],"is_beta":false,"boss_relics":[{"not_picked":["Runic Dome","Philosopher\u0027s Stone"],"picked":"Inserter"}],"items_purged_floors":[20],"is_endless":false,"potions_floor_spawned":[2,4,5,7,11,18,22],"killed_by":"Slavers","ascension_level":18}}