{"host":"6cobn2zu43e930v9","time":1613206853,"event":{"mods":["100% Spire Juice","Act Like it!","BaseMod","Colored Map","Gensokyo","Hubris","Marisa（F雨　魔理沙）","Minty Spire (QoL Compilation)","MostiFishMod","Reimu（博丽灵梦）","Remilia（蕾米莉亚）","Replay The Spire","RumiaBox-露米娅的神秘盒子","Shop Mod","StSLib","SuperFastMode","TestMod","Waifu the Spire","[IsaacMod]以撒尖塔"],"gold_per_floor":[245,294,294,311,339,378,378,446,446,471,481,500,500,186,186,318,318,333,409,429,443,323,372,454,454,454,489,604,604,674,726,726,979,979,1030,1030,411,511,578,690,690,815,887,975,915,1015,1035,1035,1035,1035,1035,1035,478,588,923],"floor_reached":56,"language":"ZHS","playtime":2164,"items_purged":["Strike_R","Strike_R","Defend_R"],"score":2285,"play_id":"129e3f5c-9def-4d2c-aa8e-8bf398ba487f","local_time":"20210213170053","is_ascension_mode":true,"campfire_choices":[{"floor":7,"key":"RECALL"},{"data":"Cleave","floor":13,"key":"SMITH"},{"data":"Spot Weakness","floor":15,"key":"SMITH"},{"data":"Whirlwind","floor":32,"key":"SMITH"},{"data":"Seeing Red","floor":41,"key":"SMITH"},{"data":"Disarm","floor":49,"key":"SMITH"},{"data":"Sword Boomerang","floor":52,"key":"SMITH"}],"circlet_count":0,"master_deck":["AscendersBane","Strike_R","Strike_R","Strike_R","Defend_R","Defend_R","Defend_R","Bash","Flex","Cleave+1","Sword Boomerang+1","hubris:DuctTapeCard","Whirlwind+1","Disarm+1","Spot Weakness+1","Offering+1","Seeing Red+1","Gensokyo:AllTheWorldsEvil","Flex+1","MostiFishMod:Chiaki+1","Gensokyo:CustomPotion","ReplayTheSpireMod:Private Reserves+1"],"relics":["Burning Blood","DaveBox","testmod-TestBox","HushsDoor","ChiXiaoBlade","testmod-GiftOfSatan","SalivaCoin","SynthV:TestCard","Golden Egg","hubris:DuctTape","PunchingBag","SynthV","PatriotShield","King of Hearts","Gensokyo:FoxMask","Replay:Bandana","SatanicBible","DeathBook","Toy Ornithopter","testmod-Antiphasic","Ccalipers","hubris:CrackedHourglass","GuppysTail","Pantograph","SynthV:C4","TheBean","testmod-Brilliant","SharpPlug","Eternal Feather","Nunchaku","Thread and Needle","GuppysPaw","OriginationStaff"],"acts_visited":["Exordium","Gensokyo:Gensokyo","Gensokyo:Gensokyoer","TheEnding"],"potions_floor_usage":[2,11,33,50,55,55],"damage_taken":[{"damage":9,"enemies":"Gensokyo:2_Kodama","floor":1,"turns":3},{"damage":25,"enemies":"Gensokyo:Mamizou","floor":2,"turns":5},{"damage":0,"enemies":"Gensokyo:3_Fairies","floor":4,"turns":2},{"damage":7,"enemies":"Gensokyo:Gryphon","floor":5,"turns":2},{"damage":19,"enemies":"Gensokyo:Mamizou","floor":6,"turns":4},{"damage":34,"enemies":"Gensokyo:Aya","floor":8,"turns":4},{"damage":0,"enemies":"Gensokyo:Mamizou","floor":10,"turns":6},{"damage":0,"enemies":"Gensokyo:LivingMonolith","floor":11,"turns":3},{"damage":5,"enemies":"Gensokyo:VengefulSpirit","floor":12,"turns":5},{"damage":28,"enemies":"Gensokyo:Yukari","floor":16,"turns":5},{"damage":0,"enemies":"Gensokyo:AngelMirror","floor":18,"turns":2},{"damage":0,"enemies":"Gensokyo:3_Dogs","floor":20,"turns":1},{"damage":0,"enemies":"Gensokyo:Swordslinger","floor":21,"turns":2},{"damage":10,"enemies":"Gensokyo:Tenshi","floor":23,"turns":1},{"damage":0,"enemies":"Gensokyo:Slime_Group","floor":24,"turns":1},{"damage":0,"enemies":"Gensokyo:3_Gloops","floor":27,"turns":2},{"damage":6,"enemies":"Gensokyo:Reisen","floor":28,"turns":2},{"damage":0,"enemies":"Gensokyo:Koishi","floor":30,"turns":1},{"damage":5,"enemies":"Gensokyo:Swordslinger","floor":31,"turns":2},{"damage":10,"enemies":"Gensokyo:Eternal_Rivals","floor":33,"turns":2},{"damage":6,"enemies":"Gensokyo:3_Bats","floor":35,"turns":1},{"damage":0,"enemies":"Gensokyo:3_Boulders","floor":38,"turns":2},{"damage":4,"enemies":"Gensokyo:SeedOfUnknown","floor":39,"turns":1},{"damage":29,"enemies":"Gensokyo:Marisa","floor":40,"turns":2},{"damage":10,"enemies":"Gensokyo:Kasen","floor":42,"turns":2},{"damage":0,"enemies":"Gensokyo:Marisa","floor":44,"turns":1},{"damage":0,"enemies":"Gensokyo:Doremy","floor":46,"turns":2},{"damage":0,"enemies":"Gensokyo:4_Bats","floor":47,"turns":1},{"damage":0,"enemies":"Gensokyo:Yuyuko","floor":50,"turns":1},{"damage":6,"enemies":"Shield and Spear","floor":54,"turns":1},{"damage":14,"enemies":"The Heart","floor":55,"turns":4}],"seed_played":"1858866090175091862","potions_obtained":[{"floor":1,"key":"FearPotion"},{"floor":5,"key":"Reflective Coating"},{"floor":6,"key":"Block Potion"},{"floor":10,"key":"Fruit Juice"},{"floor":21,"key":"Block Potion"},{"floor":30,"key":"SteroidPotion"},{"floor":35,"key":"Toxic Potion"}],"is_trial":false,"path_per_floor":["M","?","?","M","M","E","R","E","T","E","M","M","R","COS","R","B",null,"M","?","M","M","?","E","M","?","T","M","E","?","E","M","R","B",null,"M","?","$","M","M","E","R","E","T","E","?","E","M","?","R","B",null,"R","$","E","B",null],"character_chosen":"IRONCLAD","items_purchased":["GuppysTail","Pantograph","SynthV:C4","CultistPotion","Adrenaline Potion","ReplayTheSpireMod:Private Reserves","Thread and Needle","Venom Potion"],"campfire_rested":0,"item_purchase_floors":[34,37,37,37,37,53,53,53],"current_hp_per_floor":[87,68,68,78,77,64,64,36,36,44,55,68,68,68,68,65,88,94,79,85,91,91,87,93,88,88,88,93,93,93,93,93,93,78,78,78,78,78,78,55,55,51,51,57,57,78,78,78,78,78,78,78,78,78,47],"gold":923,"neow_bonus":"HUNDRED_GOLD","is_daily":false,"chose_seed":false,"campfire_upgraded":6,"win_rate":0.0,"timestamp":1613206853,"path_taken":["M","?","?","M","?","E","R","E","T","E","M","?","R","COS","R","BOSS","M","?","?","M","?","E","?","?","T","M","E","?","E","M","R","BOSS","M","?","$","M","M","E","R","E","T","E","?","E","M","?","R","BOSS","R","$","E","BOSS"],"items_purchased_type":["Relic","Relic","Relic","Potion","Potion","Card","Relic","Potion"],"build_version":"2020-12-22","purchased_purges":3,"victory":true,"max_hp_per_floor":[90,90,90,90,90,90,90,90,90,90,95,95,95,95,95,95,95,95,95,95,95,95,95,95,88,88,88,93,93,93,93,93,93,78,78,78,78,78,78,78,78,78,78,78,78,78,78,78,78,78,78,78,78,78,47],"card_choices":[{"not_picked":[],"picked":"Bomb","floor":0},{"not_picked":["Sword Boomerang","Armaments"],"picked":"Flex","floor":1},{"not_picked":["Flex","Power Through","Uppercut","Berserk"],"picked":"MostiFishMod:FireWorks","floor":2},{"not_picked":["Headbutt","Pommel Strike","Blood for Blood","hubris:ReadiedAction"],"picked":"Sword Boomerang","floor":4},{"not_picked":["Ghostly Armor","Seeing Red","True Grit","Clash","Flame Barrier"],"picked":"SKIP","floor":5},{"not_picked":["Twin Strike","Heavy Blade","Disarm","Headbutt"],"picked":"MostiFishMod:DarkDeal","floor":6},{"not_picked":["Havoc","Uppercut","Pummel","Burning Pact"],"picked":"Whirlwind","floor":8},{"not_picked":["MostiFishMod:OrdinaryWorld","MostiFishMod:#F4004","Second Wind","Thunderclap"],"picked":"Disarm","floor":10},{"not_picked":["Bloodletting","Reckless Charge","Cleave","Replay:Undeath\u0027s Touch"],"picked":"Spot Weakness","floor":11},{"not_picked":["Searing Blow","hubris:ReadiedAction","Reckless Charge","Perfected Strike","Infernal Blade"],"picked":"SKIP","floor":12},{"not_picked":["Searing Blow","hubris:ReadiedAction","Reckless Charge","Perfected Strike","Infernal Blade"],"picked":"SKIP","floor":12},{"not_picked":["Fiend Fire","MostiFishMod:FireWorks","MostiFishMod:UltimateDefense","MostiFishMod:RainCloud"],"picked":"Offering","floor":16},{"not_picked":["Shrug It Off","Massacre","Anger+1","Dual Wield","Replay:Undeath\u0027s Touch"],"picked":"SKIP","floor":18},{"not_picked":["Wild Strike+1","Flex","hubris:SharpeningStone","Rampage","Life Link"],"picked":"SKIP","floor":20},{"not_picked":["Life Link","Hemokinesis","True Grit","Disarm","Clothesline"],"picked":"SKIP","floor":21},{"not_picked":["Combust","Warcry+1","Intimidate","Feel No Pain"],"picked":"Seeing Red","floor":23},{"not_picked":["Metallicize+1","Havoc","Thunderclap","Abandon+1","Sword Boomerang+1"],"picked":"SKIP","floor":24},{"not_picked":["Shrug It Off+1","Blood for Blood+1","Cleave","Pommel Strike","Warcry+1"],"picked":"SKIP","floor":27},{"not_picked":["Evolve+1","hubris:ReadiedAction","Dropkick","Combust","MostiFishMod:BrandingRite"],"picked":"SKIP","floor":28},{"not_picked":["Dropkick+1","Power Through","Warcry","MostiFishMod:404NotFound","Rupture"],"picked":"SKIP","floor":30},{"not_picked":["hubris:ReadiedAction+1","Thunderclap+1","Infernal Blade","Headbutt"],"picked":"Flex+1","floor":31},{"not_picked":["Cleave","Wild Strike+1","Warcry","hubris:CleavingFinish+1","Clash+1"],"picked":"SKIP","floor":35},{"not_picked":["Clash","Corruption","Sword Boomerang","Shockwave","Havoc"],"picked":"SKIP","floor":38},{"not_picked":["Clothesline","hubris:ReadiedAction+1","Perfected Strike","Dark Embrace","Havoc"],"picked":"SKIP","floor":39},{"not_picked":["Pommel Strike","Feed","hubris:ReadiedAction+1","Iron Wave"],"picked":"MostiFishMod:Chiaki","floor":40},{"not_picked":["Bloodletting","Twin Strike+1","Disarm+1","MostiFishMod:TemporaryOutbreak","Replay:Undeath\u0027s Touch+1"],"picked":"SKIP","floor":42},{"not_picked":["Massacre","Life Link+1","hubris:SharpeningStone+1","Sword Boomerang","Thunderclap+1"],"picked":"SKIP","floor":44},{"not_picked":["Rage+1","True Grit","Sentinel+1","Uppercut+1","Barricade"],"picked":"SKIP","floor":46},{"not_picked":["Cleave","Iron Wave+1","Thunderclap+1","Clothesline+1","Flame Barrier"],"picked":"SKIP","floor":47},{"not_picked":["Havoc","Pummel","Twin Strike","MostiFishMod:Mania","Perfected Strike"],"picked":"SKIP","floor":54}],"player_experience":342849,"relics_obtained":[{"floor":1,"key":"SynthV:TestCard"},{"floor":2,"key":"Golden Egg"},{"floor":6,"key":"hubris:DuctTape"},{"floor":8,"key":"PunchingBag"},{"floor":23,"key":"Replay:Bandana"},{"floor":26,"key":"DeathBook"},{"floor":28,"key":"testmod-Antiphasic"},{"floor":30,"key":"Ccalipers"},{"floor":40,"key":"TheBean"},{"floor":42,"key":"testmod-Brilliant"},{"floor":43,"key":"SharpPlug"},{"floor":44,"key":"Eternal Feather"},{"floor":46,"key":"Nunchaku"},{"floor":54,"key":"GuppysPaw"}],"event_choices":[{"damage_healed":0,"gold_gain":0,"player_choice":"Ignored","damage_taken":0,"max_hp_gain":0,"max_hp_loss":0,"event_name":"给自己的盒子","floor":36,"gold_loss":0}],"is_beta":false,"boss_relics":[{"not_picked":["testmod-CardMagician","NightmareShop"],"picked":"PatriotShield"},{"not_picked":[]},{"not_picked":["hubris:BlackHole","Replay:Ancient Bell"],"picked":"hubris:CrackedHourglass"},{"not_picked":[]}],"items_purged_floors":[34,37,53],"is_endless":false,"potions_floor_spawned":[1,5,6,10,20,21,24,27,30,35,40,46],"ascension_level":10}}