{"host":"7yyoe0ei0fseceei","time":1613245081,"event":{"mods":["BaseMod","Colored Map","Highlight Path","Minty Spire (QoL Compilation)","Quick Restart"],"gold_per_floor":[116,116,131,143,193,225,237,237,237,271,271,286,311,276,276,276,276],"floor_reached":16,"language":"ENG","playtime":372,"items_purged":[],"score":240,"play_id":"e0951073-ca0f-4976-9ed2-f3ba6231ecd1","local_time":"20210213203801","is_ascension_mode":true,"campfire_choices":[{"floor":8,"key":"REST"},{"floor":11,"key":"REST"},{"data":"Dualcast","floor":15,"key":"SMITH"}],"circlet_count":0,"master_deck":["AscendersBane","Strike_B","Strike_B+1","Strike_B","Strike_B","Defend_B","Defend_B","Defend_B+1","Zap","Dualcast+1","Chill","Sunder","Ball Lightning","Doom and Gloom","Sweeping Beam","Tempest+1","Aggregate+1","Ball Lightning"],"relics":["Cracked Core","Letter Opener","Toxic Egg 2","Ornamental Fan","Gremlin Horn"],"acts_visited":["Exordium"],"potions_floor_usage":[6,10,10],"damage_taken":[{"damage":8,"enemies":"Small Slimes","floor":1,"turns":4},{"damage":0,"enemies":"Cultist","floor":3,"turns":3},{"damage":7,"enemies":"Jaw Worm","floor":4,"turns":3},{"damage":9,"enemies":"Gremlin Nob","floor":6,"turns":3},{"damage":11,"enemies":"Looter","floor":7,"turns":2},{"damage":16,"enemies":"Lagavulin","floor":10,"turns":6},{"damage":1,"enemies":"3 Louse","floor":12,"turns":2},{"damage":4,"enemies":"Gremlin Nob","floor":13,"turns":3},{"damage":39,"enemies":"The Guardian","floor":16,"turns":9}],"seed_played":"-6912082941649388492","potions_obtained":[{"floor":1,"key":"Energy Potion"},{"floor":3,"key":"LiquidBronze"},{"floor":4,"key":"FearPotion"},{"floor":6,"key":"Dexterity Potion"}],"is_trial":false,"path_per_floor":["M","?","M","M","?","E","M","R","T","E","R","M","E","?","R","B"],"character_chosen":"DEFECT","items_purchased":[],"campfire_rested":2,"item_purchase_floors":[],"current_hp_per_floor":[56,35,35,28,21,12,1,22,22,6,27,26,22,39,39,0,0],"gold":276,"neow_bonus":"REMOVE_CARD","is_daily":false,"chose_seed":false,"campfire_upgraded":1,"win_rate":0.0,"timestamp":1613245081,"path_taken":["M","?","M","M","?","E","?","R","T","E","R","M","E","?","R","BOSS"],"items_purchased_type":[],"build_version":"2020-12-22","purchased_purges":0,"victory":false,"max_hp_per_floor":[71,71,71,71,71,71,71,71,71,71,71,71,71,71,71,71,71],"card_choices":[{"not_picked":["Streamline","Barrage"],"picked":"Chill","floor":1},{"not_picked":["Streamline","Leap"],"picked":"Sunder","floor":3},{"not_picked":["Force Field","Recycle"],"picked":"Ball Lightning","floor":4},{"not_picked":["Auto Shields","Sunder"],"picked":"Doom and Gloom","floor":6},{"not_picked":["Streamline","Storm"],"picked":"Sweeping Beam","floor":7},{"not_picked":["Reinforced Body+1","Sweeping Beam"],"picked":"Tempest+1","floor":10},{"not_picked":["Beam Cell","Creative AI"],"picked":"Aggregate+1","floor":12},{"not_picked":["Cold Snap","Rebound"],"picked":"Ball Lightning","floor":13}],"player_experience":916324,"relics_obtained":[{"floor":6,"key":"Letter Opener"},{"floor":9,"key":"Toxic Egg 2"},{"floor":10,"key":"Ornamental Fan"},{"floor":13,"key":"Gremlin Horn"}],"event_choices":[{"damage_healed":0,"gold_gain":0,"player_choice":"Entered Light","damage_taken":21,"max_hp_gain":0,"max_hp_loss":0,"event_name":"Shining Light","floor":2,"gold_loss":0,"cards_upgraded":["Defend_B","Strike_B"]},{"damage_healed":0,"gold_gain":50,"player_choice":"Touch","damage_taken":7,"max_hp_gain":0,"max_hp_loss":0,"event_name":"FaceTrader","floor":5,"gold_loss":0},{"damage_healed":17,"gold_gain":0,"player_choice":"Healed","damage_taken":0,"max_hp_gain":0,"max_hp_loss":0,"event_name":"The Cleric","floor":14,"gold_loss":35}],"is_beta":false,"boss_relics":[],"items_purged_floors":[],"is_endless":false,"potions_floor_spawned":[1,3,4,6],"killed_by":"The Guardian","ascension_level":20}}