{"host":"lv7etzzgwahaenh9","time":1613194201,"event":{"mods":["AchievementEnabler","BaseMod","Colored Map","Colored Powertips","Highlight Path","Minty Spire (QoL Compilation)","Permanent Neow","Quick Restart","Random Character Button","StSLib"],"gold_per_floor":[114,74,88,102,116,116,131,131,131,166,166,179,211,228,228,325,325,336,351,365,50,70,70,83,118,118,150,150,150,162,182,182,182,182],"floor_reached":33,"language":"ENG","playtime":3014,"items_purged":["Strike_R"],"score":567,"play_id":"0ae35470-ece5-411a-a68f-4fad9775c9a5","local_time":"20210212213001","is_ascension_mode":true,"campfire_choices":[{"data":"Bash","floor":6.0,"key":"SMITH"},{"data":"Wild Strike","floor":8.0,"key":"SMITH"},{"data":"Metallicize","floor":11.0,"key":"SMITH"},{"data":"Fiend Fire","floor":15.0,"key":"SMITH"},{"data":"Reckless Charge","floor":23.0,"key":"SMITH"},{"data":"True Grit","floor":32,"key":"SMITH"}],"circlet_count":0,"master_deck":["AscendersBane","Defend_R","Defend_R","Defend_R","Defend_R","Bash+1","Wild Strike+1","Battle Trance","Ghostly Armor","Intimidate","Pommel Strike","Metallicize+1","Fire Breathing","Fiend Fire+1","Evolve","Impervious","Shrug It Off+1","Power Through","Reckless Charge+1","Feed","Flame Barrier","Warcry","Warcry+1","Armaments+1","Ghostly","Ghostly","Ghostly","Ghostly","Ghostly","Bite","Bite","Bite","Bite","Bite","Pummel+1","True Grit+1"],"relics":["Burning Blood","Toy Ornithopter","Centennial Puzzle","Boot","Sundial","Runic Pyramid","Kunai","Mango","Red Skull"],"acts_visited":["Exordium","TheCity"],"potions_floor_usage":[31],"damage_taken":[{"damage":0.0,"enemies":"Small Slimes","floor":1.0,"turns":3.0},{"damage":1.0,"enemies":"Cultist","floor":3.0,"turns":3.0},{"damage":0.0,"enemies":"2 Louse","floor":4.0,"turns":3.0},{"damage":0.0,"enemies":"Exordium Wildlife","floor":5.0,"turns":4.0},{"damage":0.0,"enemies":"3 Louse","floor":7.0,"turns":3.0},{"damage":15.0,"enemies":"3 Sentries","floor":10.0,"turns":9.0},{"damage":6.0,"enemies":"2 Fungi Beasts","floor":12.0,"turns":3.0},{"damage":17.0,"enemies":"Lagavulin","floor":13.0,"turns":6.0},{"damage":4.0,"enemies":"Red Slaver","floor":14.0,"turns":2.0},{"damage":24.0,"enemies":"The Guardian","floor":16.0,"turns":11.0},{"damage":9.0,"enemies":"2 Thieves","floor":18.0,"turns":3.0},{"damage":0.0,"enemies":"Chosen","floor":19.0,"turns":3.0},{"damage":10.0,"enemies":"Centurion and Healer","floor":20.0,"turns":5.0},{"damage":20.0,"enemies":"Snake Plant","floor":22.0,"turns":5.0},{"damage":27.0,"enemies":"Shelled Parasite and Fungi","floor":24.0,"turns":6.0},{"damage":0.0,"enemies":"Gremlin Leader","floor":25.0,"turns":5.0},{"damage":24.0,"enemies":"Slavers","floor":27.0,"turns":6.0},{"damage":2.0,"enemies":"Cultist and Chosen","floor":30.0,"turns":6.0},{"damage":9,"enemies":"3 Cultists","floor":31,"turns":8},{"damage":56,"enemies":"Champ","floor":33,"turns":20}],"seed_played":"-8665766931154076031","potions_obtained":[{"floor":2.0,"key":"ColorlessPotion"},{"floor":2.0,"key":"LiquidMemories"},{"floor":2.0,"key":"Dexterity Potion"},{"floor":3.0,"key":"FearPotion"},{"floor":5.0,"key":"Fire Potion"},{"floor":7.0,"key":"EntropicBrew"},{"floor":12.0,"key":"Explosive Potion"},{"floor":16.0,"key":"CultistPotion"},{"floor":24.0,"key":"GamblersBrew"},{"floor":30.0,"key":"GamblersBrew"}],"is_trial":false,"path_per_floor":["M","?","M","M","M","R","M","R","T","E","R","M","E","M","R","B",null,"M","M","M","$","M","R","M","E","T","E","?","?","M","M","R","B"],"character_chosen":"IRONCLAD","items_purchased":["Feed","Flame Barrier"],"campfire_rested":0,"item_purchase_floors":[21,21],"current_hp_per_floor":[78,78,80,80,80,80,80,80,80,76,76,76,69,71,71,58,75,72,78,74,74,68,68,50,66,80,62,50,34,37,38,38,0,0],"gold":182,"neow_bonus":"RANDOM_COMMON_RELIC","is_daily":false,"chose_seed":false,"campfire_upgraded":6,"win_rate":0.0,"timestamp":1613194201,"path_taken":["M","?","M","M","?","R","M","R","T","E","R","M","E","M","R","BOSS","M","M","M","$","M","R","M","E","T","E","?","?","M","M","R","BOSS"],"items_purchased_type":["Card","Card"],"build_version":"2020-12-22","purchased_purges":1,"victory":false,"max_hp_per_floor":[80,80,80,80,80,80,80,80,80,80,80,80,80,80,80,80,80,80,80,80,80,83,83,86,86,100,100,50,34,37,41,41,41,41],"card_choices":[{"not_picked":["Sword Boomerang","Entrench"],"picked":"Wild Strike","floor":1.0},{"not_picked":["Pummel","Iron Wave"],"picked":"Battle Trance","floor":3.0},{"not_picked":["Headbutt","Sword Boomerang"],"picked":"Ghostly Armor","floor":4.0},{"not_picked":["Twin Strike","Sword Boomerang"],"picked":"Intimidate","floor":5.0},{"not_picked":["Anger","Sword Boomerang"],"picked":"Pommel Strike","floor":7.0},{"not_picked":["Battle Trance","Bloodletting"],"picked":"Metallicize","floor":10.0},{"not_picked":["Armaments","Sword Boomerang"],"picked":"Fire Breathing","floor":12.0},{"not_picked":["Headbutt","True Grit"],"picked":"Fiend Fire","floor":13.0},{"not_picked":["Body Slam","Thunderclap"],"picked":"Evolve","floor":14.0},{"not_picked":["Barricade","Juggernaut"],"picked":"Impervious","floor":16.0},{"not_picked":["Anger","Havoc+1"],"picked":"Shrug It Off+1","floor":18.0},{"not_picked":["Armaments","Blood for Blood+1"],"picked":"Power Through","floor":19.0},{"not_picked":["Rampage","Armaments"],"picked":"Reckless Charge","floor":20.0},{"not_picked":["Rupture","Intimidate","Fire Breathing"],"picked":"SKIP","floor":22.0},{"not_picked":["Pummel","Uppercut"],"picked":"Warcry","floor":24.0},{"not_picked":["Uppercut","Pummel"],"picked":"Warcry+1","floor":25.0},{"not_picked":["Body Slam","Shrug It Off+1"],"picked":"Armaments+1","floor":27.0},{"not_picked":["Power Through","Havoc"],"picked":"Pummel+1","floor":30.0},{"not_picked":["Flex","Cleave"],"picked":"True Grit","floor":31}],"player_experience":357213,"relics_obtained":[{"floor":9.0,"key":"Centennial Puzzle"},{"floor":10.0,"key":"Boot"},{"floor":13.0,"key":"Sundial"},{"floor":25.0,"key":"Kunai"},{"floor":26.0,"key":"Mango"},{"floor":27.0,"key":"Red Skull"}],"event_choices":[{"damage_healed":0.0,"max_hp_gain":0.0,"max_hp_loss":0.0,"gold_gain":0.0,"event_name":"The Woman in Blue","player_choice":"Bought 3 Potions","floor":2.0,"gold_loss":0.0,"damage_taken":0.0},{"damage_healed":0.0,"max_hp_gain":0.0,"max_hp_loss":50.0,"gold_gain":0.0,"event_name":"Ghosts","player_choice":"Became a Ghost","floor":28.0,"gold_loss":0.0,"damage_taken":0.0,"cards_obtained":["Ghostly","Ghostly","Ghostly","Ghostly","Ghostly"]},{"damage_healed":0.0,"max_hp_gain":0.0,"max_hp_loss":16.0,"gold_gain":0.0,"event_name":"Vampires","player_choice":"Became a vampire","floor":29.0,"gold_loss":0.0,"damage_taken":0.0,"cards_obtained":["Bite","Bite","Bite","Bite","Bite"]}],"is_beta":false,"boss_relics":[{"not_picked":["Fusion Hammer","Black Star"],"picked":"Runic Pyramid"}],"items_purged_floors":[21],"is_endless":false,"potions_floor_spawned":[3,5,7,12,16,24,30],"killed_by":"Champ","ascension_level":10}}