{"host":"bakf0s4odzu8z5xt","time":1613260153,"event":{"mods":["2.2 Compatiblity","BaseMod","Downfall","Friendly Minions","Minty Spire (QoL Compilation)","StSLib"],"gold_per_floor":[99,113,124,124,135,153,153,184,202,214,214,231,231,251,262,262,262,262],"floor_reached":16,"language":"ENG","playtime":934,"items_purged":[],"score":124,"play_id":"bd9fa8b9-a34e-4f66-9ba4-f251e597a268","local_time":"20210213174913","is_ascension_mode":true,"campfire_choices":[{"data":"Guardian:CurlUp","floor":1,"key":"SMITH"},{"data":"Guardian:FierceBash","floor":11,"key":"SMITH"},{"data":"Guardian:Harden","floor":13,"key":"SMITH"}],"circlet_count":0,"master_deck":["Guardian:Strike_Guardian","Guardian:Defend_Guardian","Guardian:Defend_Guardian","Guardian:Defend_Guardian","Guardian:CurlUp+1","Guardian:TwinSlam","Guardian:Harden+1","Guardian:PiercingHide","Injury","Guardian:RollAttack","Guardian:EvasiveProtocol","Guardian:FierceBash+1","Guardian:TemporalShield","Guardian:Incinerate","Guardian:DecasProtection","Guardian:ShieldSpikes","Guardian:Gem_Red"],"relics":["Guardian:ModeShifter","Happy Flower"],"acts_visited":["Exordium"],"potions_floor_usage":[8,8,15],"damage_taken":[{"damage":0,"enemies":"Cultist","floor":2,"turns":4},{"damage":2,"enemies":"2 Louse","floor":3,"turns":3},{"damage":0,"enemies":"Small Slimes","floor":5,"turns":6},{"damage":0,"enemies":"Exordium Wildlife","floor":6,"turns":4},{"damage":37,"enemies":"Gremlin Nob","floor":8,"turns":6},{"damage":2,"enemies":"downfall:LooterAlt","floor":9,"turns":5},{"damage":9,"enemies":"Red Slaver","floor":10,"turns":3},{"damage":7,"enemies":"3 Louse","floor":12,"turns":2},{"damage":12,"enemies":"Gremlin Gang","floor":14,"turns":5},{"damage":2,"enemies":"Exordium Wildlife","floor":15,"turns":5},{"damage":14,"enemies":"DF_ARCHETYPE_STREAMLINE","floor":16,"turns":3}],"seed_played":"9221825582311164084","potions_obtained":[{"floor":2,"key":"AttackPotion"},{"floor":6,"key":"SkillPotion"},{"floor":9,"key":"SteroidPotion"},{"floor":12,"key":"GamblersBrew"},{"floor":14,"key":"Fire Potion"}],"is_trial":false,"path_per_floor":["R","M","M","?","M","M","T","E","M","M","R","M","R","M","M","B"],"character_chosen":"GUARDIAN","items_purchased":[],"campfire_rested":0,"item_purchase_floors":[],"current_hp_per_floor":[80,80,78,78,78,78,78,41,39,30,30,23,23,11,9,0,0,0],"gold":262,"neow_bonus":"TRANSFORM_CARD","is_daily":false,"chose_seed":false,"campfire_upgraded":3,"win_rate":0.0,"timestamp":1613260153,"path_taken":["R","M","M","?","?","M","T","E","M","M","R","M","R","M","M","BOSS"],"items_purchased_type":[],"build_version":"2020-12-22","purchased_purges":0,"victory":false,"max_hp_per_floor":[80,80,80,80,80,80,80,80,80,80,80,80,80,80,80,80,80,80],"card_choices":[{"not_picked":["Guardian:Gem_Fragmented","Guardian:TemporalStrike"],"picked":"Guardian:PiercingHide","floor":2},{"not_picked":["Guardian:TimeCapacitor","Guardian:Gem_White"],"picked":"Guardian:Gem_Purple","floor":3},{"not_picked":["Guardian:PiercingHide","Guardian:Gem_Purple"],"picked":"Guardian:RollAttack","floor":5},{"not_picked":["Guardian:Gem_Lightblue","Guardian:RollAttack"],"picked":"Guardian:EvasiveProtocol","floor":6},{"not_picked":["Guardian:Gem_Green","Guardian:VentSteam"],"picked":"Guardian:FierceBash","floor":8},{"not_picked":["Guardian:WalkerClaw","Guardian:Suspension"],"picked":"Guardian:TemporalShield","floor":9},{"not_picked":["Guardian:Gem_Cyan","Guardian:PrimingBeam"],"picked":"Guardian:Incinerate","floor":10},{"not_picked":["Guardian:PiercingHide","Guardian:VentSteam"],"picked":"Guardian:DecasProtection","floor":12},{"not_picked":["Guardian:TemporalStrike","Guardian:Clone"],"picked":"Guardian:ShieldSpikes","floor":14},{"not_picked":["Guardian:MultiBeam","Guardian:Gem_Purple"],"picked":"Guardian:Gem_Red","floor":15}],"player_experience":2188329,"relics_obtained":[{"floor":8,"key":"Happy Flower"}],"event_choices":[],"is_beta":false,"boss_relics":[],"items_purged_floors":[],"is_endless":false,"potions_floor_spawned":[2,6,9,12,14],"killed_by":"DF_ARCHETYPE_STREAMLINE","ascension_level":3}}