{"host":"yx5rao87132cy5xq","time":1613242855,"event":{"mods":["2.2 Compatiblity","AchievementEnabler","BaseMod","Bestiary","Colored Map","Colored Powertips","Minty Spire (QoL Compilation)","Quick Restart","Relic Stats","Slay-I","SuperFastMode"],"gold_per_floor":[118,193,209,209,219,219,254,254,254,272,272,272,287,313,313,387,387,397,397,397,322,299,299,299],"floor_reached":23,"language":"ENG","playtime":7717,"items_purged":[],"score":378,"play_id":"a976a9ed-6b52-463b-80a0-44631c5438be","local_time":"20210213200055","is_ascension_mode":true,"campfire_choices":[{"data":"Battle Trance","floor":6.0,"key":"SMITH"},{"data":"Pommel Strike","floor":8.0,"key":"SMITH"},{"floor":11.0,"key":"REST"},{"floor":15,"key":"REST"}],"circlet_count":0,"master_deck":["AscendersBane","Strike_R","Strike_R","Strike_R","Defend_R","Defend_R","Defend_R","Defend_R","Bash","Perfected Strike","Flame Barrier","Battle Trance+1","Pommel Strike+1","Blood for Blood","Shockwave","Demon Form","Double Tap","Spot Weakness"],"relics":["Burning Blood","Ice Cream","Calipers","InkBottle","Runic Pyramid"],"acts_visited":["Exordium","TheCity"],"potions_floor_usage":[14,18,23],"damage_taken":[{"damage":11.0,"enemies":"Jaw Worm","floor":1.0,"turns":5.0},{"damage":10.0,"enemies":"Small Slimes","floor":3.0,"turns":3.0},{"damage":11.0,"enemies":"Cultist","floor":5.0,"turns":4.0},{"damage":25.0,"enemies":"3 Sentries","floor":7.0,"turns":14.0},{"damage":11.0,"enemies":"Looter","floor":10.0,"turns":2.0},{"damage":18.0,"enemies":"3 Louse","floor":13.0,"turns":3.0},{"damage":15,"enemies":"Lagavulin","floor":14,"turns":6},{"damage":35,"enemies":"Slime Boss","floor":16,"turns":9},{"damage":25,"enemies":"Shell Parasite","floor":18,"turns":3},{"damage":26,"enemies":"2 Thieves","floor":22,"turns":4},{"damage":32,"enemies":"Book of Stabbing","floor":23,"turns":3}],"seed_played":"1214073841879107426","potions_obtained":[{"floor":3.0,"key":"AttackPotion"},{"floor":10.0,"key":"FearPotion"},{"floor":13.0,"key":"Ancient Potion"},{"floor":14,"key":"Strength Potion"},{"floor":18,"key":"GamblersBrew"}],"is_trial":false,"path_per_floor":["M","?","M","?","M","R","E","R","T","M","R","?","M","E","R","B",null,"M","?","?","?","M","E"],"character_chosen":"IRONCLAD","items_purchased":[],"campfire_rested":2,"item_purchase_floors":[],"current_hp_per_floor":[70,59,55,48,43,43,24,24,24,19,43,48,36,27,53,24,71,52,52,52,52,32,0,0],"gold":299,"neow_bonus":"TEN_PERCENT_HP_BONUS","is_daily":false,"chose_seed":false,"campfire_upgraded":2,"win_rate":0.0,"timestamp":1613242855,"path_taken":["M","?","M","?","M","R","E","R","T","M","R","?","M","E","R","BOSS","M","?","?","?","M","E"],"items_purchased_type":[],"build_version":"2020-12-22","purchased_purges":0,"victory":false,"max_hp_per_floor":[82,82,82,82,82,82,82,82,82,82,82,87,87,87,87,87,87,87,87,87,87,87,87,87],"relic_stats":{"counters":[11,56],"obtain_stats":[{"Ice Cream":7,"Calipers":9,"Burning Blood":0,"InkBottle":14,"Runic Pyramid":17},{"Ice Cream":4,"Calipers":4,"Burning Blood":0,"InkBottle":7,"Runic Pyramid":8},{"Ice Cream":26,"Calipers":26,"Burning Blood":0,"InkBottle":37,"Runic Pyramid":46}],"Burning Blood":60,"InkBottle":[4]},"card_choices":[{"not_picked":["Headbutt","Second Wind"],"picked":"Perfected Strike","floor":1.0},{"not_picked":["Twin Strike","Sever Soul"],"picked":"Flame Barrier","floor":3.0},{"not_picked":["Flex","Dropkick"],"picked":"Battle Trance","floor":5.0},{"not_picked":["Flex","Warcry"],"picked":"Pommel Strike","floor":7.0},{"not_picked":["Combust","Anger"],"picked":"Blood for Blood","floor":10.0},{"not_picked":["Havoc","Body Slam"],"picked":"Shockwave","floor":13.0},{"not_picked":["Armaments","Shrug It Off"],"picked":"Demon Form","floor":14},{"not_picked":["Exhume","Corruption"],"picked":"Double Tap","floor":16},{"not_picked":["Flex","Heavy Blade","Perfected Strike"],"picked":"SKIP","floor":18},{"not_picked":["Thunderclap","Fire Breathing","Twin Strike"],"picked":"SKIP","floor":22}],"player_experience":1028208,"relics_obtained":[{"floor":7.0,"key":"Ice Cream"},{"floor":9.0,"key":"Calipers"},{"floor":14,"key":"InkBottle"}],"event_choices":[{"damage_healed":0.0,"max_hp_gain":0.0,"max_hp_loss":0.0,"gold_gain":75.0,"event_name":"World of Goop","player_choice":"Gather Gold","floor":2.0,"gold_loss":0.0,"damage_taken":11.0},{"cards_removed":["Strike_R"],"damage_healed":0.0,"max_hp_gain":0.0,"max_hp_loss":0.0,"gold_gain":0.0,"event_name":"Golden Wing","player_choice":"Card Removal","floor":4.0,"gold_loss":0.0,"damage_taken":7.0},{"damage_healed":0.0,"max_hp_gain":5.0,"max_hp_loss":0.0,"gold_gain":0.0,"event_name":"Big Fish","player_choice":"Donut","floor":12.0,"gold_loss":0.0,"damage_taken":0.0},{"damage_healed":0,"gold_gain":0,"player_choice":"Ignored","damage_taken":0,"max_hp_gain":0,"max_hp_loss":0,"event_name":"Ghosts","floor":19,"gold_loss":0},{"damage_healed":0,"gold_gain":0,"player_choice":"Read","damage_taken":0,"max_hp_gain":0,"max_hp_loss":0,"event_name":"The Library","floor":20,"gold_loss":0,"cards_obtained":["Spot Weakness"]},{"cards_removed":["Strike_R"],"damage_healed":0,"gold_gain":0,"player_choice":"Gave Gold","damage_taken":0,"max_hp_gain":0,"max_hp_loss":0,"event_name":"Beggar","floor":21,"gold_loss":75}],"is_beta":false,"boss_relics":[{"not_picked":["Tiny House","Ectoplasm"],"picked":"Runic Pyramid"}],"items_purged_floors":[],"is_endless":false,"potions_floor_spawned":[3,10,13,14,16,18],"killed_by":"Book of Stabbing","ascension_level":18}}