{"host":"8vqkh0x3c7vpgzzm","time":1613258361,"event":{"mods":["AchievementEnabler","BaseMod","Colored Map","Colored Powertips","Curses Come First","DeckTracker","Highlight Path","Minty Spire (QoL Compilation)","Permanent Neow","Quick Restart","Random Character Mod","Rare Cards Sparkle","Relic Sorter","Relic Stats","StSLib","SuperFastMode","Unceasing Turn Reminder","egg","everything is the same but u backflip on backflip"],"gold_per_floor":[118,118,141,66,66,66,91,109,109,109,148,148,3,20,20,110,110,123,81,61,77,77,109,109,123,123,48,79,79,96,96,96,169,169,184,184,194,247,247,247,273,38,65,65,84,30,64,75,75,75,75],"floor_reached":50,"language":"ENG","playtime":2789,"items_purged":["Strike_G"],"score":1010,"play_id":"3804d5d1-e314-48b7-8be4-a16e1cf9d69e","local_time":"20210214001921","is_ascension_mode":true,"campfire_choices":[{"data":"Neutralize","floor":6,"key":"SMITH"},{"data":"Blur","floor":10,"key":"SMITH"},{"data":"Bouncing Flask","floor":12,"key":"SMITH"},{"data":"Burst","floor":15,"key":"SMITH"},{"data":"Malaise","floor":24,"key":"SMITH"},{"data":"Noxious Fumes","floor":29,"key":"SMITH"},{"data":"Backflip","floor":32,"key":"SMITH"},{"data":"Venomology","floor":40,"key":"SMITH"},{"data":"Sadistic Nature","floor":44,"key":"SMITH"},{"floor":49,"key":"REST"}],"circlet_count":0,"master_deck":["AscendersBane","Strike_G","Strike_G+1","Strike_G+1","Defend_G","Defend_G","Defend_G","Defend_G","Survivor","Neutralize+1","Dramatic Entrance","Deadly Poison","Venomology+1","Blur+1","Acrobatics","Bouncing Flask+1","Burst+1","Backflip+1","Malaise+1","Bane+1","Well Laid Plans","Noxious Fumes+1","Corpse Explosion+1","Catalyst+1","Deadly Poison+1","Acrobatics+1","Tactician+1","Concentrate+1","Sadistic Nature+1","Acrobatics+1"],"relics":["Ring of the Snake","Bloody Idol","Incense Burner","StoneCalendar","Toy Ornithopter","Busted Crown","Paper Crane","InkBottle","Toxic Egg 2","Velvet Choker","Torii","Centennial Puzzle","Smiling Mask","Whetstone","Kunai"],"acts_visited":["Exordium","TheCity","TheBeyond"],"potions_floor_usage":[8,8,11,11,14,16,16,18,21,23,23,25,28,28,28,28,33,33,33,37,38,45,45,47,47,50],"damage_taken":[{"damage":0,"enemies":"Small Slimes","floor":1,"turns":2},{"damage":0,"enemies":"2 Louse","floor":3,"turns":3},{"damage":2,"enemies":"Jaw Worm","floor":7,"turns":4},{"damage":4,"enemies":"Red Slaver","floor":8,"turns":3},{"damage":22,"enemies":"3 Sentries","floor":11,"turns":7},{"damage":19,"enemies":"Exordium Thugs","floor":14,"turns":5},{"damage":4,"enemies":"The Guardian","floor":16,"turns":7},{"damage":0,"enemies":"3 Byrds","floor":18,"turns":7},{"damage":2,"enemies":"Shell Parasite","floor":21,"turns":5},{"damage":17,"enemies":"Book of Stabbing","floor":23,"turns":3},{"damage":21,"enemies":"Sentry and Sphere","floor":25,"turns":3},{"damage":5,"enemies":"Gremlin Leader","floor":28,"turns":7},{"damage":2,"enemies":"Cultist and Chosen","floor":30,"turns":5},{"damage":39,"enemies":"Champ","floor":33,"turns":12},{"damage":16,"enemies":"3 Shapes","floor":35,"turns":5},{"damage":3,"enemies":"Orb Walker","floor":37,"turns":3},{"damage":19,"enemies":"2 Orb Walkers","floor":38,"turns":3},{"damage":21,"enemies":"Nemesis","floor":41,"turns":5},{"damage":11,"enemies":"3 Darklings","floor":45,"turns":2},{"damage":38,"enemies":"Reptomancer","floor":47,"turns":7},{"damage":0,"enemies":"Transient","floor":48,"turns":5},{"damage":52,"enemies":"Time Eater","floor":50,"turns":6}],"seed_played":"6434690982635908842","potions_obtained":[{"floor":1,"key":"SkillPotion"},{"floor":14,"key":"Fruit Juice"},{"floor":16,"key":"DistilledChaos"},{"floor":20,"key":"Regen Potion"},{"floor":25,"key":"DistilledChaos"},{"floor":28,"key":"Energy Potion"},{"floor":37,"key":"Strength Potion"},{"floor":41,"key":"AttackPotion"}],"is_trial":false,"path_per_floor":["M","?","M","?","?","R","M","M","T","R","E","R","$","M","R","B",null,"M","$","?","M","?","E","R","M","T","$","E","R","M","$","R","B",null,"M","?","M","?","T","R","E","$","T","R","M","$","E","M","R","B"],"character_chosen":"THE_SILENT","items_purchased":["Burst","PowerPotion","Well Laid Plans","Concentrate+1","Sadistic Nature","Acrobatics+1"],"campfire_rested":1,"item_purchase_floors":[13,13,19,42,42,46],"current_hp_per_floor":[59,59,59,59,48,48,46,42,42,42,20,20,20,11,11,17,53,58,58,58,61,61,60,60,49,49,49,65,65,65,65,65,31,57,46,46,53,44,44,44,28,28,33,33,37,37,14,19,38,0,0],"gold":75,"neow_bonus":"RANDOM_COLORLESS","is_daily":false,"chose_seed":false,"campfire_upgraded":9,"win_rate":0.0,"timestamp":1613258361,"path_taken":["M","?","M","?","?","R","M","M","T","R","E","R","?","M","R","BOSS","M","$","?","?","?","E","R","M","T","$","E","R","M","$","R","BOSS","M","?","M","?","?","R","E","$","T","R","M","?","E","?","R","BOSS"],"items_purchased_type":["Card","Potion","Card","Card","Card","Card"],"build_version":"2020-12-22","purchased_purges":1,"victory":false,"max_hp_per_floor":[66,60,60,60,60,60,60,60,60,60,60,60,60,65,65,65,65,65,65,65,65,65,65,65,65,65,65,65,65,65,65,65,65,65,65,65,65,65,65,65,65,65,65,65,65,65,65,65,65,65,65],"relic_stats":{"Torii":9,"counters":[22,109],"StoneCalendar":[185],"Whetstone":["Strike_G","Strike_G"],"Smiling Mask":0,"Centennial Puzzle":[12],"Busted Crown":28,"Bloody Idol":62,"Kunai":[1],"obtain_stats":[{"Torii":38,"Golden Idol":2,"Velvet Choker":34,"StoneCalendar":9,"Incense Burner":5,"Whetstone":43,"Paper Crane":23,"Smiling Mask":41,"Centennial Puzzle":39,"Busted Crown":17,"Bloody Idol":22,"Kunai":47,"Toxic Egg 2":28,"Toy Ornithopter":11,"InkBottle":26,"Ring of the Snake":0},{"Torii":17,"Golden Idol":1,"Velvet Choker":14,"StoneCalendar":4,"Incense Burner":2,"Whetstone":18,"Paper Crane":10,"Smiling Mask":18,"Centennial Puzzle":17,"Busted Crown":7,"Bloody Idol":9,"Kunai":20,"Toxic Egg 2":12,"Toy Ornithopter":5,"InkBottle":11,"Ring of the Snake":0},{"Torii":84,"Golden Idol":2,"Velvet Choker":73,"StoneCalendar":12,"Incense Burner":5,"Whetstone":89,"Paper Crane":46,"Smiling Mask":89,"Centennial Puzzle":84,"Busted Crown":31,"Bloody Idol":43,"Kunai":98,"Toxic Egg 2":56,"Toy Ornithopter":19,"InkBottle":49,"Ring of the Snake":0}],"Toy Ornithopter":85,"InkBottle":[27],"Ring of the Snake":[44]},"card_choices":[{"not_picked":["Deep Breath","PanicButton"],"picked":"Dramatic Entrance","floor":0},{"not_picked":["Prepared","Backflip"],"picked":"Deadly Poison","floor":1},{"not_picked":["Poisoned Stab","Backflip"],"picked":"Venomology","floor":3},{"not_picked":["Bane","Blade Dance"],"picked":"Blur","floor":7},{"not_picked":["Heel Hook","Endless Agony"],"picked":"Acrobatics","floor":8},{"not_picked":["Prepared","Acrobatics"],"picked":"Bouncing Flask","floor":11},{"not_picked":["Dash","Endless Agony"],"picked":"Backflip","floor":14},{"not_picked":["After Image","Glass Knife"],"picked":"Malaise","floor":16},{"not_picked":[],"picked":"Bane+1","floor":18},{"not_picked":["Reflex+1"],"picked":"SKIP","floor":21},{"not_picked":["Dagger Throw"],"picked":"SKIP","floor":23},{"not_picked":["Endless Agony"],"picked":"SKIP","floor":25},{"not_picked":[],"picked":"Noxious Fumes","floor":28},{"not_picked":["Accuracy+1"],"picked":"SKIP","floor":30},{"not_picked":[],"picked":"Corpse Explosion+1","floor":33},{"not_picked":[],"picked":"Catalyst+1","floor":35},{"not_picked":[],"picked":"Deadly Poison+1","floor":37},{"not_picked":[],"picked":"Acrobatics+1","floor":38},{"not_picked":[],"picked":"Tactician+1","floor":41},{"not_picked":["Bane+1"],"picked":"SKIP","floor":45},{"not_picked":["Dash"],"picked":"SKIP","floor":47},{"not_picked":["Outmaneuver+1"],"picked":"SKIP","floor":48}],"player_experience":551784,"relics_obtained":[{"floor":9,"key":"StoneCalendar"},{"floor":11,"key":"Toy Ornithopter"},{"floor":23,"key":"Paper Crane"},{"floor":26,"key":"InkBottle"},{"floor":28,"key":"Toxic Egg 2"},{"floor":38,"key":"Torii"},{"floor":39,"key":"Centennial Puzzle"},{"floor":41,"key":"Smiling Mask"},{"floor":43,"key":"Whetstone"},{"floor":47,"key":"Kunai"}],"event_choices":[{"damage_healed":0,"gold_gain":0,"player_choice":"Lose Max HP","damage_taken":0,"relics_obtained":["Golden Idol"],"max_hp_gain":0,"max_hp_loss":6,"event_name":"Golden Idol","floor":2,"gold_loss":0},{"cards_removed":["Defend_G"],"damage_healed":0,"gold_gain":0,"player_choice":"Card Removal","damage_taken":0,"max_hp_gain":0,"max_hp_loss":0,"event_name":"The Cleric","floor":4,"gold_loss":75},{"damage_healed":0,"gold_gain":0,"player_choice":"Success","damage_taken":11,"relics_obtained":["Incense Burner"],"max_hp_gain":0,"max_hp_loss":0,"event_name":"Scrap Ooze","floor":5,"gold_loss":0},{"damage_healed":0,"gold_gain":0,"player_choice":"Bought 1 Potion","damage_taken":0,"max_hp_gain":0,"max_hp_loss":0,"event_name":"The Woman in Blue","floor":20,"gold_loss":0},{"damage_healed":0,"gold_gain":0,"player_choice":"Gave Idol","damage_taken":0,"relics_obtained":["Bloody Idol"],"max_hp_gain":0,"max_hp_loss":0,"event_name":"Forgotten Altar","floor":22,"relics_lost":["Golden Idol"],"gold_loss":0},{"cards_removed":["Strike_G"],"damage_healed":0,"gold_gain":0,"player_choice":"Removed Attack","damage_taken":0,"max_hp_gain":0,"max_hp_loss":0,"event_name":"Falling","floor":36,"gold_loss":0},{"damage_healed":0,"gold_gain":0,"player_choice":"Fight","damage_taken":0,"max_hp_gain":0,"max_hp_loss":0,"event_name":"Mysterious Sphere","floor":38,"gold_loss":0}],"is_beta":false,"boss_relics":[{"not_picked":["Tiny House","SlaversCollar"],"picked":"Busted Crown"},{"not_picked":["Coffee Dripper","Astrolabe"],"picked":"Velvet Choker"}],"items_purged_floors":[27],"is_endless":false,"potions_floor_spawned":[1,7,14,16,25,28,37,41],"killed_by":"Time Eater","ascension_level":16}}