{"host":"ozl61tfu5a3o8grk","time":1613176890,"event":{"mods":["AchievementEnabler","Ascension Reborn","BaseMod","Better Vampires","BetterRewards","Colored Powertips","Downfall","Hermit","Hubris","Minty Spire (QoL Compilation)","Replay The Spire","StSLib"],"gold_per_floor":[112,131,58,58,133,133,162,162,162,180,32,32,32,58,58,163,163,174,160,90,165,183,183,183,37,61,61,82,82,94,132,132,231,231,242,97,97,115,140,140,145,145],"floor_reached":41,"language":"ENG","playtime":2926,"items_purged":[],"score":417,"play_id":"0cb6d195-c765-47e7-a95a-8bb90ff115f0","local_time":"20210213004130","daily_mods":["Heirloom","Time Dilation","Flight"],"is_ascension_mode":false,"campfire_choices":[{"data":"hermit:Vantage","floor":6,"key":"SMITH"},{"floor":8,"key":"REST"},{"data":"hermit:EyeOfTheStorm","floor":12,"key":"SMITH"},{"data":"hermit:HeroicBravado","floor":15,"key":"SMITH"},{"data":"hermit:TakeAim","floor":23,"key":"SMITH"},{"data":"hermit:Manifest","floor":27,"key":"SMITH"},{"data":"hermit:Brawl","floor":29,"key":"SMITH"},{"data":"hermit:CursedWeapon","floor":32,"key":"SMITH"},{"data":"hermit:Magnum","floor":40,"key":"SMITH"}],"circlet_count":0,"master_deck":["hermit:Strike_Hermit","hermit:Strike_Hermit","hermit:Strike_Hermit+1","hermit:Strike_Hermit","hermit:Defend_Hermit","hermit:Defend_Hermit","hermit:Defend_Hermit+1","hermit:Snapshot","hermit:Covet","hermit:Vantage+1","hermit:Brawl+1","hermit:EyeOfTheStorm+1","hermit:Feint","hermit:ItchyTrigger+1","hermit:HeroicBravado+1","hermit:Adapt+1","hermit:Manifest+1","hermit:Scavenge","hermit:TakeAim+1","hermit:Ricochet+1","hermit:TrackingShot","hermit:CursedWeapon+1","hermit:FullyLoaded+1","hermit:Magnum+1","hermit:Dive+1","hermit:Glare+1","hermit:CalledShot+1"],"relics":["hermit:Momento","CaptainsWheel","Mango","Eternal Feather","Lantern","Slimebound:StickyStick","hubris:TerracottaHorce","Ancient Tea Set","sneckomod:BlankCard","StrikeDummy","hubris:Backtick","Vajra","Replay:Rubber Ducky"],"acts_visited":["Exordium","TheCity","TheBeyond"],"potions_floor_usage":[31,33,33,35,41],"damage_taken":[{"damage":0,"enemies":"Cultist","floor":1,"turns":4},{"damage":0,"enemies":"2 Louse","floor":2,"turns":2},{"damage":26,"enemies":"Lagavulin","floor":7,"turns":7},{"damage":4,"enemies":"Jaw Worm","floor":10,"turns":4},{"damage":22,"enemies":"3 Sentries","floor":14,"turns":9},{"damage":52,"enemies":"Hexaghost","floor":16,"turns":13},{"damage":7,"enemies":"3 Byrds","floor":18,"turns":8},{"damage":0,"enemies":"2 Thieves","floor":19,"turns":4},{"damage":23,"enemies":"Snake Plant","floor":22,"turns":7},{"damage":2,"enemies":"Chosen and Byrds","floor":28,"turns":7},{"damage":10,"enemies":"Cultist and Chosen","floor":30,"turns":6},{"damage":22,"enemies":"Slavers","floor":31,"turns":7},{"damage":29,"enemies":"hubris:MusketHawk","floor":33,"turns":8},{"damage":23,"enemies":"Orb Walker","floor":35,"turns":4},{"damage":21,"enemies":"3 Shapes","floor":38,"turns":5},{"damage":7,"enemies":"Spire Growth","floor":39,"turns":4},{"damage":83,"enemies":"Giant Head","floor":41,"turns":10}],"seed_played":"7347421496471919943","potions_obtained":[{"floor":1,"key":"SneckoOil"},{"floor":10,"key":"SteroidPotion"},{"floor":28,"key":"Block Potion"},{"floor":31,"key":"hexamod:SoulburnPotion"},{"floor":33,"key":"Guardian:BlockOnCardUsePotion"},{"floor":38,"key":"LiquidMemories"}],"is_trial":true,"path_per_floor":["M","M","$","?","?","R","E","R","T","M","$","R","?","E","R","B",null,"M","M","$","?","M","R","?","$","T","R","M","R","M","E","R","B",null,"M","$","?","M","M","R","E"],"character_chosen":"HERMIT","items_purchased":["hermit:EyeOfTheStorm","Lantern","hermit:TakeAim","Ancient Tea Set","Replay:Rubber Ducky"],"campfire_rested":1,"item_purchase_floors":[3,11,20,25,36],"current_hp_per_floor":[75,75,75,60,49,49,37,63,63,59,59,68,68,46,55,3,89,82,82,82,74,51,63,63,63,63,75,73,85,75,53,65,36,89,66,66,66,45,38,53,0,0],"gold":145,"neow_bonus":"","is_daily":false,"chose_seed":false,"campfire_upgraded":8,"win_rate":0.0,"timestamp":1613176890,"path_taken":["M","M","$","?","?","R","E","R","T","M","?","R","?","E","R","BOSS","M","M","$","?","?","R","?","$","T","R","M","R","?","E","R","BOSS","M","$","?","?","M","R","E"],"items_purchased_type":["Card","Relic","Card","Relic","Relic"],"build_version":"2020-12-22","purchased_purges":0,"victory":false,"max_hp_per_floor":[75,75,75,75,75,75,89,89,89,89,89,89,89,89,89,89,89,89,89,89,89,89,89,89,89,89,89,89,89,89,89,89,89,89,89,89,89,89,89,89,89,89],"card_choices":[{"not_picked":["hermit:Quickdraw","hermit:LowProfile"],"picked":"hermit:Vantage","floor":1},{"not_picked":["hermit:LoneWolf","hermit:BodyArmor"],"picked":"hermit:Brawl","floor":2},{"not_picked":["hermit:LuckOfTheDraw","hermit:Vantage"],"picked":"hermit:Feint","floor":7},{"not_picked":["hermit:Brawl","hermit:Misfire"],"picked":"hermit:ItchyTrigger","floor":10},{"not_picked":["hermit:Dive","hermit:SprayPray"],"picked":"hermit:HeroicBravado","floor":14},{"not_picked":["hermit:HighNoon","hermit:HeroicBravado"],"picked":"hermit:Adapt","floor":16},{"not_picked":["hermit:WideOpen","hermit:Desperado"],"picked":"hermit:Manifest","floor":18},{"not_picked":["hermit:Virtue+1","hermit:FlashPowder"],"picked":"hermit:Scavenge","floor":19},{"not_picked":["hermit:TakeCover","hermit:Vantage+1"],"picked":"hermit:Ricochet+1","floor":22},{"not_picked":["hermit:Glare","hermit:Dive"],"picked":"hermit:TrackingShot","floor":28},{"not_picked":["hermit:WideOpen","hermit:Manifest"],"picked":"hermit:CursedWeapon","floor":30},{"not_picked":["hermit:EternalForm","hermit:GhostlyPresence"],"picked":"hermit:FullyLoaded+1","floor":31},{"not_picked":["hermit:Dissolve","hermit:DeadOrAlive"],"picked":"hermit:Magnum","floor":33},{"not_picked":["hermit:FlashPowder","hermit:Malice"],"picked":"hermit:Dive+1","floor":35},{"not_picked":["hermit:Malice+1","hermit:Desperado"],"picked":"hermit:Glare+1","floor":38},{"not_picked":["hermit:TakeAim+1","hermit:PistolWhip"],"picked":"hermit:CalledShot+1","floor":39}],"player_experience":227991,"relics_obtained":[{"floor":7,"key":"Mango"},{"floor":9,"key":"Eternal Feather"},{"floor":14,"key":"Slimebound:StickyStick"},{"floor":26,"key":"sneckomod:BlankCard"},{"floor":31,"key":"StrikeDummy"}],"event_choices":[{"damage_healed":0,"gold_gain":0,"player_choice":"Entered Light","damage_taken":15,"max_hp_gain":0,"max_hp_loss":0,"event_name":"Shining Light","floor":4,"gold_loss":0,"cards_upgraded":["hermit:Strike_Hermit","hermit:Defend_Hermit"]},{"damage_healed":0,"gold_gain":75,"player_choice":"Gather Gold","damage_taken":11,"max_hp_gain":0,"max_hp_loss":0,"event_name":"World of Goop","floor":5,"gold_loss":0},{"damage_healed":0,"gold_gain":0,"player_choice":"Forge","damage_taken":0,"max_hp_gain":0,"max_hp_loss":0,"event_name":"Accursed Blacksmith","floor":13,"gold_loss":0,"cards_upgraded":["hermit:ItchyTrigger"]},{"damage_healed":0,"gold_gain":75,"player_choice":"Touch","damage_taken":8,"max_hp_gain":0,"max_hp_loss":0,"event_name":"FaceTrader","floor":21,"gold_loss":0},{"damage_healed":0,"gold_gain":0,"player_choice":"Upgraded","damage_taken":0,"max_hp_gain":0,"max_hp_loss":0,"event_name":"Upgrade Shrine","floor":24,"gold_loss":0,"cards_upgraded":["hermit:Adapt"]},{"cards_removed":["hermit:Defend_Hermit"],"damage_healed":0,"gold_gain":0,"player_choice":"Card Removal","damage_taken":0,"max_hp_gain":0,"max_hp_loss":0,"event_name":"Wheel of Change","floor":37,"gold_loss":0}],"is_beta":false,"boss_relics":[{"not_picked":["Snecko Eye","Abe\u0027s Treasure"],"picked":"hubris:TerracottaHorce"},{"not_picked":["hubris:HollowSoul","Replay:Drink Me"],"picked":"hubris:Backtick"}],"items_purged_floors":[],"is_endless":false,"potions_floor_spawned":[1,10,28,31,33,38],"killed_by":"Giant Head","ascension_level":0}}