{"host":"hszimsrtxxc2k25w","time":1613203489,"event":{"mods":["AchievementEnabler","BaseMod","Colored Map","DeckTracker","Minty Spire (QoL Compilation)","Rare Cards Sparkle","SuperFastMode"],"gold_per_floor":[116,116,130,141,168,168,93,111,111,143,143,160,15,26,26,131,131,146,146,116,116],"floor_reached":20,"language":"KOR","playtime":530,"items_purged":["Strike_P"],"score":278,"play_id":"2d326d30-12a8-4faf-b778-47ec91c77b8e","local_time":"20210213170449","is_ascension_mode":true,"campfire_choices":[{"data":"Adaptation","floor":6.0,"key":"SMITH"},{"data":"TalkToTheHand","floor":11.0,"key":"SMITH"},{"data":"Ragnarok","floor":15.0,"key":"SMITH"}],"circlet_count":0,"master_deck":["AscendersBane","Defend_P+1","Defend_P+1","Eruption+1","Vigilance+1","SignatureMove","Adaptation+1","TalkToTheHand+1","Halt","MentalFortress","Ragnarok+1","Adaptation","Scrawl","FlyingSleeves+1","Judgement+1","WaveOfTheHand+1","FlurryOfBlows"],"relics":["PureWater","War Paint","Dead Branch","Matryoshka","Astrolabe"],"acts_visited":["Exordium","TheCity"],"potions_floor_usage":[18],"damage_taken":[{"damage":0.0,"enemies":"Small Slimes","floor":1.0,"turns":3.0},{"damage":2.0,"enemies":"Jaw Worm","floor":3.0,"turns":3.0},{"damage":0.0,"enemies":"2 Louse","floor":4.0,"turns":2.0},{"damage":0.0,"enemies":"Exordium Thugs","floor":8.0,"turns":2.0},{"damage":4.0,"enemies":"3 Sentries","floor":10.0,"turns":5.0},{"damage":0.0,"enemies":"Looter","floor":12.0,"turns":2.0},{"damage":4.0,"enemies":"3 Louse","floor":14.0,"turns":2.0},{"damage":24,"enemies":"The Guardian","floor":16,"turns":12},{"damage":6,"enemies":"3 Byrds","floor":18,"turns":5},{"damage":19,"enemies":"2 Thieves","floor":20,"turns":2}],"seed_played":"-7260593940273905490","potions_obtained":[{"floor":1.0,"key":"EssenceOfSteel"},{"floor":3.0,"key":"BlessingOfTheForge"},{"floor":12.0,"key":"SkillPotion"},{"floor":16,"key":"LiquidMemories"}],"is_trial":false,"path_per_floor":["M","?","M","M","T","R","$","M","T","E","R","M","$","M","R","B",null,"M","?","M"],"character_chosen":"WATCHER","items_purchased":["MentalFortress","Ragnarok"],"campfire_rested":0,"item_purchase_floors":[13,13],"current_hp_per_floor":[65,52,50,50,50,50,50,50,50,46,46,46,46,42,42,18,53,47,47,28,28],"gold":116,"neow_bonus":"REMOVE_TWO","is_daily":false,"chose_seed":false,"campfire_upgraded":3,"win_rate":0.0,"timestamp":1613203489,"path_taken":["M","?","M","M","?","R","?","M","T","E","R","M","$","M","R","BOSS","M","?","M"],"items_purchased_type":["Card","Card"],"build_version":"2020-12-22","purchased_purges":1,"victory":false,"max_hp_per_floor":[65,65,65,65,65,65,65,65,65,65,65,65,65,65,65,65,65,65,65,65,65],"card_choices":[{"not_picked":["Conclude","FearNoEvil"],"picked":"SignatureMove","floor":1.0},{"not_picked":["EmptyBody","Evaluate","Consecrate"],"picked":"SKIP","floor":3.0},{"not_picked":["Worship","Halt"],"picked":"Adaptation","floor":4.0},{"not_picked":["ReachHeaven","FlyingSleeves","ThirdEye"],"picked":"SKIP","floor":8.0},{"not_picked":["CutThroughFate","PathToVictory"],"picked":"TalkToTheHand","floor":10.0},{"not_picked":["BowlingBash","ClearTheMind"],"picked":"Halt","floor":12.0},{"not_picked":["FearNoEvil","Alpha"],"picked":"Adaptation","floor":14.0},{"not_picked":["Alpha","Establishment"],"picked":"Scrawl","floor":16},{"not_picked":["Evaluate","ClearTheMind","PathToVictory"],"picked":"SKIP","floor":18}],"player_experience":679175,"relics_obtained":[{"floor":5.0,"key":"War Paint"},{"floor":9.0,"key":"Dead Branch"},{"floor":10.0,"key":"Matryoshka"}],"event_choices":[{"damage_healed":0.0,"max_hp_gain":0.0,"max_hp_loss":0.0,"gold_gain":0.0,"event_name":"Shining Light","player_choice":"Entered Light","floor":2.0,"gold_loss":0.0,"damage_taken":13.0,"cards_upgraded":["Defend_P","Eruption"]},{"damage_healed":0,"gold_gain":0,"player_choice":"Read","damage_taken":0,"max_hp_gain":0,"max_hp_loss":0,"event_name":"The Library","floor":19,"gold_loss":0,"cards_obtained":["FlurryOfBlows"]}],"is_beta":false,"boss_relics":[{"not_picked":["Black Star","Pandora\u0027s Box"],"picked":"Astrolabe"}],"items_purged_floors":[7],"is_endless":false,"potions_floor_spawned":[1,3,12,14,16],"killed_by":"2 Thieves","ascension_level":12}}