{"host":"avjwtc49fhlk6kym","time":1613253866,"event":{"mods":["AchievementEnabler","BaseMod","Better Match","Better Note","Better Third Choice","Colored Map","Colored Powertips","Displayed Cursed Tome","Highlight Path","Minty Spire (QoL Compilation)","Permanent Neow","Quick Restart","StSLib"],"gold_per_floor":[119,119,129,129,204,221,252,252,252,252,268,25,25,35,35,35,35],"floor_reached":16,"language":"ENG","playtime":393,"items_purged":[],"score":105,"play_id":"4a2ddceb-665e-4b4c-b7e1-5f87448d7341","local_time":"20210213170426","is_ascension_mode":true,"campfire_choices":[{"floor":10,"key":"REST"},{"floor":13,"key":"REST"},{"floor":15,"key":"REST"}],"circlet_count":0,"master_deck":["Strike_P","Strike_P","Strike_P","Strike_P","Defend_P","Defend_P","Defend_P","Eruption","Vigilance","FollowUp","BattleHymn+1","BowlingBash","CrushJoints","CutThroughFate","BattleHymn","PathToVictory","Protect"],"relics":["PureWater","MealTicket","Happy Flower","GoldenEye","StrikeDummy","Omamori"],"acts_visited":["Exordium"],"potions_floor_usage":[],"damage_taken":[{"damage":2,"enemies":"Small Slimes","floor":1,"turns":4},{"damage":3,"enemies":"Jaw Worm","floor":3,"turns":2},{"damage":0,"enemies":"2 Louse","floor":6,"turns":3},{"damage":12,"enemies":"Lagavulin","floor":7,"turns":5},{"damage":12,"enemies":"Blue Slaver","floor":11,"turns":2},{"damage":11,"enemies":"Large Slime","floor":14,"turns":3},{"damage":70,"enemies":"Hexaghost","floor":16,"turns":7}],"seed_played":"1386647196390083925","potions_obtained":[{"floor":11,"key":"Explosive Potion"},{"floor":14,"key":"FearPotion"}],"is_trial":false,"path_per_floor":["M","?","M","?","?","M","E","?","T","R","M","$","R","M","R","B"],"character_chosen":"WATCHER","items_purchased":["Omamori","BattleHymn","PathToVictory"],"campfire_rested":3,"item_purchase_floors":[12,12,12],"current_hp_per_floor":[70,63,60,35,24,24,12,12,12,33,21,36,57,46,67,0,0],"gold":35,"neow_bonus":"RANDOM_COMMON_RELIC","is_daily":false,"chose_seed":false,"campfire_upgraded":0,"win_rate":0.0,"timestamp":1613253866,"path_taken":["M","?","M","?","?","?","E","?","T","R","?","$","R","M","R","BOSS"],"items_purchased_type":["Relic","Card","Card"],"build_version":"2020-12-22","purchased_purges":0,"victory":false,"max_hp_per_floor":[72,72,72,72,72,72,72,72,72,72,72,72,72,72,72,72,72],"card_choices":[{"not_picked":["EmptyFist","FlyingSleeves"],"picked":"FollowUp","floor":1},{"not_picked":["FollowUp","ThirdEye"],"picked":"BattleHymn","floor":3},{"not_picked":["Halt","WreathOfFlame"],"picked":"BowlingBash","floor":6},{"not_picked":["CutThroughFate","Consecrate"],"picked":"CrushJoints","floor":7},{"not_picked":["Perseverance","ConjureBlade"],"picked":"CutThroughFate","floor":11},{"not_picked":["WaveOfTheHand","PathToVictory"],"picked":"Protect","floor":14}],"player_experience":449234,"relics_obtained":[{"floor":7,"key":"GoldenEye"},{"floor":9,"key":"StrikeDummy"}],"event_choices":[{"cards_removed":["Defend_P"],"damage_healed":0,"gold_gain":0,"player_choice":"Card Removal","damage_taken":7,"max_hp_gain":0,"max_hp_loss":0,"event_name":"Golden Wing","floor":2,"gold_loss":0},{"damage_healed":0,"gold_gain":0,"player_choice":"Relic ","damage_taken":25,"max_hp_gain":0,"max_hp_loss":0,"event_name":"betterThird:BetterScrap","floor":4,"gold_loss":0,"cards_obtained":["Heel Hook"]},{"damage_healed":0,"gold_gain":75,"player_choice":"Gold","damage_taken":11,"max_hp_gain":0,"max_hp_loss":0,"event_name":"betterThird:BetterGoop","floor":5,"gold_loss":0},{"damage_healed":0,"gold_gain":0,"player_choice":"Upgraded","damage_taken":0,"max_hp_gain":0,"max_hp_loss":0,"event_name":"Upgrade Shrine","floor":8,"gold_loss":0,"cards_upgraded":["BattleHymn"]}],"is_beta":false,"boss_relics":[],"items_purged_floors":[],"is_endless":false,"potions_floor_spawned":[11,14],"killed_by":"Hexaghost","ascension_level":1}}