{"host":"xw709scqdmsx7obr","time":1613233138,"event":{"mods":["BaseMod","Colored Map","Downfall","Minty Spire (QoL Compilation)","Replay The Spire","StSLib"],"gold_per_floor":[99,114,130,5,5,16,16,36,65,65,65,80,93,111,124,124,124,124],"floor_reached":16,"language":"ENG","playtime":1240,"items_purged":[],"score":156,"play_id":"3f083048-ab35-44f1-8e44-e5e3e57fc974","local_time":"20210213111858","is_ascension_mode":false,"campfire_choices":[{"floor":1,"key":"RECALL"},{"floor":11,"key":"REST"}],"circlet_count":0,"master_deck":["Slimebound:Strike_Slimebound","Slimebound:Strike_Slimebound","Slimebound:Strike_Slimebound","Slimebound:Tackle","Slimebound:Defend_Slimebound","Slimebound:Defend_Slimebound+1","Slimebound:Defend_Slimebound","Slimebound:Defend_Slimebound","Slimebound:Split","Slimebound:CorrosiveSpit","Slimebound:ComboTackle","Slimebound:CheckThePlaybook","Slimebound:FinishingTackle","expansioncontent:YouAreMine","Slimebound:Schlurp","Slimebound:Prepare","Slimebound:Equalize","Slimebound:GoopTackle","Slimebound:SplitLeeching"],"relics":["Sozu","Gremlin Food"],"acts_visited":["Exordium"],"potions_floor_usage":[],"damage_taken":[{"damage":3,"enemies":"Small Slimes","floor":2,"turns":3},{"damage":5,"enemies":"2 Louse","floor":3,"turns":3},{"damage":3,"enemies":"downfall:FleeingMerchant","floor":4,"turns":4},{"damage":9,"enemies":"Cultist","floor":6,"turns":2},{"damage":6,"enemies":"3 Louse","floor":8,"turns":2},{"damage":35,"enemies":"Lagavulin","floor":9,"turns":4},{"damage":8,"enemies":"Large Slime","floor":12,"turns":3},{"damage":12,"enemies":"Blue Slaver","floor":13,"turns":3},{"damage":0,"enemies":"3 Louse","floor":14,"turns":2},{"damage":7,"enemies":"Large Slime","floor":15,"turns":4}],"seed_played":"-6838821452638706957","potions_obtained":[],"is_trial":false,"path_per_floor":["R","M","M","$","?","M","T","M","E","?","R","M","M","M","M","B"],"character_chosen":"SLIMEBOUND","items_purchased":["Slimebound:FinishingTackle","expansioncontent:YouAreMine"],"campfire_rested":1,"item_purchase_floors":[4,4],"current_hp_per_floor":[65,62,57,54,59,50,50,44,9,9,30,30,26,30,27,0,0,0],"gold":124,"neow_bonus":"BOSS_RELIC","is_daily":false,"chose_seed":false,"campfire_upgraded":0,"win_rate":0.0,"timestamp":1613233138,"path_taken":["R","M","M","$","?","M","T","M","E","?","R","M","M","M","M","BOSS"],"items_purchased_type":["Card","Card"],"build_version":"2020-12-22","purchased_purges":0,"victory":false,"max_hp_per_floor":[65,65,65,65,70,70,70,70,70,70,70,70,70,70,70,70,70,70],"card_choices":[{"not_picked":["Slimebound:PressTheAttack","Slimebound:LivingWall","Slimebound:GoopSpray"],"picked":"SKIP","floor":2},{"not_picked":["Slimebound:LivingWall","Slimebound:SplitLeeching"],"picked":"Slimebound:ComboTackle","floor":3},{"not_picked":["Slimebound:SplitLeeching","Slimebound:LeechEnergy"],"picked":"Slimebound:CheckThePlaybook","floor":4},{"not_picked":["Slimebound:Gluttony","Slimebound:ItLooksTasty"],"picked":"Slimebound:Schlurp","floor":6},{"not_picked":["Slimebound:DisruptingSlam","Slimebound:PressTheAttack"],"picked":"Slimebound:Prepare","floor":8},{"not_picked":["Slimebound:Overexert","Slimebound:SlimeSpikes"],"picked":"Slimebound:Equalize","floor":9},{"not_picked":["Slimebound:PressTheAttack","Slimebound:FinishingTackle"],"picked":"Slimebound:GoopTackle","floor":12},{"not_picked":["Slimebound:ItLooksTasty","Slimebound:GrowthPunch","Slimebound:SplitLeeching"],"picked":"SKIP","floor":13},{"not_picked":["Slimebound:Prepare","Slimebound:LeechingTouch","Slimebound:SamplingLick"],"picked":"SKIP","floor":14},{"not_picked":["Slimebound:SlimeTap","Slimebound:SpikyOuterGoop"],"picked":"Slimebound:SplitLeeching","floor":15}],"player_experience":100729,"relics_obtained":[{"floor":9,"key":"Gremlin Food"}],"event_choices":[{"damage_healed":0,"gold_gain":0,"player_choice":"Donut","damage_taken":0,"max_hp_gain":5,"max_hp_loss":0,"event_name":"Big Fish","floor":5,"gold_loss":0}],"is_beta":false,"boss_relics":[],"items_purged_floors":[],"is_endless":false,"potions_floor_spawned":[3,6,8,9,12],"killed_by":"DF_ARCHETYPE_STREAMLINE","ascension_level":0}}