{"host":"su878r6uzygfa166","time":1613232941,"event":{"mods":["BaseMod","Marisa£®ÏF”Í°°ƒß¿Ì…≥£©","Minty Spire (QoL Compilation)","StSLib"],"gold_per_floor":[116,41,41,55,70,97,97,125,125,154,79,96,96,110,110,181,181,193,193,193,193],"floor_reached":20,"language":"ZHS","playtime":457,"items_purged":["CasketOfStar"],"score":409,"play_id":"3c6f4177-2b87-47af-899c-8ec5f5dda910","local_time":"20210214001541","daily_mods":["Shiny","Vintage","Binary"],"is_ascension_mode":true,"campfire_choices":[{"floor":7,"key":"REST"},{"floor":13,"key":"REST"},{"data":"UltimateShortwave","floor":15,"key":"SMITH"}],"circlet_count":0,"master_deck":["AscendersBane","StarDustReverie","AbsoluteMagnitude","TreasureHunter","CollectingQuirk","MillisecondPulsars","SatelliteIllusion","SuperNova","JA","BlazingStar","BigCrunch","EscapeVelocity","UltimateShortwave+1","ManaRampage","BinaryStars","FinalSpark","Writhe"],"relics":["MiniHakkero","Busted Crown","Centennial Puzzle","Darkstone Periapt","Toxic Egg 2","WingedGreaves","Bronze Scales","Turnip","Pear","Torii","TungstenRod","Bottled Lightning","Black Star","Molten Egg 2","BreadOfAWashokuLover"],"acts_visited":["Exordium","TheCity"],"potions_floor_usage":[8,10],"damage_taken":[{"damage":0.0,"enemies":"2 Louse","floor":1.0,"turns":1.0},{"damage":0.0,"enemies":"Jaw Worm","floor":4.0,"turns":1.0},{"damage":6,"enemies":"Small Slimes","floor":5,"turns":2},{"damage":20,"enemies":"Lagavulin","floor":6,"turns":4},{"damage":38,"enemies":"Gremlin Nob","floor":8,"turns":4},{"damage":16,"enemies":"Lagavulin","floor":10,"turns":4},{"damage":0,"enemies":"Red Slaver","floor":12,"turns":1},{"damage":0,"enemies":"Looter","floor":14,"turns":1},{"damage":37,"enemies":"Slime Boss","floor":16,"turns":4},{"damage":16,"enemies":"2 Thieves","floor":18,"turns":3},{"damage":1,"enemies":"3 Byrds","floor":20,"turns":2}],"seed_played":"146542156835752283","potions_obtained":[{"floor":5,"key":"Fruit Juice"},{"floor":6,"key":"LiquidBronze"},{"floor":8,"key":"EssenceOfSteel"},{"floor":12,"key":"Strength Potion"}],"is_trial":true,"path_per_floor":["M","?","?","M","M","E","R","E","T","E","$","M","R","M","R","B",null,"M","?","M"],"character_chosen":"MARISA","items_purchased":[],"campfire_rested":2,"item_purchase_floors":[],"current_hp_per_floor":[63,63,68,68,62,42,64,31,41,25,25,25,52,52,52,15,71,55,61,60,60],"gold":193,"neow_bonus":"","is_daily":false,"chose_seed":false,"campfire_upgraded":1,"win_rate":0.0,"timestamp":1613232941,"path_taken":["M","?","?","M","M","E","R","E","T","E","$","M","R","M","R","BOSS","M","?","M"],"items_purchased_type":[],"build_version":"2020-12-22","purchased_purges":1,"victory":false,"max_hp_per_floor":[70,70,75,75,75,75,75,80,90,90,90,90,90,90,90,90,90,90,96,96,96],"card_choices":[],"player_experience":408431,"relics_obtained":[{"floor":1.0,"key":"Centennial Puzzle"},{"floor":4.0,"key":"Darkstone Periapt"},{"floor":5,"key":"Toxic Egg 2"},{"floor":6,"key":"WingedGreaves"},{"floor":8,"key":"Bronze Scales"},{"floor":8,"key":"Turnip"},{"floor":9,"key":"Pear"},{"floor":10,"key":"Torii"},{"floor":12,"key":"TungstenRod"},{"floor":14,"key":"Bottled Lightning"},{"floor":18,"key":"Molten Egg 2"}],"event_choices":[{"cards_removed":["MaximisePower"],"damage_healed":0.0,"max_hp_gain":0.0,"max_hp_loss":0.0,"gold_gain":0.0,"event_name":"The Cleric","player_choice":"Card Removal","floor":2.0,"gold_loss":75.0,"damage_taken":0.0},{"damage_healed":0.0,"max_hp_gain":5.0,"max_hp_loss":0.0,"gold_gain":0.0,"event_name":"Big Fish","player_choice":"Donut","floor":3.0,"gold_loss":0.0,"damage_taken":0.0},{"damage_healed":0,"gold_gain":0,"player_choice":"Opened","damage_taken":0,"relics_obtained":["BreadOfAWashokuLover"],"max_hp_gain":0,"max_hp_loss":0,"event_name":"The Mausoleum","floor":19,"gold_loss":0,"cards_obtained":["Writhe"]}],"is_beta":false,"boss_relics":[{"not_picked":["Ectoplasm","Cursed Key"],"picked":"Black Star"}],"items_purged_floors":[11],"is_endless":false,"potions_floor_spawned":[5,6,8,12,18],"killed_by":"3 Byrds","ascension_level":20}}