{"host":"49pjgf1q9ev52n8z","time":1613190003,"event":{"mods":["BaseMod","Bestiary","Colored Map","Keyboard Shortcuts","Minty Spire (QoL Compilation)","Practice Mode","Relic Stats","StSLib"],"gold_per_floor":[359,359,375,391,406,439,439,472,496,513,531,160,160,160,160,263,263,273,284,559,569,588,588,606,606,674,105,105,105,105,125,125,222,222,238,151,161,175,194,194,225,225,274,293,293,305,305,305],"floor_reached":47,"language":"ENG","playtime":3781,"items_purged":["Regret","Writhe"],"score":645,"play_id":"46c70137-992e-4403-83e8-3585f2f5bb5c","local_time":"20210212202003","is_ascension_mode":true,"campfire_choices":[{"data":"Eruption","floor":7.0,"key":"SMITH"},{"data":"Tantrum","floor":13.0,"key":"SMITH"},{"floor":15.0,"key":"REST"},{"floor":23.0,"key":"REST"},{"floor":29.0,"key":"REST"},{"floor":32.0,"key":"REST"},{"floor":40,"key":"REST"},{"floor":42,"key":"REST"},{"floor":45,"key":"REST"}],"circlet_count":0,"master_deck":["Strike_P+1","Strike_P+1","Strike_P+1","Strike_P+1","Defend_P+1","Defend_P+1","Defend_P+1","Defend_P+1","Eruption+1","Vigilance","FollowUp","CrushJoints","Consecrate","FlurryOfBlows","EmptyBody","Tantrum+1","Crescendo","CutThroughFate","Scrawl+1","ThirdEye+1","MentalFortress","CutThroughFate+1","Meditate","ConjureBlade","ReachHeaven+1","Wireheading","Wallop+1","ClearTheMind","SashWhip","CarveReality+1"],"relics":["PureWater","Letter Opener","Anchor","Ancient Tea Set","Pen Nib","Strange Spoon","Smiling Mask","Sozu","Kunai","Ice Cream","Oddly Smooth Stone","Omamori","SlaversCollar","Blood Vial","CeramicFish"],"acts_visited":["Exordium","TheCity","TheBeyond"],"potions_floor_usage":[],"damage_taken":[{"damage":0.0,"enemies":"2 Louse","floor":1.0,"turns":2.0},{"damage":0.0,"enemies":"Small Slimes","floor":3.0,"turns":2.0},{"damage":0.0,"enemies":"Cultist","floor":4.0,"turns":2.0},{"damage":2.0,"enemies":"2 Fungi Beasts","floor":5.0,"turns":3.0},{"damage":16.0,"enemies":"Gremlin Nob","floor":6.0,"turns":3.0},{"damage":0.0,"enemies":"Lagavulin","floor":8.0,"turns":3.0},{"damage":0.0,"enemies":"3 Louse","floor":10.0,"turns":3.0},{"damage":1.0,"enemies":"Looter","floor":11.0,"turns":2.0},{"damage":24.0,"enemies":"Hexaghost","floor":16.0,"turns":4.0},{"damage":0.0,"enemies":"2 Thieves","floor":18.0,"turns":2.0},{"damage":0.0,"enemies":"Chosen","floor":19.0,"turns":3.0},{"damage":0.0,"enemies":"3 Cultists","floor":21.0,"turns":3.0},{"damage":33.0,"enemies":"Shelled Parasite and Fungi","floor":22.0,"turns":7.0},{"damage":28.0,"enemies":"Snecko","floor":24.0,"turns":5.0},{"damage":6.0,"enemies":"Snake Plant","floor":31.0,"turns":2.0},{"damage":21.0,"enemies":"Collector","floor":33.0,"turns":6.0},{"damage":0,"enemies":"3 Darklings","floor":35,"turns":4},{"damage":18,"enemies":"Orb Walker","floor":37,"turns":4},{"damage":35,"enemies":"3 Darklings","floor":38,"turns":3},{"damage":1,"enemies":"Spire Growth","floor":39,"turns":3},{"damage":11,"enemies":"Reptomancer","floor":41,"turns":4},{"damage":8,"enemies":"4 Shapes","floor":44,"turns":3},{"damage":0,"enemies":"Writhing Mass","floor":46,"turns":3},{"damage":57,"enemies":"Giant Head","floor":47,"turns":6}],"seed_played":"-2730957219874381081","potions_obtained":[{"floor":3.0,"key":"SteroidPotion"},{"floor":6.0,"key":"ColorlessPotion"},{"floor":8.0,"key":"GamblersBrew"},{"floor":11.0,"key":"Strength Potion"}],"is_trial":false,"path_per_floor":["M","?","M","M","M","E","R","E","T","M","M","$","R","?","R","B",null,"M","M","?","M","M","R","M","?","T","$","?","R","?","M","R","B",null,"M","$","M","M","M","R","E","R","T","M","R","M","E"],"character_chosen":"WATCHER","items_purchased":["Pen Nib","Strange Spoon","Crescendo","CutThroughFate","Ice Cream","Oddly Smooth Stone","Meditate","Wireheading"],"campfire_rested":7,"item_purchase_floors":[12,12,12,12,27,27,27,36],"current_hp_per_floor":[65,70,70,70,68,52,52,52,52,52,51,51,51,33,54,30,60,60,60,60,60,27,48,20,20,20,20,20,41,41,35,56,35,61,61,61,43,8,7,28,17,38,38,32,53,55,0,0],"gold":305,"neow_bonus":"TWO_FIFTY_GOLD","is_daily":false,"chose_seed":false,"campfire_upgraded":2,"win_rate":0.0,"timestamp":1613190003,"path_taken":["M","?","M","M","M","E","R","E","T","M","M","$","R","?","R","BOSS","M","M","?","M","M","R","?","?","T","$","?","R","?","M","R","BOSS","BOSS","M","$","M","?","M","R","E","R","T","M","R","M","E"],"items_purchased_type":["Relic","Relic","Card","Card","Relic","Relic","Card","Card"],"build_version":"2020-12-22","purchased_purges":2,"victory":false,"max_hp_per_floor":[65,70,70,70,70,70,70,70,70,70,70,70,70,70,70,70,70,70,70,70,70,70,70,70,70,70,70,70,70,70,70,70,70,70,70,70,70,70,70,70,70,70,70,70,70,70,70,70],"relic_stats":{"Sozu":6,"Blood Vial":6,"Strange Spoon":[21],"counters":[24,82],"CeramicFish":9,"Pen Nib":[19],"Letter Opener":[60],"Kunai":[29],"Smiling Mask":75,"obtain_stats":[{"Ice Cream":27,"CeramicFish":43,"Oddly Smooth Stone":27,"Pen Nib":12,"Omamori":28,"Letter Opener":6,"Ancient Tea Set":9,"Smiling Mask":14,"Sozu":17,"Blood Vial":41,"Strange Spoon":12,"SlaversCollar":34,"Anchor":8,"Kunai":26,"PureWater":0},{"Ice Cream":14,"CeramicFish":21,"Oddly Smooth Stone":14,"Pen Nib":8,"Omamori":14,"Letter Opener":5,"Ancient Tea Set":6,"Smiling Mask":8,"Sozu":9,"Blood Vial":21,"Strange Spoon":8,"SlaversCollar":16,"Anchor":6,"Kunai":14,"PureWater":0},{"Ice Cream":44,"CeramicFish":70,"Oddly Smooth Stone":44,"Pen Nib":20,"Omamori":44,"Letter Opener":12,"Ancient Tea Set":15,"Smiling Mask":20,"Sozu":24,"Blood Vial":70,"Strange Spoon":20,"SlaversCollar":52,"Anchor":15,"Kunai":44,"PureWater":0}]},"card_choices":[{"not_picked":["Halt","SashWhip"],"picked":"FollowUp","floor":1.0},{"not_picked":["DeceiveReality","Vengeance"],"picked":"CrushJoints","floor":3.0},{"not_picked":["InnerPeace","Evaluate"],"picked":"Consecrate","floor":4.0},{"not_picked":["Vengeance","Evaluate"],"picked":"FlurryOfBlows","floor":5.0},{"not_picked":["Meditate","WaveOfTheHand"],"picked":"EmptyBody","floor":6.0},{"not_picked":["Fasting2","JustLucky","Prostrate"],"picked":"SKIP","floor":8.0},{"not_picked":["Meditate","BowlingBash","PathToVictory"],"picked":"SKIP","floor":10.0},{"not_picked":["Blasphemy","CrushJoints"],"picked":"Tantrum","floor":11.0},{"not_picked":["Blasphemy","SpiritShield"],"picked":"Scrawl","floor":16.0},{"not_picked":["Prostrate","FlurryOfBlows","Halt+1"],"picked":"SKIP","floor":18.0},{"not_picked":["Crescendo","FollowUp"],"picked":"ThirdEye+1","floor":19.0},{"not_picked":["FlurryOfBlows","FollowUp","MasterReality"],"picked":"SKIP","floor":21.0},{"not_picked":["JustLucky+1","Evaluate"],"picked":"MentalFortress","floor":22.0},{"not_picked":["InnerPeace","SandsOfTime"],"picked":"CutThroughFate+1","floor":24.0},{"not_picked":["FlyingSleeves","Halt+1","WheelKick+1"],"picked":"SKIP","floor":31.0},{"not_picked":["Ragnarok","DevaForm"],"picked":"ConjureBlade","floor":33},{"not_picked":["Crescendo+1","Prostrate"],"picked":"ReachHeaven+1","floor":35},{"not_picked":["BowlingBash","Crescendo"],"picked":"Wallop+1","floor":37},{"not_picked":["Perseverance+1","CutThroughFate","WheelKick+1"],"picked":"SKIP","floor":38},{"not_picked":["EmptyFist+1","Wallop"],"picked":"ClearTheMind","floor":39},{"not_picked":["CutThroughFate","FearNoEvil+1"],"picked":"SashWhip","floor":41},{"not_picked":["SashWhip+1","CrushJoints"],"picked":"CarveReality+1","floor":44},{"not_picked":["Protect","ThirdEye","JustLucky"],"picked":"SKIP","floor":46}],"player_experience":817206,"relics_obtained":[{"floor":6.0,"key":"Letter Opener"},{"floor":8.0,"key":"Anchor"},{"floor":9.0,"key":"Ancient Tea Set"},{"floor":26.0,"key":"Kunai"},{"floor":41,"key":"Blood Vial"},{"floor":43,"key":"CeramicFish"}],"event_choices":[{"damage_healed":0.0,"max_hp_gain":5.0,"max_hp_loss":0.0,"gold_gain":0.0,"event_name":"Big Fish","player_choice":"Donut","floor":2.0,"gold_loss":0.0,"damage_taken":0.0},{"damage_healed":0.0,"max_hp_gain":0.0,"max_hp_loss":0.0,"gold_gain":0.0,"event_name":"Scrap Ooze","player_choice":"Success","floor":14.0,"gold_loss":0.0,"damage_taken":18.0,"relics_obtained":["Smiling Mask"]},{"damage_healed":0.0,"max_hp_gain":0.0,"max_hp_loss":0.0,"gold_gain":275.0,"event_name":"Golden Shrine","player_choice":"Desecrate","floor":20.0,"gold_loss":0.0,"damage_taken":0.0,"cards_obtained":["Regret"]},{"damage_healed":0.0,"max_hp_gain":0.0,"max_hp_loss":0.0,"gold_gain":0.0,"event_name":"Back to Basics","player_choice":"Simplicity","floor":25.0,"gold_loss":0.0,"damage_taken":0.0,"cards_upgraded":["Strike_P","Strike_P","Strike_P","Strike_P","Defend_P","Defend_P","Defend_P","Defend_P"]},{"damage_healed":0.0,"max_hp_gain":0.0,"max_hp_loss":0.0,"gold_gain":0.0,"event_name":"The Mausoleum","player_choice":"Opened","floor":28.0,"gold_loss":0.0,"damage_taken":0.0,"relics_obtained":["Omamori"],"cards_obtained":["Writhe"]},{"damage_healed":0.0,"max_hp_gain":0.0,"max_hp_loss":0.0,"gold_gain":0.0,"event_name":"Upgrade Shrine","player_choice":"Upgraded","floor":30.0,"gold_loss":0.0,"damage_taken":0.0,"cards_upgraded":["Scrawl"]}],"is_beta":false,"boss_relics":[{"not_picked":["Tiny House","Coffee Dripper"],"picked":"Sozu"},{"not_picked":["Pandora\u0027s Box","Runic Dome"],"picked":"SlaversCollar"}],"items_purged_floors":[27,36],"is_endless":false,"potions_floor_spawned":[3,6,8,11,19,22,33,37,44,46],"killed_by":"Giant Head","ascension_level":5}}