{"host":"yecadp3kwkksam5a","time":1613197856,"event":{"mods":["100% Spire Juice","BaseMod","Minty Spire (QoL Compilation)","StSLib","SuperFastMode","The Cursed","WarShipGirlsR/??á´Ò³R mod"],"gold_per_floor":[117,133,149,149,170,214,235,253,253,253,286,29,29,64,64,160,160,175,200,224,224,243,243,276,276,276,296,296,327,252,83,83,182,182,200,213,27,52,73,111,0,44,90,102,114,126,154,205,217,229,241,253,0,44,44],"floor_reached":56,"language":"KOR","playtime":2494,"items_purged":["Strike_R","Defend_R","Anger"],"score":2323,"play_id":"5bcc1254-11e6-4ed8-b47a-0051780601c6","local_time":"20210213153056","is_ascension_mode":true,"campfire_choices":[{"floor":10.0,"key":"REST"},{"data":"Apotheosis","floor":15.0,"key":"SMITH"},{"data":"Dark Embrace","floor":23.0,"key":"SMITH"},{"floor":25.0,"key":"REST"},{"floor":28.0,"key":"RECALL"},{"data":"Offering","floor":32.0,"key":"SMITH"},{"data":"Barricade","floor":44,"key":"SMITH"},{"data":"Pommel Strike","floor":46,"key":"SMITH"},{"data":"Warcry","floor":49,"key":"SMITH"},{"data":"Feel No Pain","floor":52,"key":"SMITH"}],"circlet_count":0,"master_deck":["AscendersBane","Feel No Pain","Wild Strike","Shrug It Off","Feel No Pain+1","Second Wind","Dark Embrace+1","Body Slam","Apotheosis+1","True Grit","Pommel Strike+1","Power Through","Bite","Bite","Bite","Bite","Bite","Shrug It Off","Power Through+1","Offering+1","Impervious","Body Slam+1","Impervious+1","Demon Form+1","Body Slam","Entrench","Power Through+1","Barricade+1","Warcry+1","Power Through","Second Wind","Body Slam","Bloodletting"],"relics":["Burning Blood","Golden Idol","Potion Belt","Boot","Odd Mushroom","Charon\u0027s Ashes","Oddly Smooth Stone","SlaversCollar","Meat on the Bone","Bag of Marbles","Medical Kit","Astrolabe","Bottled Tornado","Red Mask","Lantern","MawBank","Ginger","Pantograph"],"acts_visited":["Exordium","TheCity","TheBeyond","TheEnding"],"potions_floor_usage":[42,55],"damage_taken":[{"damage":4.0,"enemies":"2 Louse","floor":1.0,"turns":4.0},{"damage":8.0,"enemies":"Jaw Worm","floor":2.0,"turns":5.0},{"damage":2.0,"enemies":"Cultist","floor":3.0,"turns":4.0},{"damage":0.0,"enemies":"Large Slime","floor":5.0,"turns":4.0},{"damage":29.0,"enemies":"Gremlin Nob","floor":6.0,"turns":4.0},{"damage":6.0,"enemies":"Exordium Wildlife","floor":7.0,"turns":5.0},{"damage":2.0,"enemies":"Lots of Slimes","floor":8.0,"turns":6.0},{"damage":0.0,"enemies":"The Mushroom Lair","floor":11.0,"turns":1.0},{"damage":7.0,"enemies":"Lagavulin","floor":14.0,"turns":7.0},{"damage":65.0,"enemies":"Hexaghost","floor":16.0,"turns":11.0},{"damage":25.0,"enemies":"3 Byrds","floor":18.0,"turns":4.0},{"damage":0.0,"enemies":"2 Thieves","floor":19.0,"turns":1.0},{"damage":19.0,"enemies":"Cultist and Chosen","floor":20.0,"turns":7.0},{"damage":28.0,"enemies":"Snecko","floor":22.0,"turns":11.0},{"damage":71.0,"enemies":"Book of Stabbing","floor":24.0,"turns":7.0},{"damage":2.0,"enemies":"Centurion and Healer","floor":27.0,"turns":7.0},{"damage":23.0,"enemies":"Slavers","floor":29.0,"turns":8.0},{"damage":41.0,"enemies":"Collector","floor":33.0,"turns":11.0},{"damage":28,"enemies":"3 Darklings","floor":35,"turns":5},{"damage":18,"enemies":"3 Shapes","floor":36,"turns":5},{"damage":10,"enemies":"Jaw Worm Horde","floor":38,"turns":5},{"damage":6,"enemies":"Sphere and 2 Shapes","floor":39,"turns":4},{"damage":12,"enemies":"Giant Head","floor":40,"turns":6},{"damage":22,"enemies":"Reptomancer","floor":42,"turns":7},{"damage":31,"enemies":"3 Darklings","floor":47,"turns":5},{"damage":6,"enemies":"Giant Head","floor":48,"turns":4},{"damage":8,"enemies":"Awakened One","floor":50,"turns":8},{"damage":45,"enemies":"Shield and Spear","floor":54,"turns":13},{"damage":16,"enemies":"The Heart","floor":55,"turns":6}],"seed_played":"-1876952285794175853","potions_obtained":[{"floor":1.0,"key":"Explosive Potion"},{"floor":2.0,"key":"Dexterity Potion"},{"floor":7.0,"key":"LiquidBronze"},{"floor":8.0,"key":"LiquidBronze"},{"floor":14.0,"key":"DistilledChaos"},{"floor":18.0,"key":"FairyPotion"},{"floor":19.0,"key":"SteroidPotion"},{"floor":24.0,"key":"Explosive Potion"},{"floor":40,"key":"LiquidMemories"},{"floor":42,"key":"SteroidPotion"},{"floor":47,"key":"Weak Potion"}],"is_trial":false,"path_per_floor":["M","M","M","?","M","E","M","M","T","R","?","$","?","E","R","B",null,"M","M","M","?","M","R","E","R","T","M","R","E","?","$","R","B",null,"M","M","$","M","M","E","?","E","T","R","?","R","M","E","R","B",null,"R","$","E","B",null],"character_chosen":"IRONCLAD","items_purchased":["Apotheosis","Medical Kit","Entrench","Second Wind","Body Slam"],"campfire_rested":2,"item_purchase_floors":[12,31,37,53,53],"current_hp_per_floor":[77,75,79,51,57,34,34,38,38,62,68,68,68,67,67,8,64,45,51,38,38,46,46,22,39,39,57,57,53,53,53,53,49,55,42,39,39,47,49,48,48,48,48,48,48,48,41,50,50,54,54,54,54,54,54],"gold":44,"neow_bonus":"TEN_PERCENT_HP_BONUS","is_daily":false,"chose_seed":false,"campfire_upgraded":7,"win_rate":0.0,"timestamp":1613197856,"path_taken":["M","M","M","?","M","E","M","M","T","R","?","$","?","E","R","BOSS","M","M","M","?","M","R","E","R","T","M","R","E","?","?","R","BOSS","M","M","$","?","M","E","?","E","T","R","?","R","M","E","R","BOSS","R","$","E","BOSS"],"items_purchased_type":["Card","Relic","Card","Card","Card"],"build_version":"2020-12-22","purchased_purges":3,"victory":true,"max_hp_per_floor":[82,82,82,82,82,82,82,82,82,82,82,82,82,82,82,82,82,82,82,82,57,57,57,57,57,57,57,57,57,57,57,57,57,57,57,57,57,57,57,57,57,57,57,57,54,54,54,54,54,54,54,54,54,54,54],"card_choices":[{"not_picked":["Havoc","Ghostly Armor"],"picked":"Feel No Pain","floor":1.0},{"not_picked":["Reckless Charge","Body Slam"],"picked":"Wild Strike","floor":2.0},{"not_picked":["Heavy Blade","Flame Barrier"],"picked":"Shrug It Off","floor":3.0},{"not_picked":["Heavy Blade","Dropkick"],"picked":"Anger","floor":5.0},{"not_picked":["Warcry","Havoc"],"picked":"Feel No Pain","floor":6.0},{"not_picked":["Havoc","Cleave"],"picked":"Second Wind","floor":7.0},{"not_picked":["Second Wind","Spot Weakness"],"picked":"Dark Embrace","floor":8.0},{"not_picked":["Flex","Pummel"],"picked":"Body Slam","floor":11.0},{"not_picked":["Brutality","Perfected Strike","Bloodletting"],"picked":"SKIP","floor":14.0},{"not_picked":["Armaments","Heavy Blade"],"picked":"True Grit","floor":18.0},{"not_picked":["Infernal Blade","Perfected Strike"],"picked":"Pommel Strike","floor":19.0},{"not_picked":["Dark Embrace","Heavy Blade+1"],"picked":"Power Through","floor":20.0},{"not_picked":["Flex","Impervious"],"picked":"Shrug It Off","floor":22.0},{"not_picked":["Pummel","Pommel Strike"],"picked":"Power Through+1","floor":24.0},{"not_picked":["Flex","Wild Strike","Perfected Strike"],"picked":"SKIP","floor":27.0},{"not_picked":["Flex","Wild Strike","Perfected Strike"],"picked":"SKIP","floor":27.0},{"not_picked":["Iron Wave","Carnage"],"picked":"Offering","floor":29.0},{"not_picked":["Berserk","Immolate"],"picked":"Impervious","floor":33.0},{"not_picked":["Perfected Strike+1","Anger+1"],"picked":"Body Slam","floor":35},{"not_picked":["Shrug It Off","Twin Strike","Iron Wave"],"picked":"SKIP","floor":36},{"not_picked":["Blood for Blood","Flex"],"picked":"Power Through+1","floor":38},{"not_picked":["Warcry","Infernal Blade","Fiend Fire"],"picked":"SKIP","floor":39},{"not_picked":["Infernal Blade","Fiend Fire"],"picked":"Warcry","floor":39},{"not_picked":["Headbutt+1","Bloodletting","Twin Strike+1"],"picked":"SKIP","floor":40},{"not_picked":["Headbutt+1","Bloodletting","Twin Strike+1"],"picked":"SKIP","floor":40},{"not_picked":["Cleave","Wild Strike+1","Clothesline"],"picked":"SKIP","floor":42},{"not_picked":["Headbutt+1","Flex+1","Sword Boomerang"],"picked":"SKIP","floor":47},{"not_picked":["Inflame+1","True Grit"],"picked":"Power Through","floor":48},{"not_picked":["Bloodletting","Body Slam","Combust"],"picked":"SKIP","floor":54},{"not_picked":["Body Slam","Combust"],"picked":"Bloodletting","floor":54}],"player_experience":628127,"relics_obtained":[{"floor":6.0,"key":"Potion Belt"},{"floor":9.0,"key":"Boot"},{"floor":11.0,"key":"Odd Mushroom"},{"floor":14.0,"key":"Oddly Smooth Stone"},{"floor":24.0,"key":"Meat on the Bone"},{"floor":29.0,"key":"Bag of Marbles"},{"floor":40,"key":"Bottled Tornado"},{"floor":42,"key":"Lantern"},{"floor":43,"key":"MawBank"},{"floor":48,"key":"Ginger"},{"floor":54,"key":"Pantograph"}],"event_choices":[{"damage_healed":0.0,"max_hp_gain":0.0,"max_hp_loss":0.0,"gold_gain":0.0,"event_name":"Golden Idol","player_choice":"Take Damage","floor":4.0,"gold_loss":0.0,"damage_taken":28.0,"relics_obtained":["Golden Idol"]},{"damage_healed":0.0,"max_hp_gain":0.0,"max_hp_loss":0.0,"gold_gain":0.0,"event_name":"Mushrooms","player_choice":"Fought Mushrooms","floor":11.0,"gold_loss":0.0,"damage_taken":0.0},{"damage_healed":0.0,"max_hp_gain":0.0,"max_hp_loss":0.0,"gold_gain":0.0,"event_name":"WeMeetAgain","player_choice":"Gave Potion","floor":13.0,"gold_loss":0.0,"damage_taken":0.0,"relics_obtained":["Charon\u0027s Ashes"]},{"damage_healed":0.0,"max_hp_gain":0.0,"max_hp_loss":25.0,"gold_gain":0.0,"event_name":"Vampires","player_choice":"Became a vampire","floor":21.0,"gold_loss":0.0,"damage_taken":0.0,"cards_obtained":["Bite","Bite","Bite","Bite","Bite"]},{"cards_removed":["Defend_R"],"damage_healed":0.0,"max_hp_gain":0.0,"max_hp_loss":0.0,"gold_gain":0.0,"event_name":"Beggar","player_choice":"Gave Gold","floor":30.0,"gold_loss":75.0,"damage_taken":0.0},{"damage_healed":0,"gold_gain":0,"player_choice":"Paid","damage_taken":0,"relics_obtained":["Red Mask"],"max_hp_gain":0,"max_hp_loss":0,"event_name":"Tomb of Lord Red Mask","floor":41,"gold_loss":111},{"damage_healed":0,"gold_gain":0,"player_choice":"Max HP","damage_taken":0,"max_hp_gain":0,"max_hp_loss":3,"event_name":"Winding Halls","floor":45,"gold_loss":0}],"is_beta":false,"boss_relics":[{"not_picked":["Black Star","Black Blood"],"picked":"SlaversCollar"},{"not_picked":["Runic Pyramid","Calling Bell"],"picked":"Astrolabe"}],"items_purged_floors":[12,37,53],"is_endless":false,"potions_floor_spawned":[1,2,3,7,8,14,18,19,24,40,42,47],"ascension_level":18}}