{"host":"7j2n82b2zha9fuyn","time":1613255937,"event":{"mods":["BaseMod","Block Reminder","Minty Spire (QoL Compilation)","StSLib"],"gold_per_floor":[118,131,142,159,159,159,184,184,184,184,184,203,203,203],"floor_reached":13,"language":"ENG","playtime":433,"items_purged":[],"score":166,"play_id":"8e9c7ea1-e229-44b4-837b-687a611fc996","local_time":"20210213153857","is_ascension_mode":true,"campfire_choices":[{"data":"Beam Cell","floor":6,"key":"SMITH"},{"data":"Lockon","floor":8,"key":"SMITH"},{"data":"Zap","floor":10,"key":"SMITH"}],"circlet_count":0,"master_deck":["AscendersBane","Strike_B","Strike_B","Strike_B","Strike_B","Defend_B","Defend_B","Defend_B","Defend_B","Zap+1","Dualcast","Ball Lightning","Beam Cell+1","Lockon","Lockon+1","Steam","Sweeping Beam"],"relics":["Cracked Core","TungstenRod","Smiling Mask","Oddly Smooth Stone","Golden Idol"],"acts_visited":["Exordium"],"potions_floor_usage":[7],"damage_taken":[{"damage":0.0,"enemies":"2 Louse","floor":1.0,"turns":3.0},{"damage":2.0,"enemies":"Jaw Worm","floor":2.0,"turns":3.0},{"damage":0.0,"enemies":"Cultist","floor":3.0,"turns":2.0},{"damage":0.0,"enemies":"Looter","floor":4.0,"turns":2.0},{"damage":14,"enemies":"Lagavulin","floor":7,"turns":3},{"damage":7,"enemies":"Red Slaver","floor":12,"turns":2},{"damage":24,"enemies":"3 Sentries","floor":13,"turns":4}],"seed_played":"-3733153355012307809","potions_obtained":[{"floor":1.0,"key":"PotionOfCapacity"},{"floor":2.0,"key":"DistilledChaos"}],"is_trial":false,"path_per_floor":["M","M","M","M","?","R","E","R","T","R","?","M","E"],"character_chosen":"DEFECT","items_purchased":[],"campfire_rested":0,"item_purchase_floors":[],"current_hp_per_floor":[46,44,44,44,44,44,30,30,30,30,30,23,0,0],"gold":203,"neow_bonus":"ONE_RARE_RELIC","is_daily":false,"chose_seed":false,"campfire_upgraded":3,"win_rate":0.0,"timestamp":1613255937,"path_taken":["M","M","M","M","?","R","E","R","T","R","?","M","E"],"items_purchased_type":[],"build_version":"2020-12-22","purchased_purges":0,"victory":false,"max_hp_per_floor":[71,71,71,71,71,71,71,71,71,71,64,64,64,64],"card_choices":[{"not_picked":["Capacitor","Cold Snap"],"picked":"Ball Lightning","floor":1.0},{"not_picked":["Turbo","Reprogram"],"picked":"Beam Cell","floor":2.0},{"not_picked":["Sweeping Beam","Cold Snap"],"picked":"Lockon","floor":3.0},{"not_picked":["Steam","Stack"],"picked":"Lockon","floor":4.0},{"not_picked":["Reboot","Scrape"],"picked":"Steam","floor":7},{"not_picked":["Stack","Auto Shields"],"picked":"Sweeping Beam","floor":12}],"player_experience":2030931,"relics_obtained":[{"floor":7,"key":"Smiling Mask"},{"floor":9,"key":"Oddly Smooth Stone"}],"event_choices":[{"damage_healed":0,"gold_gain":0,"player_choice":"Fled","damage_taken":0,"max_hp_gain":0,"max_hp_loss":0,"event_name":"Scrap Ooze","floor":5,"gold_loss":0},{"damage_healed":0,"gold_gain":0,"player_choice":"Lose Max HP","damage_taken":0,"relics_obtained":["Golden Idol"],"max_hp_gain":0,"max_hp_loss":7,"event_name":"Golden Idol","floor":11,"gold_loss":0}],"is_beta":false,"boss_relics":[],"items_purged_floors":[],"is_endless":false,"potions_floor_spawned":[1,2],"killed_by":"3 Sentries","ascension_level":19}}