{"host":"0vi0gkvt1l5rvyqa","time":1613243539,"event":{"mods":["BaseMod","Card Forge","Minty Spire (QoL Compilation)","Remove Card Discount Mod","StSLib"],"gold_per_floor":[211,186,203,125,137,168,168,203,249,262,277,288,313,332,332,428,428,448,448,459,380,380,414,427,461,461,486,501,520,532,559,559,663,663,682,697,697,707,718,745,758,758,758,792,803,803,836,476,476,476],"floor_reached":51,"language":"DEU","playtime":3519,"items_purged":[],"score":1365,"play_id":"6db699ca-92a0-41d2-90a5-f1ad225500e3","local_time":"20210213201219","is_ascension_mode":true,"campfire_choices":[{"floor":7,"key":"RECALL"},{"floor":15,"key":"REST"},{"floor":32,"key":"REST"},{"floor":46,"key":"REST"},{"data":"1","floor":49,"key":"LIFT"}],"circlet_count":0,"master_deck":["Defend_G+1","Defend_G+1","Neutralize+1","Adrenaline+1","Footwork+1","Blur+1","Blade Dance+1","Accuracy+1","Finisher+1","Blade Dance+1","Flying Knee+1","Accuracy+1","Infinite Blades+1","Dodge and Roll+1","After Image+1","Caltrops+1","Blade Dance+1","Cloak And Dagger+1","Noxious Fumes+1","Backflip+1","Blur+1","Cloak And Dagger+1"],"relics":["Ring of the Snake","Hammer of Thor","Seething Fire","Anvil of the Gods","Darkstone Periapt","Whetstone","Lantern","Ninja Scroll","Busted Crown","Incense Burner","Thread and Needle","Kunai","Molten Egg 2","Ancient Tea Set","Sozu","Bronze Scales","PreservedInsect","Shuriken","Girya","Bag of Marbles","HandDrill"],"acts_visited":["Exordium","TheCity","TheBeyond"],"potions_floor_usage":[13,16,39],"damage_taken":[{"damage":0,"enemies":"2 Louse","floor":1,"turns":3},{"damage":0,"enemies":"Small Slimes","floor":3,"turns":1},{"damage":0,"enemies":"Cultist","floor":5,"turns":2},{"damage":0,"enemies":"3 Sentries","floor":6,"turns":2},{"damage":0,"enemies":"Gremlin Nob","floor":8,"turns":2},{"damage":0,"enemies":"Looter","floor":10,"turns":2},{"damage":0,"enemies":"Large Slime","floor":11,"turns":2},{"damage":0,"enemies":"Lots of Slimes","floor":12,"turns":2},{"damage":0,"enemies":"3 Sentries","floor":13,"turns":3},{"damage":0,"enemies":"Exordium Thugs","floor":14,"turns":1},{"damage":0,"enemies":"Hexaghost","floor":16,"turns":4},{"damage":0,"enemies":"Spheric Guardian","floor":18,"turns":2},{"damage":0,"enemies":"2 Thieves","floor":20,"turns":1},{"damage":4,"enemies":"Slavers","floor":23,"turns":3},{"damage":0,"enemies":"3 Cultists","floor":24,"turns":2},{"damage":0,"enemies":"Book of Stabbing","floor":25,"turns":4},{"damage":0,"enemies":"Slavers","floor":27,"turns":2},{"damage":0,"enemies":"Centurion and Healer","floor":28,"turns":3},{"damage":0,"enemies":"Shelled Parasite and Fungi","floor":29,"turns":3},{"damage":0,"enemies":"Snecko","floor":30,"turns":2},{"damage":0,"enemies":"Gremlin Leader","floor":31,"turns":3},{"damage":0,"enemies":"Champ","floor":33,"turns":6},{"damage":0,"enemies":"Orb Walker","floor":35,"turns":2},{"damage":0,"enemies":"3 Shapes","floor":36,"turns":3},{"damage":0,"enemies":"Spire Growth","floor":38,"turns":4},{"damage":0,"enemies":"Jaw Worm Horde","floor":39,"turns":2},{"damage":0,"enemies":"Nemesis","floor":40,"turns":5},{"damage":0,"enemies":"3 Darklings","floor":41,"turns":2},{"damage":0,"enemies":"Giant Head","floor":44,"turns":4},{"damage":0,"enemies":"Transient","floor":45,"turns":5},{"damage":0,"enemies":"Nemesis","floor":47,"turns":5},{"damage":0,"enemies":"Donu and Deca","floor":50,"turns":5}],"seed_played":"-4361945346861372991","potions_obtained":[{"floor":3,"key":"Swift Potion"},{"floor":10,"key":"CunningPotion"},{"floor":11,"key":"FairyPotion"},{"floor":12,"key":"Block Potion"},{"floor":14,"key":"EssenceOfSteel"}],"is_trial":false,"path_per_floor":["M","$","M","$","M","E","R","E","T","M","M","M","E","M","R","B",null,"M","?","M","$","?","E","M","E","T","E","M","M","M","E","R","B",null,"M","M","$","M","M","E","M","?","T","E","M","R","E","$","R","B",null],"character_chosen":"THE_SILENT","items_purchased":["Blade Dance","Accuracy","CunningPotion","Bag of Marbles","HandDrill","Cloak And Dagger"],"campfire_rested":3,"item_purchase_floors":[2,4,21,48,48,48],"current_hp_per_floor":[70,70,70,70,70,70,70,70,70,70,70,70,70,70,70,70,70,70,70,70,70,64,60,60,60,60,60,60,60,60,60,70,70,70,70,70,70,70,70,70,70,76,76,76,76,76,76,76,76,76],"gold":476,"neow_bonus":"HUNDRED_GOLD","is_daily":false,"chose_seed":false,"campfire_upgraded":0,"win_rate":0.0,"timestamp":1613243539,"path_taken":["M","$","M","$","M","E","R","E","T","M","M","M","E","M","R","BOSS","M","?","M","$","?","E","M","E","T","E","?","M","M","E","R","BOSS","M","M","$","M","M","E","M","?","T","E","M","R","E","$","R","BOSS"],"items_purchased_type":["Card","Card","Potion","Relic","Relic","Card"],"build_version":"2020-12-22","purchased_purges":0,"victory":true,"max_hp_per_floor":[70,70,70,70,70,70,70,70,70,70,70,70,70,70,70,70,70,70,70,70,70,70,70,70,70,70,70,70,70,70,70,70,70,70,70,70,70,70,70,70,70,76,76,76,76,76,76,76,76,76],"card_choices":[{"not_picked":["Acrobatics","Slice"],"picked":"Finisher","floor":1},{"not_picked":["Bane","Outmaneuver"],"picked":"Flying Knee","floor":3},{"not_picked":["Acrobatics","PiercingWail","Bane"],"picked":"SKIP","floor":5},{"not_picked":["Wraith Form v2","Poisoned Stab","Quick Slash"],"picked":"SKIP","floor":6},{"not_picked":["Poisoned Stab","Dodge and Roll"],"picked":"Infinite Blades","floor":8},{"not_picked":["Infinite Blades","Underhanded Strike"],"picked":"Dodge and Roll","floor":10},{"not_picked":["Prepared","Deadly Poison","Dagger Spray"],"picked":"SKIP","floor":11},{"not_picked":["Dagger Throw","Slice","Malaise"],"picked":"SKIP","floor":12},{"not_picked":["Leg Sweep","Burst","Slice"],"picked":"SKIP","floor":13},{"not_picked":["Heel Hook","Slice","Flying Knee"],"picked":"SKIP","floor":14},{"not_picked":["Tools of the Trade","Night Terror"],"picked":"After Image","floor":16},{"not_picked":["Poisoned Stab"],"picked":"SKIP","floor":18},{"not_picked":["Tactician"],"picked":"SKIP","floor":20},{"not_picked":["Sucker Punch+1"],"picked":"SKIP","floor":23},{"not_picked":["Eviscerate"],"picked":"SKIP","floor":24},{"not_picked":["Flying Knee"],"picked":"SKIP","floor":25},{"not_picked":["Dagger Spray+1"],"picked":"SKIP","floor":27},{"not_picked":["Quick Slash+1"],"picked":"SKIP","floor":28},{"not_picked":[],"picked":"Blade Dance","floor":29},{"not_picked":[],"picked":"Cloak And Dagger","floor":30},{"not_picked":[],"picked":"Noxious Fumes","floor":31},{"not_picked":["All Out Attack+1"],"picked":"SKIP","floor":35},{"not_picked":["Sucker Punch+1"],"picked":"SKIP","floor":36},{"not_picked":["Bouncing Flask+1"],"picked":"SKIP","floor":38},{"not_picked":["Dagger Spray+1"],"picked":"SKIP","floor":39},{"not_picked":[],"picked":"Backflip+1","floor":40},{"not_picked":["Expertise"],"picked":"SKIP","floor":41},{"not_picked":[],"picked":"Blur+1","floor":44},{"not_picked":["Finisher+1"],"picked":"SKIP","floor":45},{"not_picked":["Eviscerate+1"],"picked":"SKIP","floor":47}],"player_experience":52755,"relics_obtained":[{"floor":6,"key":"Darkstone Periapt"},{"floor":8,"key":"Whetstone"},{"floor":9,"key":"Lantern"},{"floor":13,"key":"Ninja Scroll"},{"floor":23,"key":"Incense Burner"},{"floor":25,"key":"Thread and Needle"},{"floor":26,"key":"Kunai"},{"floor":27,"key":"Molten Egg 2"},{"floor":31,"key":"Ancient Tea Set"},{"floor":40,"key":"Bronze Scales"},{"floor":43,"key":"PreservedInsect"},{"floor":44,"key":"Shuriken"},{"floor":47,"key":"Girya"}],"event_choices":[{"damage_healed":0,"gold_gain":0,"player_choice":"Simplicity","damage_taken":0,"max_hp_gain":0,"max_hp_loss":0,"event_name":"Back to Basics","floor":19,"gold_loss":0,"cards_upgraded":[]},{"damage_healed":0,"gold_gain":0,"player_choice":"","damage_taken":6,"max_hp_gain":0,"max_hp_loss":0,"event_name":"Knowing Skull","floor":22,"potions_obtained":[],"gold_loss":0,"cards_obtained":[]},{"damage_healed":18,"gold_gain":0,"player_choice":"Writhe","damage_taken":0,"max_hp_gain":0,"max_hp_loss":0,"event_name":"Winding Halls","floor":42,"gold_loss":0,"cards_obtained":["Writhe"]}],"is_beta":false,"boss_relics":[{"not_picked":["HoveringKite","Calling Bell"],"picked":"Busted Crown"},{"not_picked":["SacredBark","Empty Cage"],"picked":"Sozu"}],"items_purged_floors":[],"is_endless":false,"potions_floor_spawned":[3,10,11,12,14,23,25,28,30,31,35,36,40,41],"ascension_level":2}}