{"host":"i29s15dsg0c43zmx","time":1613229620,"event":{"mods":["AchievementEnabler","BaseMod","Colored Map","Minty Spire (QoL Compilation)","StSLib"],"gold_per_floor":[113,113,113,127,142,142,172,172,172,14,39,39,51,67,67,172,172,182,202,5,19,109,109,109,109],"floor_reached":24,"language":"ENG","playtime":983,"items_purged":["Strike_G"],"score":227,"play_id":"bfa170d9-ff25-4a22-98ca-1d59ef11b2db","local_time":"20210213162020","is_ascension_mode":true,"campfire_choices":[{"data":"Bane","floor":6,"key":"SMITH"},{"data":"Crippling Poison","floor":8,"key":"SMITH"},{"floor":15,"key":"REST"},{"data":"Apotheosis","floor":23,"key":"SMITH"}],"circlet_count":0,"master_deck":["Strike_G","Strike_G","Strike_G","Strike_G","Defend_G","Defend_G","Defend_G","Defend_G","Defend_G","Survivor","Neutralize","Bouncing Flask+1","Deadly Poison+1","Bane+1","Crippling Poison+1","Bandage Up","Poisoned Stab","Deadly Poison","Bullet Time","Terror","Deadly Poison","Apotheosis+1","Dodge and Roll"],"relics":["Ring of the Snake","Strawberry","Eternal Feather","Nunchaku","Black Star"],"acts_visited":["Exordium","TheCity"],"potions_floor_usage":[11,11,24],"damage_taken":[{"damage":0,"enemies":"2 Louse","floor":1,"turns":4},{"damage":3,"enemies":"Jaw Worm","floor":4,"turns":5},{"damage":1,"enemies":"Cultist","floor":5,"turns":3},{"damage":33,"enemies":"Gremlin Nob","floor":7,"turns":4},{"damage":15,"enemies":"3 Sentries","floor":11,"turns":6},{"damage":18,"enemies":"Large Slime","floor":13,"turns":4},{"damage":0,"enemies":"Red Slaver","floor":14,"turns":2},{"damage":35,"enemies":"Hexaghost","floor":16,"turns":8},{"damage":25,"enemies":"2 Thieves","floor":18,"turns":4},{"damage":33,"enemies":"3 Byrds","floor":19,"turns":5},{"damage":10,"enemies":"Snecko","floor":21,"turns":4},{"damage":21,"enemies":"Gremlin Leader","floor":24,"turns":4}],"seed_played":"-5552639163653235861","potions_obtained":[{"floor":4,"key":"Energy Potion"},{"floor":7,"key":"Explosive Potion"},{"floor":13,"key":"FearPotion"},{"floor":16,"key":"EssenceOfSteel"},{"floor":18,"key":"ColorlessPotion"},{"floor":19,"key":"CultistPotion"}],"is_trial":false,"path_per_floor":["M","?","?","M","M","R","E","R","T","$","E","?","M","M","R","B",null,"M","M","$","M","?","R","E"],"character_chosen":"THE_SILENT","items_purchased":["Bandage Up","Apotheosis"],"campfire_rested":1,"item_purchase_floors":[10,20],"current_hp_per_floor":[70,56,56,53,52,52,26,26,26,26,15,40,26,26,58,27,77,52,23,23,13,1,13,0,0],"gold":109,"neow_bonus":"THREE_CARDS","is_daily":false,"chose_seed":false,"campfire_upgraded":3,"win_rate":0.0,"timestamp":1613229620,"path_taken":["M","?","?","?","M","R","E","R","T","$","E","?","M","M","R","BOSS","M","M","$","M","?","R","E"],"items_purchased_type":["Card","Card"],"build_version":"2020-12-22","purchased_purges":1,"victory":false,"max_hp_per_floor":[70,70,70,70,70,70,77,77,77,77,77,77,77,77,77,77,77,77,77,77,77,77,77,77,77],"card_choices":[{"not_picked":["Well Laid Plans","Underhanded Strike"],"picked":"Bouncing Flask","floor":0},{"not_picked":["Dodge and Roll","Riddle With Holes"],"picked":"Deadly Poison","floor":1},{"not_picked":["Underhanded Strike","Glass Knife","Accuracy"],"picked":"SKIP","floor":4},{"not_picked":["Leg Sweep","Deflect"],"picked":"Bane","floor":5},{"not_picked":["Slice","Masterful Stab"],"picked":"Crippling Poison","floor":7},{"not_picked":["Slice","Dagger Spray"],"picked":"Poisoned Stab","floor":11},{"not_picked":["PiercingWail","Dagger Spray","Expertise"],"picked":"SKIP","floor":13},{"not_picked":["Outmaneuver","Quick Slash"],"picked":"Deadly Poison","floor":14},{"not_picked":["Tools of the Trade","Doppelganger"],"picked":"Bullet Time","floor":16},{"not_picked":["Distraction","Sucker Punch+1"],"picked":"Terror","floor":18},{"not_picked":["Flying Knee","Skewer"],"picked":"Deadly Poison","floor":19},{"not_picked":["Sucker Punch","Flechettes"],"picked":"Dodge and Roll","floor":21}],"player_experience":104403,"relics_obtained":[{"floor":7,"key":"Strawberry"},{"floor":9,"key":"Eternal Feather"},{"floor":11,"key":"Nunchaku"}],"event_choices":[{"damage_healed":0,"gold_gain":0,"player_choice":"Entered Light","damage_taken":14,"max_hp_gain":0,"max_hp_loss":0,"event_name":"Shining Light","floor":2,"gold_loss":0,"cards_upgraded":["Bouncing Flask","Deadly Poison"]},{"damage_healed":0,"gold_gain":0,"player_choice":"Bought 0 Potions","damage_taken":0,"max_hp_gain":0,"max_hp_loss":0,"event_name":"The Woman in Blue","floor":3,"gold_loss":0},{"damage_healed":25,"gold_gain":0,"player_choice":"Banana","damage_taken":0,"max_hp_gain":0,"max_hp_loss":0,"event_name":"Big Fish","floor":12,"gold_loss":0},{"damage_healed":0,"gold_gain":90,"player_choice":"GOLD ","damage_taken":12,"max_hp_gain":0,"max_hp_loss":0,"event_name":"Knowing Skull","floor":22,"potions_obtained":[],"gold_loss":0,"cards_obtained":[]}],"is_beta":false,"boss_relics":[{"not_picked":["Sozu","Calling Bell"],"picked":"Black Star"}],"items_purged_floors":[10],"is_endless":false,"potions_floor_spawned":[4,7,13,16,18,19,21],"killed_by":"Gremlin Leader","ascension_level":2}}