{"host":"cjhtzh7tp54jdfyv","time":1613219706,"event":{"mods":["AchievementEnabler","BaseMod","Colored Map","Colored Powertips","Curses Come First","DeckTracker","Minty Spire (QoL Compilation)","RNG Fix","Relic Sorter","Relic Stats","StSLib","UnlockEverythingMod","ojb\u0027s Better Paths Mod","ojb\u0027s Info Mod"],"gold_per_floor":[117,127,137,148,148,183,183,216,266,266,296,316,346,271,271,345,345,360,370,640,640,659,659,32,59,83,183,210,210,236,250,250,327,327,343,361,374,28,47,79,95,129,152,152,165,165,199,215,215,215,215,215,215,2,33,33],"floor_reached":57,"language":"ENG","playtime":7118,"items_purged":["Writhe","Strike_R","Strike_R"],"score":3089,"play_id":"c81c1656-4c53-4489-8021-3704a4001b71","local_time":"20210213073506","is_ascension_mode":true,"campfire_choices":[{"data":"Carnage","floor":7,"key":"SMITH"},{"data":"Armaments","floor":15,"key":"SMITH"},{"data":"Rage","floor":23,"key":"SMITH"},{"data":"Demon Form","floor":29,"key":"SMITH"},{"data":"Clothesline","floor":32,"key":"SMITH"},{"floor":46,"key":"RECALL"},{"data":"Offering","floor":49,"key":"SMITH"},{"data":"Battle Trance","floor":53,"key":"SMITH"}],"circlet_count":0,"master_deck":["AscendersBane","Strike_R","Defend_R","Defend_R","Defend_R","Defend_R","Bash+1","Clothesline+1","Carnage+1","Twin Strike","Reaper","Anger","Armaments+1","Iron Wave+1","Rage+1","Fiend Fire+1","Rampage+1","Intimidate+1","Hemokinesis+1","Whirlwind+1","Dark Embrace+1","Demon Form+1","Fiend Fire+1","Shrug It Off","Offering+1","Shrug It Off","Battle Trance+1","Rage+1","Intimidate+1","Seeing Red","Pommel Strike+1"],"relics":["Burning Blood","Nunchaku","InkBottle","Pen Nib","Incense Burner","Juzu Bracelet","Lantern","Molten Egg 2","PreservedInsect","Black Star","Smiling Mask","ClockworkSouvenir","Ornamental Fan","Gambling Chip","Paper Frog","Centennial Puzzle","Unceasing Top","Meat on the Bone","Bird Faced Urn","SlaversCollar","Bottled Lightning","Bottled Tornado","Bottled Flame","Blood Vial","Bronze Scales","Anchor","MealTicket","Brimstone","Pocketwatch","Kunai"],"acts_visited":["Exordium","TheCity","TheBeyond","TheEnding"],"potions_floor_usage":[6,8,16,18,22,25,31,33,37,50,56],"damage_taken":[{"damage":10,"enemies":"Small Slimes","floor":1,"turns":4},{"damage":2,"enemies":"2 Louse","floor":2,"turns":4},{"damage":2,"enemies":"Jaw Worm","floor":3,"turns":3},{"damage":11,"enemies":"3 Louse","floor":4,"turns":4},{"damage":7,"enemies":"Gremlin Nob","floor":6,"turns":3},{"damage":25,"enemies":"Lagavulin","floor":8,"turns":5},{"damage":8,"enemies":"Gremlin Nob","floor":11,"turns":3},{"damage":0,"enemies":"Red Slaver","floor":12,"turns":1},{"damage":18,"enemies":"3 Sentries","floor":13,"turns":8},{"damage":29,"enemies":"The Guardian","floor":16,"turns":12},{"damage":27,"enemies":"2 Thieves","floor":18,"turns":4},{"damage":0,"enemies":"Chosen","floor":19,"turns":3},{"damage":8,"enemies":"Snake Plant","floor":22,"turns":3},{"damage":7,"enemies":"Slavers","floor":25,"turns":2},{"damage":20,"enemies":"Colosseum Slavers","floor":27,"turns":8},{"damage":0,"enemies":"Colosseum Nobs","floor":27,"turns":2},{"damage":2,"enemies":"Gremlin Leader","floor":28,"turns":6},{"damage":16,"enemies":"Slavers","floor":30,"turns":4},{"damage":13,"enemies":"Cultist and Chosen","floor":31,"turns":5},{"damage":52,"enemies":"Automaton","floor":33,"turns":5},{"damage":6,"enemies":"Orb Walker","floor":35,"turns":1},{"damage":10,"enemies":"3 Darklings","floor":36,"turns":10},{"damage":11,"enemies":"Writhing Mass","floor":37,"turns":3},{"damage":9,"enemies":"Sphere and 2 Shapes","floor":39,"turns":3},{"damage":1,"enemies":"Giant Head","floor":40,"turns":1},{"damage":10,"enemies":"3 Darklings","floor":41,"turns":10},{"damage":6,"enemies":"Reptomancer","floor":42,"turns":1},{"damage":16,"enemies":"Transient","floor":45,"turns":6},{"damage":1,"enemies":"Giant Head","floor":47,"turns":4},{"damage":18,"enemies":"4 Shapes","floor":48,"turns":8},{"damage":25,"enemies":"Donu and Deca","floor":50,"turns":9},{"damage":60,"enemies":"Awakened One","floor":51,"turns":11},{"damage":6,"enemies":"Shield and Spear","floor":55,"turns":3},{"damage":97,"enemies":"The Heart","floor":56,"turns":6}],"seed_played":"-3180463971017865431","potions_obtained":[{"floor":2,"key":"SpeedPotion"},{"floor":4,"key":"Fire Potion"},{"floor":5,"key":"Regen Potion"},{"floor":6,"key":"AttackPotion"},{"floor":11,"key":"Block Potion"},{"floor":16,"key":"Explosive Potion"},{"floor":18,"key":"Strength Potion"},{"floor":28,"key":"Dexterity Potion"},{"floor":30,"key":"SteroidPotion"},{"floor":31,"key":"Dexterity Potion"},{"floor":36,"key":"BloodPotion"},{"floor":37,"key":"FairyPotion"},{"floor":42,"key":"ElixirPotion"},{"floor":45,"key":"DuplicationPotion"}],"is_trial":false,"path_per_floor":["M","M","M","M","?","E","R","E","T","?","E","M","E","?","R","B",null,"M","M","?","?","M","R","$","E","T","?","E","R","E","M","R","B",null,"M","M","M","$","M","E","M","E","T","?","M","R","E","M","R","B","B",null,"R","$","E","B",null],"character_chosen":"IRONCLAD","items_purchased":["InkBottle","ClockworkSouvenir","Whirlwind+1","BloodPotion","Shrug It Off","Bottled Lightning","Brimstone"],"campfire_rested":0,"item_purchase_floors":[24,24,24,24,38,38,54],"current_hp_per_floor":[64,68,72,67,67,66,66,56,56,49,53,59,59,59,59,41,67,56,62,35,35,33,33,33,32,32,34,38,38,28,58,58,28,63,63,61,73,73,72,75,71,73,73,73,69,69,75,70,70,57,33,65,65,75,75,45],"gold":33,"neow_bonus":"UPGRADE_CARD","is_daily":false,"chose_seed":false,"campfire_upgraded":7,"win_rate":0.0,"timestamp":1613219706,"path_taken":["M","M","?","M","?","E","R","E","T","?","E","M","E","?","R","BOSS","M","M","?","?","M","R","$","E","T","?","E","R","E","M","R","BOSS","M","M","M","$","M","E","M","E","T","?","M","R","E","M","R","BOSS","BOSS","R","$","E","BOSS"],"items_purchased_type":["Relic","Relic","Card","Potion","Card","Relic","Relic"],"build_version":"2020-12-22","purchased_purges":3,"victory":true,"max_hp_per_floor":[75,75,75,75,75,75,75,75,75,75,75,75,75,75,75,75,75,75,75,75,75,75,75,75,75,75,75,75,75,75,75,75,75,75,75,75,75,75,75,75,75,75,75,75,75,75,75,75,75,75,75,75,75,75,75,75],"relic_stats":{"counters":[34,165],"Pen Nib":[34],"PreservedInsect":567,"Juzu Bracelet":2,"Smiling Mask":150,"Burning Blood":188,"Blood Vial":8,"Nunchaku":[12],"Centennial Puzzle":[51],"Ornamental Fan":[224],"Gambling Chip":[37],"Bird Faced Urn":[33],"Bronze Scales":[172],"MealTicket":10,"Black Star":7,"Kunai":[4],"obtain_stats":[{"Lantern":8,"Juzu Bracelet":6,"Incense Burner":25,"Bottled Tornado":40,"Smiling Mask":21,"Burning Blood":0,"ClockworkSouvenir":24,"Blood Vial":42,"Centennial Puzzle":28,"Nunchaku":43,"Gambling Chip":27,"MealTicket":47,"Kunai":55,"InkBottle":24,"Paper Frog":27,"Pen Nib":9,"PreservedInsect":13,"SlaversCollar":34,"Bottled Flame":40,"Anchor":47,"Ornamental Fan":25,"Brimstone":54,"Bird Faced Urn":30,"Bronze Scales":42,"Molten Egg 2":11,"Black Star":17,"Bottled Lightning":38,"Unceasing Top":28,"Meat on the Bone":30,"Pocketwatch":55},{"Lantern":6,"Juzu Bracelet":5,"Incense Burner":14,"Bottled Tornado":25,"Smiling Mask":12,"Burning Blood":0,"ClockworkSouvenir":13,"Blood Vial":27,"Centennial Puzzle":17,"Nunchaku":27,"Gambling Chip":16,"MealTicket":29,"Kunai":33,"InkBottle":13,"Paper Frog":16,"Pen Nib":6,"PreservedInsect":9,"SlaversCollar":20,"Bottled Flame":25,"Anchor":29,"Ornamental Fan":14,"Brimstone":32,"Bird Faced Urn":18,"Bronze Scales":27,"Molten Egg 2":7,"Black Star":10,"Bottled Lightning":23,"Unceasing Top":17,"Meat on the Bone":18,"Pocketwatch":33},{"Lantern":23,"Juzu Bracelet":18,"Incense Burner":59,"Bottled Tornado":107,"Smiling Mask":54,"Burning Blood":0,"ClockworkSouvenir":57,"Blood Vial":118,"Centennial Puzzle":75,"Nunchaku":118,"Gambling Chip":69,"MealTicket":128,"Kunai":159,"InkBottle":57,"Paper Frog":69,"Pen Nib":23,"PreservedInsect":35,"SlaversCollar":89,"Bottled Flame":107,"Anchor":128,"Ornamental Fan":59,"Brimstone":156,"Bird Faced Urn":79,"Bronze Scales":118,"Molten Egg 2":26,"Black Star":47,"Bottled Lightning":103,"Unceasing Top":75,"Meat on the Bone":79,"Pocketwatch":159}],"InkBottle":[45],"Unceasing Top":[22],"Meat on the Bone":48,"Pocketwatch":[0]},"card_choices":[{"not_picked":["Thunderclap","Bloodletting"],"picked":"Clothesline","floor":1},{"not_picked":["Sword Boomerang","Body Slam"],"picked":"Carnage","floor":2},{"not_picked":["Havoc","Clothesline"],"picked":"Twin Strike","floor":3},{"not_picked":["Twin Strike","Blood for Blood","Carnage"],"picked":"SKIP","floor":4},{"not_picked":["Blood for Blood","Berserk"],"picked":"Reaper","floor":6},{"not_picked":["Headbutt","Clothesline"],"picked":"Anger","floor":8},{"not_picked":["Wild Strike+1","Infernal Blade"],"picked":"Armaments","floor":11},{"not_picked":["Havoc","Clothesline+1"],"picked":"Iron Wave+1","floor":12},{"not_picked":["Perfected Strike+1","Body Slam+1"],"picked":"Rage","floor":13},{"not_picked":["Exhume","Corruption"],"picked":"Fiend Fire+1","floor":16},{"not_picked":["Wild Strike+1","Clash+1"],"picked":"Rampage+1","floor":18},{"not_picked":["Anger+1","Shrug It Off"],"picked":"Intimidate+1","floor":19},{"not_picked":["True Grit","Cleave+1"],"picked":"Hemokinesis+1","floor":22},{"not_picked":["Warcry","True Grit","Shockwave"],"picked":"SKIP","floor":25},{"not_picked":["Cleave+1","Anger+1"],"picked":"Dark Embrace+1","floor":27},{"not_picked":["Burning Pact","Cleave+1"],"picked":"Demon Form","floor":28},{"not_picked":["Wild Strike+1","Spot Weakness"],"picked":"Fiend Fire+1","floor":30},{"not_picked":["Cleave+1","Entrench"],"picked":"Shrug It Off","floor":31},{"not_picked":["Juggernaut","Brutality"],"picked":"Offering","floor":33},{"not_picked":["Sever Soul+1","Heavy Blade+1"],"picked":"Shrug It Off","floor":35},{"not_picked":["Anger+1","Clash+1","Wild Strike+1"],"picked":"SKIP","floor":36},{"not_picked":["Twin Strike+1","Flex","Headbutt+1"],"picked":"SKIP","floor":37},{"not_picked":["Rampage+1","Headbutt+1"],"picked":"Battle Trance","floor":39},{"not_picked":["Reckless Charge+1","Body Slam+1","Warcry"],"picked":"SKIP","floor":40},{"not_picked":["Flex","Cleave+1","Anger+1"],"picked":"SKIP","floor":41},{"not_picked":["Fire Breathing","Double Tap"],"picked":"Rage+1","floor":42},{"not_picked":["Anger+1","Bloodletting"],"picked":"Intimidate+1","floor":45},{"not_picked":["Infernal Blade","Flame Barrier"],"picked":"Seeing Red","floor":47},{"not_picked":["Body Slam+1","Pummel+1"],"picked":"Pommel Strike+1","floor":48},{"not_picked":["Twin Strike+1","Shrug It Off","Iron Wave+1"],"picked":"SKIP","floor":55}],"player_experience":4601534,"relics_obtained":[{"floor":6,"key":"Juzu Bracelet"},{"floor":8,"key":"Lantern"},{"floor":9,"key":"Pen Nib"},{"floor":11,"key":"Molten Egg 2"},{"floor":13,"key":"PreservedInsect"},{"floor":25,"key":"Ornamental Fan"},{"floor":25,"key":"Incense Burner"},{"floor":27,"key":"Gambling Chip"},{"floor":27,"key":"Paper Frog"},{"floor":28,"key":"Centennial Puzzle"},{"floor":28,"key":"Unceasing Top"},{"floor":30,"key":"Meat on the Bone"},{"floor":30,"key":"Bird Faced Urn"},{"floor":40,"key":"Bottled Tornado"},{"floor":40,"key":"Bottled Flame"},{"floor":42,"key":"Blood Vial"},{"floor":42,"key":"Bronze Scales"},{"floor":43,"key":"Nunchaku"},{"floor":47,"key":"Anchor"},{"floor":47,"key":"MealTicket"},{"floor":55,"key":"Pocketwatch"},{"floor":55,"key":"Kunai"}],"event_choices":[{"damage_healed":0,"gold_gain":0,"player_choice":"Got Potions","damage_taken":0,"max_hp_gain":0,"max_hp_loss":0,"event_name":"Lab","floor":5,"gold_loss":0},{"cards_removed":["Strike_R"],"damage_healed":0,"gold_gain":0,"player_choice":"Card Removal","damage_taken":7,"max_hp_gain":0,"max_hp_loss":0,"event_name":"Golden Wing","floor":10,"gold_loss":0},{"cards_removed":["Strike_R"],"damage_healed":0,"gold_gain":0,"player_choice":"Card Removal","damage_taken":0,"max_hp_gain":0,"max_hp_loss":0,"event_name":"The Cleric","floor":14,"gold_loss":75},{"damage_healed":0,"gold_gain":270,"player_choice":"GOLD GOLD GOLD ","damage_taken":27,"max_hp_gain":0,"max_hp_loss":0,"event_name":"Knowing Skull","floor":20,"potions_obtained":[],"gold_loss":0,"cards_obtained":[]},{"damage_healed":0,"gold_gain":0,"player_choice":"Opened","damage_taken":0,"relics_obtained":["Smiling Mask"],"max_hp_gain":0,"max_hp_loss":0,"event_name":"The Mausoleum","floor":21,"gold_loss":0,"cards_obtained":["Writhe"]},{"damage_healed":0,"gold_gain":0,"player_choice":"Fight","damage_taken":0,"max_hp_gain":0,"max_hp_loss":0,"event_name":"Colosseum","floor":27,"gold_loss":0},{"damage_healed":0,"gold_gain":0,"player_choice":"Fought Nobs","damage_taken":0,"max_hp_gain":0,"max_hp_loss":0,"event_name":"Colosseum","floor":27,"gold_loss":0},{"cards_removed":["Shrug It Off"],"damage_healed":0,"gold_gain":0,"player_choice":"Removed Skill","damage_taken":0,"max_hp_gain":0,"max_hp_loss":0,"event_name":"Falling","floor":44,"gold_loss":0}],"is_beta":false,"boss_relics":[{"not_picked":["Pandora\u0027s Box","Black Blood"],"picked":"Black Star"},{"not_picked":["Velvet Choker","Calling Bell"],"picked":"SlaversCollar"}],"items_purged_floors":[24,38,54],"is_endless":false,"potions_floor_spawned":[2,4,6,11,12,16,18,27,28,30,31,36,37,42,45,47,48],"ascension_level":20}}