{"host":"syoelbwvqoivx1mb","time":1613257618,"event":{"mods":["BaseMod","Bestiary","Curses Come First","Minty Spire (QoL Compilation)","Relic Stats","StSLib"],"gold_per_floor":[111,129,129,17,37,67,80,113,137,137,37,37,97,97,97,193,193,205,80,80,96,114,149,149,149,149,149,3,3,18,18,18,115,115,135,45,62,82,82,82],"floor_reached":39,"language":"ENG","playtime":3373,"items_purged":["Strike_R","Strike_R","Strike_R"],"score":526,"play_id":"ab662f6a-b9a6-45cb-8572-105d6be63479","local_time":"20210214000658","is_ascension_mode":true,"campfire_choices":[{"data":"Searing Blow+1","floor":12,"key":"SMITH"},{"data":"Searing Blow+2","floor":15,"key":"SMITH"},{"data":"Searing Blow+4","floor":27,"key":"SMITH"},{"data":"Searing Blow+5","floor":29,"key":"SMITH"},{"data":"Searing Blow+6","floor":32,"key":"SMITH"}],"circlet_count":0,"master_deck":["Defend_R","Defend_R","Defend_R","Defend_R","Bash","Whirlwind+1","Searing Blow+7","Dual Wield","Ghostly Armor","Entrench","Inflame","Burning Pact","Pummel","Limit Break","Metallicize+1","True Grit+1","Heavy Blade+1","Corruption","Burning Pact+1","J.A.X.","Demon Form+1","Dropkick","Ghostly Armor"],"relics":["Velvet Choker","Centennial Puzzle","Art of War","Bronze Scales","Meat on the Bone","Vajra","Empty Cage","Prayer Wheel","Whetstone","Toy Ornithopter","MealTicket","Mark of Pain"],"acts_visited":["TheCity","TheBeyond"],"potions_floor_usage":[6,13,23,30,33,33,39],"damage_taken":[{"damage":8,"enemies":"Small Slimes","floor":1,"turns":3},{"damage":2,"enemies":"Jaw Worm","floor":2,"turns":3},{"damage":3,"enemies":"2 Louse","floor":5,"turns":2},{"damage":0,"enemies":"3 Sentries","floor":6,"turns":5},{"damage":7,"enemies":"Large Slime","floor":7,"turns":4},{"damage":10,"enemies":"Lagavulin","floor":8,"turns":5},{"damage":0,"enemies":"3 Sentries","floor":13,"turns":4},{"damage":21,"enemies":"The Guardian","floor":16,"turns":7},{"damage":13,"enemies":"Shell Parasite","floor":18,"turns":6},{"damage":23,"enemies":"2 Thieves","floor":21,"turns":3},{"damage":8,"enemies":"Centurion and Healer","floor":22,"turns":4},{"damage":35,"enemies":"Book of Stabbing","floor":23,"turns":6},{"damage":2,"enemies":"Cultist and Chosen","floor":30,"turns":4},{"damage":35,"enemies":"Champ","floor":33,"turns":7},{"damage":0,"enemies":"Orb Walker","floor":35,"turns":2},{"damage":20,"enemies":"3 Darklings","floor":37,"turns":4},{"damage":42,"enemies":"Maw","floor":38,"turns":5},{"damage":40,"enemies":"Writhing Mass","floor":39,"turns":2}],"seed_played":"7497930452809669842","potions_obtained":[{"floor":1,"key":"Energy Potion"},{"floor":2,"key":"Swift Potion"},{"floor":5,"key":"AttackPotion"},{"floor":8,"key":"Swift Potion"},{"floor":13,"key":"Ancient Potion"},{"floor":21,"key":"BlessingOfTheForge"},{"floor":23,"key":"DuplicationPotion"},{"floor":37,"key":"ElixirPotion"},{"floor":38,"key":"Fruit Juice"}],"is_trial":false,"path_per_floor":["M","M","?","$","M","E","M","E","T","T","$","R","?","?","R","B",null,"M","$","T","M","M","E","?","?","T","R","$","R","M","?","R","B",null,"M","?","M","M","M"],"character_chosen":"IRONCLAD","items_purchased":["Dual Wield","MealTicket"],"campfire_rested":0,"item_purchase_floors":[4,28],"current_hp_per_floor":[72,70,70,70,67,67,60,50,50,50,50,50,50,50,50,41,80,67,67,67,44,48,25,25,25,25,25,25,25,40,40,40,27,80,80,80,60,30,0,0],"gold":82,"neow_bonus":"BOSS_RELIC","is_daily":false,"chose_seed":false,"campfire_upgraded":5,"win_rate":0.0,"timestamp":1613257618,"path_taken":["M","M","?","$","M","E","M","E","T","?","$","R","?","?","R","BOSS","M","?","?","M","M","E","?","?","T","R","$","R","?","?","R","BOSS","M","?","M","?","M"],"items_purchased_type":["Card","Relic"],"build_version":"2020-12-22","purchased_purges":3,"victory":false,"max_hp_per_floor":[80,80,80,80,80,80,80,80,80,80,80,80,80,80,80,80,80,80,80,80,80,80,80,80,80,80,80,80,80,80,80,80,80,80,80,80,80,80,85,85],"relic_stats":{"Centennial Puzzle":[36],"counters":[18,76],"Bronze Scales":[162],"Prayer Wheel":6,"MealTicket":0,"Art of War":[9],"Whetstone":["Whirlwind","Searing Blow"],"obtain_stats":[{"Velvet Choker":0,"Vajra":13,"Whetstone":23,"Empty Cage":17,"Burning Blood":0,"Centennial Puzzle":6,"Bronze Scales":9,"Prayer Wheel":20,"MealTicket":28,"Mark of Pain":34,"Art of War":8,"Toy Ornithopter":26,"Meat on the Bone":10},{"Velvet Choker":0,"Vajra":7,"Whetstone":12,"Empty Cage":8,"Burning Blood":0,"Centennial Puzzle":4,"Bronze Scales":6,"Prayer Wheel":9,"MealTicket":12,"Mark of Pain":14,"Art of War":6,"Toy Ornithopter":12,"Meat on the Bone":6},{"Velvet Choker":0,"Vajra":26,"Whetstone":52,"Empty Cage":33,"Burning Blood":0,"Centennial Puzzle":13,"Bronze Scales":22,"Prayer Wheel":39,"MealTicket":52,"Mark of Pain":63,"Art of War":22,"Toy Ornithopter":52,"Meat on the Bone":22}],"Toy Ornithopter":20,"Meat on the Bone":72},"card_choices":[{"not_picked":["Reckless Charge","Burning Pact"],"picked":"Whirlwind","floor":1},{"not_picked":["Body Slam","Warcry"],"picked":"Searing Blow","floor":2},{"not_picked":["Armaments","Twin Strike"],"picked":"Ghostly Armor","floor":5},{"not_picked":["Bludgeon","Combust"],"picked":"Entrench","floor":6},{"not_picked":["True Grit","Sever Soul"],"picked":"Inflame","floor":7},{"not_picked":["Warcry","Ghostly Armor"],"picked":"Burning Pact","floor":8},{"not_picked":["Rage","Anger"],"picked":"Pummel","floor":13},{"not_picked":["Exhume","Berserk"],"picked":"Limit Break","floor":16},{"not_picked":["Flex","Sever Soul+1"],"picked":"Metallicize+1","floor":18},{"not_picked":["Whirlwind","Twin Strike"],"picked":"True Grit+1","floor":21},{"not_picked":["Armaments+1","Clash+1"],"picked":"Heavy Blade+1","floor":21},{"not_picked":["Body Slam+1","Iron Wave","Bloodletting+1"],"picked":"SKIP","floor":22},{"not_picked":["Feel No Pain","Anger+1","Searing Blow"],"picked":"SKIP","floor":22},{"not_picked":["Anger","Combust"],"picked":"Corruption","floor":23},{"not_picked":["Carnage","True Grit+1"],"picked":"Burning Pact+1","floor":30},{"not_picked":["True Grit","Carnage+1","Infernal Blade"],"picked":"SKIP","floor":30},{"not_picked":["Fiend Fire","Feed"],"picked":"Demon Form","floor":33},{"not_picked":["Iron Wave+1","Dual Wield+1"],"picked":"Dropkick","floor":35},{"not_picked":["Feel No Pain+1","Sword Boomerang+1","Sever Soul+1"],"picked":"SKIP","floor":35},{"not_picked":["Metallicize","Pommel Strike","Body Slam+1"],"picked":"SKIP","floor":37},{"not_picked":["Hemokinesis+1","Clothesline","Heavy Blade+1"],"picked":"SKIP","floor":37},{"not_picked":["Clash+1","Shockwave"],"picked":"Ghostly Armor","floor":38},{"not_picked":["Sword Boomerang","Pommel Strike","Corruption"],"picked":"SKIP","floor":38}],"player_experience":692944,"relics_obtained":[{"floor":6,"key":"Centennial Puzzle"},{"floor":8,"key":"Art of War"},{"floor":9,"key":"Bronze Scales"},{"floor":10,"key":"Meat on the Bone"},{"floor":13,"key":"Vajra"},{"floor":20,"key":"Prayer Wheel"},{"floor":23,"key":"Whetstone"},{"floor":26,"key":"Toy Ornithopter"}],"event_choices":[{"damage_healed":0,"gold_gain":0,"player_choice":"Grow","damage_taken":0,"max_hp_gain":0,"max_hp_loss":0,"event_name":"Living Wall","floor":3,"gold_loss":0,"cards_upgraded":["Searing Blow"]},{"damage_healed":0,"gold_gain":30,"player_choice":"Searched \u00272\u0027 times","damage_taken":0,"max_hp_gain":0,"max_hp_loss":0,"event_name":"Dead Adventurer","floor":13,"gold_loss":0},{"damage_healed":0,"gold_gain":0,"player_choice":"Bought 0 Potions","damage_taken":0,"max_hp_gain":0,"max_hp_loss":0,"event_name":"The Woman in Blue","floor":14,"gold_loss":0},{"damage_healed":0,"gold_gain":0,"player_choice":"Ignored","damage_taken":0,"max_hp_gain":0,"max_hp_loss":0,"event_name":"Vampires","floor":24,"gold_loss":0},{"damage_healed":0,"gold_gain":0,"player_choice":"Smashed Altar","damage_taken":0,"max_hp_gain":0,"max_hp_loss":0,"event_name":"Forgotten Altar","floor":25,"gold_loss":0,"cards_obtained":["Decay"]},{"damage_healed":0,"gold_gain":0,"player_choice":"Obtain J.A.X.","damage_taken":0,"max_hp_gain":0,"max_hp_loss":0,"event_name":"Drug Dealer","floor":31,"gold_loss":0,"cards_obtained":["J.A.X."]},{"cards_removed":["Decay"],"damage_healed":0,"gold_gain":0,"player_choice":"Upgrade and Remove","damage_taken":0,"max_hp_gain":0,"max_hp_loss":0,"event_name":"Designer","floor":36,"gold_loss":90,"cards_upgraded":["Demon Form"]}],"is_beta":false,"boss_relics":[{"not_picked":["Tiny House","Black Star"],"picked":"Empty Cage"},{"not_picked":["Runic Pyramid","Runic Cube"],"picked":"Mark of Pain"}],"items_purged_floors":[4,11,19],"is_endless":false,"potions_floor_spawned":[1,2,5,8,13,18,21,23,37,38],"killed_by":"Writhing Mass","ascension_level":3}}