{"host":"xw709scqdmsx7obr","time":1613178295,"event":{"mods":["BaseMod","Colored Map","Downfall","Minty Spire (QoL Compilation)","Replay The Spire","StSLib"],"gold_per_floor":[114,129,144,144,58,58,88,103,178,178,193,193,208,223,223,323,323,308,323,248,263,278,278,293,293,293,323,323,323,323,323,323,423,423,438,288,288,303,318,318,318,318],"floor_reached":40,"language":"ENG","playtime":4282,"items_purged":[],"score":410,"play_id":"50914dd4-79dc-44e5-ad4d-d236e9b4654c","local_time":"20210212200455","daily_mods":["Draft","Diverse","downfall:Hexed"],"is_ascension_mode":false,"campfire_choices":[{"data":"Specialist","floor":6,"key":"SMITH"},{"data":"Streamline","floor":10,"key":"SMITH"},{"floor":12,"key":"REST"},{"data":"Specialist+1","floor":15,"key":"PURGE"},{"floor":23,"key":"REST"},{"data":"Guardian:PrimingBeam","floor":25,"key":"SMITH"},{"data":"hexamod:NightmareStrike","floor":28,"key":"SMITH"},{"data":"ReplayTheSpireMod:Muscle Training","floor":30,"key":"SMITH"},{"floor":32,"key":"REST"}],"circlet_count":0,"master_deck":["Coolheaded","Slimebound:RollThrough","Clothesline","bronze:Overheat","bronze:Deprecate","Guardian:PolyBeam","sneckomod:IronFang","Slimebound:ForwardTackle","FTL","Wireheading","ReplayTheSpireMod:Muscle Training+1","Slimebound:GoopTackle","sneckomod:UnknownClassGREEN","SashWhip","Deflect","Slimebound:HauntingLick","Slimebound:Prepare","Streamline+1","sneckomod:UnknownDraw","Guardian:PrimingBeam+1","Corpse Explosion","White Noise","Sucker Punch","hexamod:NightmareStrike+1","Guardian:EvasiveProtocol+1","Slimebound:Chomp","J.A.X.","DeusExMachina","Looming Evil"],"relics":["Guardian:ModeShifter","Velvet Choker","Ginger","Replay:WaspNest","expansioncontent:StudyCardRelic","Pantograph","Replay:Bottled Eggs","Replay:Baseball","Ring of Hypnosis"],"acts_visited":["Exordium","TheCity","TheBeyond"],"potions_floor_usage":[16,16,16,40],"damage_taken":[{"damage":7,"enemies":"Small Slimes","floor":1,"turns":2},{"damage":1,"enemies":"Cultist","floor":2,"turns":3},{"damage":1,"enemies":"2 Louse","floor":3,"turns":2},{"damage":7,"enemies":"Gremlin Nob","floor":7,"turns":2},{"damage":17,"enemies":"Exordium Wildlife","floor":8,"turns":4},{"damage":7,"enemies":"3 Louse","floor":11,"turns":2},{"damage":13,"enemies":"Blue Slaver","floor":13,"turns":2},{"damage":0,"enemies":"Red Slaver","floor":14,"turns":2},{"damage":5,"enemies":"Fading Forest","floor":16,"turns":11},{"damage":16,"enemies":"2 Thieves","floor":18,"turns":4},{"damage":8,"enemies":"3 Byrds","floor":19,"turns":3},{"damage":12,"enemies":"Centurion and Healer","floor":21,"turns":4},{"damage":9,"enemies":"Snake Plant","floor":22,"turns":3},{"damage":5,"enemies":"Chosen and Byrds","floor":24,"turns":4},{"damage":15,"enemies":"Slavers","floor":27,"turns":4},{"damage":38,"enemies":"Collector","floor":33,"turns":5},{"damage":6,"enemies":"3 Darklings","floor":35,"turns":2},{"damage":25,"enemies":"3 Shapes","floor":38,"turns":4},{"damage":28,"enemies":"Spire Growth","floor":39,"turns":4},{"damage":33,"enemies":"Nemesis","floor":40,"turns":2}],"seed_played":"-8399458303924539785","potions_obtained":[{"floor":2,"key":"bronze:BurnAndBuffPotion"},{"floor":11,"key":"Fire Potion"},{"floor":13,"key":"SkillPotion"},{"floor":14,"key":"PowerPotion"},{"floor":24,"key":"Milkshake"},{"floor":27,"key":"sneckomod:MuddlingPotion"},{"floor":38,"key":"FearPotion"}],"is_trial":false,"path_per_floor":["M","M","M","?","$","R","E","M","T","R","M","R","M","M","R_BF","B",null,"M","M","?","M","M","R","M","R","T","E","R","$","R","?","R","B",null,"M","$","?","M","M","E"],"character_chosen":"GUARDIAN","items_purchased":["Specialist","Replay:Baseball"],"campfire_rested":3,"item_purchase_floors":[5,36],"current_hp_per_floor":[73,72,71,71,71,71,64,47,47,47,40,64,51,51,51,56,80,64,56,56,44,35,59,54,54,54,39,39,39,39,39,63,42,80,74,74,74,49,21,0,0,0],"gold":318,"neow_bonus":"","is_daily":true,"chose_seed":false,"campfire_upgraded":5,"win_rate":0.0,"timestamp":1613178295,"path_taken":["M","M","M","?","$","R","E","M","T","R","M","R","M","M","R_BF","BOSS","M","M","?","M","M","R","M","R","T","E","R","$","R","?","R","BOSS","M","$","?","M","M","E"],"items_purchased_type":["Card","Relic"],"build_version":"2020-12-22","purchased_purges":0,"victory":false,"max_hp_per_floor":[80,80,80,80,80,80,80,80,80,80,80,80,80,80,80,80,80,80,80,80,80,80,80,80,80,80,80,80,80,80,80,80,80,80,80,80,80,80,80,80,80,80],"card_choices":[{"not_picked":["ThirdEye","bronze:OilSpill"],"picked":"sneckomod:UnknownClassGREEN","floor":0},{"not_picked":["Slimebound:SplitLeeching","Slimebound:SplitAcid"],"picked":"Coolheaded","floor":0},{"not_picked":["hexamod:BurningTouch","Setup"],"picked":"Slimebound:RollThrough","floor":0},{"not_picked":["Weave","Guardian:Recover"],"picked":"Clothesline","floor":0},{"not_picked":["hexamod:NightmareGuise","Guardian:PrismaticBarrier"],"picked":"bronze:Overheat","floor":0},{"not_picked":["Glacier","BowlingBash"],"picked":"bronze:Deprecate","floor":0},{"not_picked":["Guardian:Gem_Red","Barrage"],"picked":"Guardian:PolyBeam","floor":0},{"not_picked":["Slimebound:HauntingLick","Blood for Blood"],"picked":"sneckomod:IronFang","floor":0},{"not_picked":["bronze:OilSpill","Heavy Blade"],"picked":"Slimebound:ForwardTackle","floor":0},{"not_picked":["Carnage","Replay:AtTheReady"],"picked":"FTL","floor":0},{"not_picked":["Guardian:FloatingOrbs","Chaos"],"picked":"Wireheading","floor":0},{"not_picked":["Replay:Undeath\u0027s Touch","Slimebound:LeechEnergy"],"picked":"ReplayTheSpireMod:Muscle Training","floor":0},{"not_picked":["PathToVictory","Slimebound:LivingWall"],"picked":"Slimebound:GoopTackle","floor":0},{"not_picked":["Slimebound:SplitMire","bronze:Terminator"],"picked":"sneckomod:UnknownClassGREEN","floor":0},{"not_picked":["Gash","Replay:Undeath\u0027s Touch"],"picked":"SashWhip","floor":0},{"not_picked":["Slimebound:LeechEnergy","Replay:Undeath\u0027s Touch"],"picked":"Deflect","floor":1},{"not_picked":["Deflect","bronze:Branch"],"picked":"Slimebound:HauntingLick","floor":2},{"not_picked":["Slimebound:SlimeSpikes","champ:BerserkerStyle"],"picked":"Slimebound:Prepare","floor":3},{"not_picked":["Reflex","Self Repair","InnerPeace"],"picked":"SKIP","floor":7},{"not_picked":["Time Bomb","Warcry"],"picked":"Streamline","floor":8},{"not_picked":["bronze:Shell","hexamod:FastForward"],"picked":"sneckomod:UnknownDraw","floor":11},{"not_picked":["champ:PreemptiveStrike","Slimebound:Gluttony"],"picked":"Guardian:PrimingBeam","floor":13},{"not_picked":["Evolve","Slimebound:Schlurp","Guardian:ShieldSpikes"],"picked":"SKIP","floor":14},{"not_picked":["Fission","champ:Devastate"],"picked":"Corpse Explosion","floor":16},{"not_picked":["Guardian:WalkerClaw","Stack+1"],"picked":"White Noise","floor":18},{"not_picked":["Barrage+1","Reckless Charge"],"picked":"Sucker Punch","floor":19},{"not_picked":["sneckomod:UnknownClassGREEN","champ:BerserkerStyle"],"picked":"hexamod:NightmareStrike","floor":21},{"not_picked":["bronze:BugBarrage","bronze:BronzeOrb"],"picked":"Guardian:EvasiveProtocol","floor":22},{"not_picked":["Poisoned Stab","bronze:Separator","Slimebound:TagTeam"],"picked":"SKIP","floor":24},{"not_picked":["Tools of the Trade","ReplayTheSpireMod:Speed Training"],"picked":"Slimebound:Chomp","floor":27},{"not_picked":["Biased Cognition","hexamod:FifthSeal"],"picked":"DeusExMachina","floor":33},{"not_picked":["champ:FocusedDefense+1","Draining Mist","sneckomod:UnknownClassHEXA_GHOST_PURPLE+1"],"picked":"SKIP","floor":35},{"not_picked":["Slimebound:HauntingLick","hexamod:BurningTouch","bronze:DarkDash+1"],"picked":"SKIP","floor":38},{"not_picked":["bronze:BitShift","hexamod:HeatShield+1","Guardian:WalkerClaw"],"picked":"SKIP","floor":39}],"player_experience":96127,"relics_obtained":[{"floor":7,"key":"Ginger"},{"floor":9,"key":"Replay:WaspNest"},{"floor":26,"key":"Pantograph"},{"floor":27,"key":"Replay:Bottled Eggs"},{"floor":37,"key":"Ring of Hypnosis"}],"event_choices":[{"damage_healed":0,"gold_gain":0,"player_choice":"0 cards matched","damage_taken":0,"max_hp_gain":0,"max_hp_loss":0,"event_name":"Match and Keep!","floor":4,"gold_loss":0,"cards_obtained":[]},{"cards_removed":["sneckomod:UnknownClassGREEN"],"damage_healed":0,"gold_gain":0,"player_choice":"Gave Gold","damage_taken":0,"max_hp_gain":0,"max_hp_loss":0,"event_name":"Beggar","floor":20,"gold_loss":75},{"damage_healed":0,"gold_gain":0,"player_choice":"Obtain J.A.X.","damage_taken":0,"max_hp_gain":0,"max_hp_loss":0,"event_name":"Drug Dealer","floor":31,"gold_loss":0,"cards_obtained":["J.A.X."]}],"is_beta":false,"boss_relics":[{"not_picked":["Replay:Ancient Bell","Busted Crown"],"picked":"expansioncontent:StudyCardRelic"},{"not_picked":["Snecko Heart","Abe\u0027s Treasure","Cursed Key"]}],"items_purged_floors":[],"is_endless":false,"potions_floor_spawned":[2,7,11,13,14,24,27,38,39],"killed_by":"Nemesis","ascension_level":0}}