{"host":"3j24k6gtmfx6ynrk","time":1613255963,"event":{"mods":["AchievementEnabler","BaseMod","Block Reminder","Colored Powertips","Hermit","Highlight Path","Marisa????????","Minty Spire (QoL Compilation)","Quick Restart","Rare Cards Sparkle","StSLib","The Cursed","The Hierophant","The Servant 0.9.4"],"gold_per_floor":[109,119,44,63,63,63,98,98,98,123,123,298,308,327,327,429,429,442,461,477,477,9,9,44,44,71,71,89,7,7,21,21,118,118,132,182,199,37,390,390,416,64,140,140,155,174,174,188,188,188,188,188,38,64,64,64],"floor_reached":55,"language":"DEU","playtime":7001,"items_purged":["Regret","Defend_B","Doubt","Strike_B"],"score":775,"play_id":"83ce21f4-b7f4-4a62-9d0a-a2c1d0732d4f","local_time":"20210213233923","is_ascension_mode":false,"campfire_choices":[{"data":"Conserve Battery","floor":6.0,"key":"SMITH"},{"data":"Self Repair","floor":8.0,"key":"SMITH"},{"data":"Glacier","floor":15.0,"key":"SMITH"},{"data":"Zap","floor":23.0,"key":"SMITH"},{"data":"Gash","floor":25.0,"key":"SMITH"},{"floor":27.0,"key":"RECALL"},{"data":"Hologram","floor":30.0,"key":"SMITH"},{"data":"Leap","floor":32.0,"key":"SMITH"},{"floor":40,"key":"REST"},{"data":"Machine Learning","floor":44,"key":"SMITH"},{"data":"Loop","floor":47,"key":"SMITH"},{"data":"Capacitor","floor":49,"key":"SMITH"},{"data":"Barrage","floor":52,"key":"SMITH"}],"circlet_count":0,"master_deck":["Strike_B+1","Defend_B","Defend_B","Defend_B","Zap+1","Dualcast","Conserve Battery+1","Self Repair+1","Chaos","Gash+1","Go for the Eyes","Glacier+1","Stack","Hologram+1","Gash+1","Thunder Strike+1","Capacitor+1","Gash","Leap+1","Hologram+1","Leap+1","FTL","Rainbow","Machine Learning+1","CurseOfTheBell","Barrage+1","Gash","Doom and Gloom","Skim+1","Undo+1","Loop+1","Chill+1","Coolheaded+1","Reinforced Body+1","Loop","Compile Driver+1"],"relics":["Cracked Core","Lizard Tail","Mercury Hourglass","Gambling Chip","Nuclear Battery","Lee\u0027s Waffle","Blood Vial","Calling Bell","PreservedInsect","Toxic Egg 2","Du-Vu Doll","Thread and Needle","Old Coin","Pen Nib","Bottled Lightning","Sundial","Whetstone"],"acts_visited":["TheEnding"],"potions_floor_usage":[39,39,50,50,55],"damage_taken":[{"damage":16.0,"enemies":"Cultist","floor":1.0,"turns":4.0},{"damage":4.0,"enemies":"Jaw Worm","floor":2.0,"turns":5.0},{"damage":0.0,"enemies":"2 Louse","floor":4.0,"turns":3.0},{"damage":22.0,"enemies":"Lagavulin","floor":7.0,"turns":6.0},{"damage":16.0,"enemies":"Gremlin Nob","floor":10.0,"turns":4.0},{"damage":8.0,"enemies":"Exordium Thugs","floor":13.0,"turns":5.0},{"damage":7.0,"enemies":"3 Louse","floor":14.0,"turns":3.0},{"damage":52.0,"enemies":"Hexaghost","floor":16.0,"turns":20.0},{"damage":6.0,"enemies":"Shell Parasite","floor":18.0,"turns":9.0},{"damage":23.0,"enemies":"Chosen","floor":19.0,"turns":7.0},{"damage":3.0,"enemies":"Centurion and Healer","floor":20.0,"turns":12.0},{"damage":28.0,"enemies":"Slavers","floor":24.0,"turns":6.0},{"damage":7.0,"enemies":"Snake Plant","floor":28.0,"turns":6.0},{"damage":4.0,"enemies":"Snecko","floor":31.0,"turns":6.0},{"damage":26.0,"enemies":"Collector","floor":33.0,"turns":9.0},{"damage":0.0,"enemies":"Orb Walker","floor":35.0,"turns":5.0},{"damage":7,"enemies":"Mind Bloom Boss Battle","floor":36,"turns":8},{"damage":10,"enemies":"3 Darklings","floor":37,"turns":6},{"damage":86,"enemies":"2 Orb Walkers","floor":39,"turns":7},{"damage":15,"enemies":"Reptomancer","floor":41,"turns":7},{"damage":0,"enemies":"Sphere and 2 Shapes","floor":45,"turns":8},{"damage":7,"enemies":"Maw","floor":46,"turns":8},{"damage":1,"enemies":"Spire Growth","floor":48,"turns":6},{"damage":49,"enemies":"Donu and Deca","floor":50,"turns":12},{"damage":48,"enemies":"Shield and Spear","floor":54,"turns":8},{"damage":117,"enemies":"The Heart","floor":55,"turns":8}],"seed_played":"-8516231490712964456","potions_obtained":[{"floor":1.0,"key":"LiquidBronze"},{"floor":4.0,"key":"ColorlessPotion"},{"floor":7.0,"key":"Dexterity Potion"},{"floor":20.0,"key":"PowerPotion"},{"floor":28.0,"key":"DuplicationPotion"},{"floor":35,"key":"Weak Potion"},{"floor":39,"key":"PotionOfCapacity"},{"floor":45,"key":"SteroidPotion"},{"floor":48,"key":"Fire Potion"}],"is_trial":false,"path_per_floor":["M","M","$","M","?","R","E","R","T","E","?","?","M","M","R","B",null,"M","M","M","?","$","R","E","R","T","R","M","$","R","M","R","B",null,"M","?","M","$","?","R","E","$","T","R","M","M","R","M","R","B",null,"R","$","E","B"],"character_chosen":"DEFECT","items_purchased":["Capacitor","Gash","Lee\u0027s Waffle","DuplicationPotion","Leap","FTL","Doom and Gloom","Loop","Bottled Lightning","Chill+1"],"campfire_rested":1,"item_purchase_floors":[22,22,22,22,22,29,38,42,42,42],"current_hp_per_floor":[73,69,69,76,69,69,54,54,54,48,48,48,50,53,53,11,89,89,76,83,83,96,96,78,78,78,78,83,83,83,81,81,67,96,96,96,96,96,20,48,45,45,45,45,57,62,62,73,73,26,96,96,96,58,0,0],"gold":64,"neow_bonus":"TWENTY_PERCENT_HP_BONUS","is_daily":false,"chose_seed":false,"campfire_upgraded":11,"win_rate":0.0,"timestamp":1613255963,"path_taken":["M","M","$","M","?","R","E","R","T","E","?","?","M","M","R","BOSS","M","M","M","?","?","R","E","R","T","R","M","$","R","M","R","BOSS","M","?","M","$","?","R","E","$","T","R","M","M","R","?","R","BOSS","R","$","E","BOSS"],"items_purchased_type":["Card","Card","Relic","Potion","Card","Card","Card","Card","Relic","Card"],"build_version":"2020-12-22","purchased_purges":4,"victory":false,"max_hp_per_floor":[89,89,89,89,89,89,89,89,89,89,89,89,89,89,89,89,89,89,89,89,89,96,96,96,96,96,96,96,96,96,96,96,96,96,96,96,96,96,96,96,96,96,96,96,96,96,96,96,96,96,96,96,96,96,96,96],"card_choices":[{"not_picked":["Barrage","Rebound"],"picked":"Conserve Battery","floor":1.0},{"not_picked":["Ball Lightning","White Noise"],"picked":"Self Repair","floor":2.0},{"not_picked":["Beam Cell","Barrage"],"picked":"Chaos","floor":4.0},{"not_picked":["Sweeping Beam","Barrage"],"picked":"Gash","floor":7.0},{"not_picked":["Barrage","Steam Power"],"picked":"Go for the Eyes","floor":10.0},{"not_picked":["All For One","Reinforced Body"],"picked":"Glacier","floor":13.0},{"not_picked":["Streamline","Lockon"],"picked":"Stack","floor":14.0},{"not_picked":["Cold Snap","Ball Lightning"],"picked":"Hologram","floor":18.0},{"not_picked":["Darkness","Heatsinks+1"],"picked":"Gash+1","floor":19.0},{"not_picked":["Stack+1","Consume","Beam Cell"],"picked":"SKIP","floor":20.0},{"not_picked":["Rip and Tear","Melter"],"picked":"Hologram+1","floor":24.0},{"not_picked":["White Noise","Heatsinks+1"],"picked":"Leap+1","floor":28.0},{"not_picked":["Scrape","Rebound"],"picked":"Rainbow","floor":31.0},{"not_picked":["Reboot","Rainbow"],"picked":"Machine Learning","floor":33.0},{"not_picked":["FTL+1","Sweeping Beam"],"picked":"Barrage","floor":35},{"not_picked":["Self Repair+1","Redo+1"],"picked":"Gash","floor":36},{"not_picked":["Steam+1","Redo+1","Rebound"],"picked":"SKIP","floor":37},{"not_picked":["Aggregate+1","Compile Driver+1"],"picked":"Skim+1","floor":39},{"not_picked":["Skim+1","Reboot+1"],"picked":"Undo+1","floor":41},{"not_picked":["Rebound+1","Sweeping Beam"],"picked":"Coolheaded+1","floor":45},{"not_picked":["Rebound","Storm"],"picked":"Reinforced Body+1","floor":46},{"not_picked":["Sunder","Ball Lightning"],"picked":"Loop","floor":48},{"not_picked":["Steam+1","Hologram+1"],"picked":"Compile Driver+1","floor":54}],"player_experience":83379,"relics_obtained":[{"floor":7.0,"key":"Lizard Tail"},{"floor":9.0,"key":"Mercury Hourglass"},{"floor":10.0,"key":"Gambling Chip"},{"floor":24.0,"key":"Blood Vial"},{"floor":34.0,"key":"PreservedInsect"},{"floor":34.0,"key":"Toxic Egg 2"},{"floor":34.0,"key":"Du-Vu Doll"},{"floor":36,"key":"Thread and Needle"},{"floor":39,"key":"Old Coin"},{"floor":41,"key":"Pen Nib"},{"floor":43,"key":"Sundial"},{"floor":54,"key":"Whetstone"}],"event_choices":[{"cards_removed":["Strike_B"],"damage_healed":0.0,"max_hp_gain":0.0,"max_hp_loss":0.0,"gold_gain":0.0,"event_name":"Golden Wing","player_choice":"Card Removal","floor":5.0,"gold_loss":0.0,"damage_taken":7.0},{"damage_healed":0.0,"max_hp_gain":0.0,"max_hp_loss":0.0,"gold_gain":0.0,"event_name":"Shining Light","player_choice":"Ignored","floor":11.0,"gold_loss":0.0,"damage_taken":0.0},{"damage_healed":0.0,"max_hp_gain":0.0,"max_hp_loss":0.0,"gold_gain":175.0,"event_name":"Liars Game","player_choice":"AGREE","floor":12.0,"gold_loss":0.0,"damage_taken":0.0,"cards_obtained":["Doubt"]},{"damage_healed":0.0,"max_hp_gain":0.0,"max_hp_loss":0.0,"gold_gain":0.0,"cards_transformed":["Strike_B"],"event_name":"Transmorgrifier","player_choice":"Transformed","floor":21.0,"gold_loss":0.0,"damage_taken":0.0,"cards_obtained":["Thunder Strike"]},{"damage_healed":0,"gold_gain":0,"player_choice":"Fight","damage_taken":0,"max_hp_gain":0,"max_hp_loss":0,"event_name":"MindBloom","floor":36,"gold_loss":0},{"damage_healed":0,"gold_gain":0,"player_choice":"Fight","damage_taken":0,"max_hp_gain":0,"max_hp_loss":0,"event_name":"Mysterious Sphere","floor":39,"gold_loss":0}],"is_beta":false,"boss_relics":[{"not_picked":["Philosopher\u0027s Stone","Coffee Dripper"],"picked":"Nuclear Battery"},{"not_picked":["Sozu","Tiny House"],"picked":"Calling Bell"}],"items_purged_floors":[3,22,38,53],"is_endless":false,"potions_floor_spawned":[1,4,7,20,28,31,35,39,45,48],"killed_by":"The Heart","ascension_level":0}}