{"host":"h2g8ky7y1n1j4svm","time":1613255667,"event":{"mods":["AchievementEnabler","BaseMod","Bestiary","Block Reminder","Colored Map","Highlight Path","Minty Spire (QoL Compilation)","Quick Restart","Relic Stats","SuperFastMode"],"gold_per_floor":[111,111,125,135,60,60,78,97,97,97,112,112,12,27,27,122,122,133,150,164,183,193,193,227,246,246,246,345,345,325,340,340,340,340],"floor_reached":33,"language":"ENG","playtime":7741,"items_purged":["Strike_R","Strike_R"],"score":288,"play_id":"9e86e60e-20a2-455c-81fb-72bfba505444","local_time":"20210213233427","is_ascension_mode":false,"campfire_choices":[{"data":"Bash","floor":6.0,"key":"SMITH"},{"data":"Heavy Blade","floor":10.0,"key":"SMITH"},{"data":"Inflame","floor":12.0,"key":"SMITH"},{"data":"Iron Wave","floor":15.0,"key":"SMITH"},{"floor":23.0,"key":"REST"},{"floor":27.0,"key":"REST"},{"floor":29.0,"key":"REST"},{"data":"Iron Wave","floor":32.0,"key":"SMITH"}],"circlet_count":0,"master_deck":["Strike_R","Strike_R","Defend_R","Defend_R","Defend_R","Defend_R","Bash+1","Heavy Blade+1","Feed","Clothesline","Iron Wave+1","Inflame+1","Iron Wave+1","Clash","Impervious","Pummel","Whirlwind","Pummel","Flame Barrier","Flame Barrier+1","Warcry"],"relics":["Burning Blood"],"acts_visited":["Exordium","TheCity"],"potions_floor_usage":[],"damage_taken":[{"damage":8.0,"enemies":"Jaw Worm","floor":1.0,"turns":3.0},{"damage":1.0,"enemies":"Cultist","floor":3.0,"turns":3.0},{"damage":0.0,"enemies":"Small Slimes","floor":4.0,"turns":3.0},{"damage":22.0,"enemies":"Exordium Thugs","floor":7.0,"turns":7.0},{"damage":4.0,"enemies":"Looter","floor":8.0,"turns":3.0},{"damage":18.0,"enemies":"3 Louse","floor":11.0,"turns":4.0},{"damage":15.0,"enemies":"Gremlin Gang","floor":14.0,"turns":4.0},{"damage":51.0,"enemies":"The Guardian","floor":16.0,"turns":11.0},{"damage":15.0,"enemies":"Spheric Guardian","floor":18.0,"turns":4.0},{"damage":5.0,"enemies":"Chosen","floor":19.0,"turns":4.0},{"damage":18.0,"enemies":"3 Cultists","floor":20.0,"turns":6.0},{"damage":36.0,"enemies":"Snake Plant","floor":21.0,"turns":4.0},{"damage":23.0,"enemies":"Centurion and Healer","floor":22.0,"turns":6.0},{"damage":72.0,"enemies":"Book of Stabbing","floor":24.0,"turns":7.0},{"damage":4.0,"enemies":"Snecko","floor":25.0,"turns":5.0},{"damage":22.0,"enemies":"Sentry and Sphere","floor":31.0,"turns":11.0},{"damage":96,"enemies":"Collector","floor":33,"turns":7}],"seed_played":"6417007384095894957","potions_obtained":[{"floor":3.0,"key":"Fire Potion"},{"floor":14.0,"key":"LiquidMemories"},{"floor":16.0,"key":"Swift Potion"},{"floor":18.0,"key":"SteroidPotion"},{"floor":19.0,"key":"FairyPotion"},{"floor":22.0,"key":"SmokeBomb"},{"floor":24.0,"key":"ElixirPotion"},{"floor":30.0,"key":"GamblersBrew"}],"is_trial":false,"path_per_floor":["M","?","M","M","$","R","M","M","T","R","M","R","$","M","R","B",null,"M","M","M","M","M","R","E","M","T","R","?","R","?","M","R","B"],"character_chosen":"IRONCLAD","items_purchased":[],"campfire_rested":3,"item_purchase_floors":[],"current_hp_per_floor":[86,86,88,91,91,91,78,80,80,80,71,71,71,65,65,20,100,91,92,80,50,33,63,30,32,32,62,62,92,92,79,79,0,0],"gold":340,"neow_bonus":"TEN_PERCENT_HP_BONUS","is_daily":false,"chose_seed":false,"campfire_upgraded":5,"win_rate":0.0,"timestamp":1613255667,"path_taken":["M","?","?","M","$","R","M","M","T","R","M","R","?","M","R","BOSS","M","M","M","M","M","R","E","M","T","R","?","R","?","?","R","BOSS"],"items_purchased_type":[],"build_version":"2020-12-22","purchased_purges":2,"victory":false,"max_hp_per_floor":[88,88,88,91,91,91,94,94,94,94,97,97,97,100,100,100,100,100,100,100,100,100,100,103,103,103,103,103,103,103,106,106,106,106],"relic_stats":{"counters":[17,92],"obtain_stats":[{"Burning Blood":0},{"Burning Blood":0},{"Burning Blood":0}],"Burning Blood":87},"card_choices":[{"not_picked":["True Grit","Pommel Strike"],"picked":"Heavy Blade","floor":1.0},{"not_picked":["Clothesline","Battle Trance"],"picked":"Feed","floor":3.0},{"not_picked":["Headbutt","Sword Boomerang"],"picked":"Clothesline","floor":4.0},{"not_picked":["Carnage","Infernal Blade"],"picked":"Iron Wave","floor":7.0},{"not_picked":["Disarm","Anger"],"picked":"Inflame","floor":8.0},{"not_picked":["Bloodletting","Wild Strike"],"picked":"Iron Wave","floor":11.0},{"not_picked":["Anger","Sever Soul"],"picked":"Clash","floor":14.0},{"not_picked":["Exhume","Feed"],"picked":"Impervious","floor":16.0},{"not_picked":["Thunderclap+1","Flex"],"picked":"Pummel","floor":18.0},{"not_picked":["Havoc+1","Wild Strike"],"picked":"Whirlwind","floor":19.0},{"not_picked":["Wild Strike","Berserk"],"picked":"Pummel","floor":20.0},{"not_picked":["Thunderclap","Body Slam","Searing Blow"],"picked":"SKIP","floor":21.0},{"not_picked":["Anger","Warcry","Burning Pact+1"],"picked":"SKIP","floor":22.0},{"not_picked":["Clash","Havoc"],"picked":"Flame Barrier","floor":24.0},{"not_picked":["Sword Boomerang","Iron Wave"],"picked":"Flame Barrier+1","floor":25.0},{"not_picked":["Flex+1","Cleave+1"],"picked":"Warcry","floor":31.0}],"player_experience":985151,"relics_obtained":[],"event_choices":[{"cards_removed":["Strike_R"],"damage_healed":0.0,"max_hp_gain":0.0,"max_hp_loss":0.0,"gold_gain":0.0,"event_name":"Purifier","player_choice":"Purged","floor":2.0,"gold_loss":0.0,"damage_taken":0.0},{"damage_healed":0.0,"max_hp_gain":0.0,"max_hp_loss":0.0,"gold_gain":99.0,"event_name":"Nest","player_choice":"Stole From Cult","floor":28.0,"gold_loss":0.0,"damage_taken":0.0},{"damage_healed":0.0,"max_hp_gain":0.0,"max_hp_loss":0.0,"gold_gain":0.0,"event_name":"The Woman in Blue","player_choice":"Bought 1 Potion","floor":30.0,"gold_loss":0.0,"damage_taken":0.0}],"is_beta":false,"boss_relics":[{"not_picked":[]}],"items_purged_floors":[5,13],"is_endless":false,"potions_floor_spawned":[3,14,16,18,19,22,24],"killed_by":"Collector","ascension_level":0}}