{"host":"7sni158j623xchr2","time":1613183167,"event":{"mods":["BaseMod","Colored Map","Highlight Path","Minty Spire (QoL Compilation)","Permanent Neow","Potion Indicator Mod","Rare Cards Sparkle","Relic Sorter","Relic Stats","StSLib","everything is the same but u backflip on backflip"],"gold_per_floor":[119,119,135,135,60,89,89,122,148,323,357,357,337,357,357,458,458,469,384,384,334,350,384,402,431,431,431,451,462,316,349,349,444,444,458,540,540,550,565,593,622,651,651,651,677,694,712,744,744,744,744,744,20,55,55],"floor_reached":56,"language":"ENG","playtime":2434,"items_purged":["Defend_G","Doubt","Parasite"],"score":1429,"play_id":"48dffd41-ee56-48bd-bc98-82212241dd8e","local_time":"20210212202607","is_ascension_mode":true,"campfire_choices":[{"data":"All Out Attack","floor":7,"key":"SMITH"},{"data":"Neutralize","floor":12,"key":"SMITH"},{"data":"Slice","floor":15,"key":"SMITH"},{"data":"Cloak And Dagger","floor":27,"key":"SMITH"},{"floor":32,"key":"REST"},{"data":"Cloak And Dagger","floor":44,"key":"SMITH"},{"floor":49,"key":"RECALL"},{"data":"Envenom","floor":52,"key":"SMITH"}],"circlet_count":0,"master_deck":["Strike_G","Strike_G","Strike_G","Strike_G","Strike_G","Defend_G","Defend_G","Defend_G","Survivor","Neutralize+1","After Image","Slice+1","Dash+1","All Out Attack+1","Blade Dance","Die Die Die","Terror+1","Backflip","Cloak And Dagger+1","Backstab","Cloak And Dagger+1","Finisher","PiercingWail","Sucker Punch+1","Malaise","Dodge and Roll+1","Cloak And Dagger+1","PiercingWail","Sucker Punch+1","Envenom+1","PiercingWail+1","Envenom+1","Catalyst+1"],"relics":["Ring of the Snake","Oddly Smooth Stone","WingedGreaves","Tiny Chest","Regal Pillow","Cursed Key","Paper Crane","Mercury Hourglass","StrikeDummy","Orichalcum","Red Mask","Empty Cage","Lizard Tail","InkBottle","Pocketwatch","Mummified Hand","Unceasing Top","DollysMirror","Gremlin Horn","Anchor","Bronze Scales"],"acts_visited":["Exordium","TheCity","TheBeyond","TheEnding"],"potions_floor_usage":[3,6,16,54,55,55,55,55,55],"damage_taken":[{"damage":2,"enemies":"Small Slimes","floor":1,"turns":6},{"damage":0,"enemies":"Cultist","floor":3,"turns":4},{"damage":0,"enemies":"Gremlin Nob","floor":6,"turns":5},{"damage":9,"enemies":"3 Sentries","floor":8,"turns":6},{"damage":9,"enemies":"Gremlin Nob","floor":11,"turns":5},{"damage":0,"enemies":"Jaw Worm","floor":14,"turns":2},{"damage":28,"enemies":"Slime Boss","floor":16,"turns":8},{"damage":0,"enemies":"2 Thieves","floor":18,"turns":4},{"damage":2,"enemies":"3 Byrds","floor":22,"turns":3},{"damage":6,"enemies":"Gremlin Leader","floor":23,"turns":6},{"damage":11,"enemies":"Snake Plant","floor":24,"turns":4},{"damage":17,"enemies":"Slavers","floor":25,"turns":4},{"damage":0,"enemies":"Cultist and Chosen","floor":28,"turns":4},{"damage":7,"enemies":"Snecko","floor":29,"turns":4},{"damage":11,"enemies":"Masked Bandits","floor":31,"turns":3},{"damage":11,"enemies":"Collector","floor":33,"turns":9},{"damage":1,"enemies":"Orb Walker","floor":35,"turns":3},{"damage":6,"enemies":"3 Darklings","floor":38,"turns":5},{"damage":6,"enemies":"Jaw Worm Horde","floor":39,"turns":3},{"damage":32,"enemies":"Reptomancer","floor":40,"turns":7},{"damage":28,"enemies":"Nemesis","floor":41,"turns":8},{"damage":2,"enemies":"Reptomancer","floor":42,"turns":6},{"damage":3,"enemies":"Giant Head","floor":45,"turns":9},{"damage":16,"enemies":"4 Shapes","floor":46,"turns":4},{"damage":6,"enemies":"Maw","floor":47,"turns":7},{"damage":11,"enemies":"Nemesis","floor":48,"turns":7},{"damage":22,"enemies":"Donu and Deca","floor":50,"turns":12},{"damage":9,"enemies":"Shield and Spear","floor":54,"turns":10},{"damage":49,"enemies":"The Heart","floor":55,"turns":8}],"seed_played":"-4129302187665937443","potions_obtained":[{"floor":2,"key":"Fruit Juice"},{"floor":2,"key":"Dexterity Potion"},{"floor":2,"key":"FairyPotion"},{"floor":3,"key":"BlessingOfTheForge"},{"floor":13,"key":"Ancient Potion"},{"floor":14,"key":"SteroidPotion"},{"floor":16,"key":"FairyPotion"},{"floor":18,"key":"SmokeBomb"},{"floor":41,"key":"Fire Potion"},{"floor":42,"key":"EntropicBrew"},{"floor":46,"key":"SmokeBomb"}],"is_trial":false,"path_per_floor":["M","?","M","?","$","E","R","E","T","?","E","R","?","M","R","B",null,"M","?","T","?","M","E","M","E","T","R","M","M","$","?","R","B",null,"M","T","?","M","M","E","E","E","T","R","E","M","M","E","R","B",null,"R","$","E","B",null],"character_chosen":"THE_SILENT","items_purchased":["PiercingWail","DollysMirror","Gremlin Horn","Anchor","Strength Potion"],"campfire_rested":1,"item_purchase_floors":[30,53,53,53,53],"current_hp_per_floor":[61,61,66,66,66,66,66,57,57,57,48,48,48,48,48,20,68,68,68,68,68,66,60,49,32,32,32,32,25,25,14,49,38,68,67,67,67,61,55,23,20,18,18,18,15,20,14,3,3,25,68,68,65,56,7],"gold":55,"neow_bonus":"THREE_RARE_CARDS","is_daily":false,"chose_seed":false,"campfire_upgraded":6,"win_rate":0.0,"timestamp":1613183167,"path_taken":["M","?","?","?","$","E","R","E","T","?","E","R","?","M","R","BOSS","M","?","?","?","M","E","M","E","T","R","M","?","$","?","R","BOSS","M","?","?","M","M","E","E","E","T","R","E","M","?","E","R","BOSS","R","$","E","BOSS"],"items_purchased_type":["Card","Relic","Relic","Relic","Potion"],"build_version":"2020-12-22","purchased_purges":3,"victory":true,"max_hp_per_floor":[63,63,68,68,68,68,68,68,68,68,68,68,68,68,68,68,68,68,68,68,68,68,68,68,68,68,68,68,68,68,68,68,68,68,68,68,68,68,68,68,68,68,68,68,68,68,68,68,68,68,68,68,65,65,65],"relic_stats":{"Regal Pillow":15,"Gremlin Horn":[1,1],"counters":[29,163],"Orichalcum":[30],"Cursed Key":2,"Mercury Hourglass":[490],"Lizard Tail":34,"Mummified Hand":[11],"Bronze Scales":[78],"Tiny Chest":2,"obtain_stats":[{"Regal Pillow":11,"Gremlin Horn":53,"Oddly Smooth Stone":6,"Paper Crane":19,"Orichalcum":25,"Cursed Key":17,"Empty Cage":34,"Mercury Hourglass":20,"Lizard Tail":40,"Anchor":53,"Mummified Hand":45,"DollysMirror":53,"Bronze Scales":54,"Tiny Chest":9,"WingedGreaves":8,"Red Mask":31,"StrikeDummy":23,"InkBottle":41,"Unceasing Top":48,"Ring of the Snake":0,"Pocketwatch":42},{"Regal Pillow":5,"Gremlin Horn":27,"Oddly Smooth Stone":3,"Paper Crane":8,"Orichalcum":12,"Cursed Key":7,"Empty Cage":16,"Mercury Hourglass":8,"Lizard Tail":20,"Anchor":27,"Mummified Hand":23,"DollysMirror":27,"Bronze Scales":28,"Tiny Chest":4,"WingedGreaves":4,"Red Mask":15,"StrikeDummy":10,"InkBottle":21,"Unceasing Top":26,"Ring of the Snake":0,"Pocketwatch":22},{"Regal Pillow":26,"Gremlin Horn":145,"Oddly Smooth Stone":15,"Paper Crane":40,"Orichalcum":57,"Cursed Key":36,"Empty Cage":76,"Mercury Hourglass":40,"Lizard Tail":93,"Anchor":145,"Mummified Hand":115,"DollysMirror":145,"Bronze Scales":155,"Tiny Chest":21,"WingedGreaves":21,"Red Mask":67,"StrikeDummy":49,"InkBottle":100,"Unceasing Top":133,"Ring of the Snake":0,"Pocketwatch":106}],"InkBottle":[37],"Unceasing Top":[8],"Ring of the Snake":[58],"Pocketwatch":[15]},"card_choices":[{"not_picked":["Envenom","Tools of the Trade"],"picked":"After Image","floor":0},{"not_picked":["PiercingWail","Noxious Fumes"],"picked":"Slice","floor":1},{"not_picked":["Outmaneuver","Dagger Throw"],"picked":"Dash","floor":3},{"not_picked":["Blur","Riddle With Holes"],"picked":"All Out Attack","floor":6},{"not_picked":["Slice","Backflip","Quick Slash"],"picked":"SKIP","floor":8},{"not_picked":["Bane","Dagger Throw","Skewer"],"picked":"SKIP","floor":11},{"not_picked":["Quick Slash","Skewer"],"picked":"Blade Dance","floor":14},{"not_picked":["Phantasmal Killer","Glass Knife"],"picked":"Die Die Die","floor":16},{"not_picked":["Quick Slash+1","Dodge and Roll"],"picked":"Terror+1","floor":18},{"not_picked":["Flying Knee","Crippling Poison"],"picked":"Backflip","floor":22},{"not_picked":["Heel Hook","All Out Attack"],"picked":"Cloak And Dagger","floor":23},{"not_picked":["Bane","Dash"],"picked":"Backstab","floor":24},{"not_picked":["Choke+1","Blur"],"picked":"Cloak And Dagger","floor":25},{"not_picked":["Poisoned Stab","Prepared"],"picked":"Finisher","floor":28},{"not_picked":["Sucker Punch+1","Slice","Expertise"],"picked":"SKIP","floor":29},{"not_picked":["Tactician","Doppelganger"],"picked":"Sucker Punch+1","floor":31},{"not_picked":["Corpse Explosion","Tools of the Trade"],"picked":"Malaise","floor":33},{"not_picked":["Dagger Throw+1","Bane+1"],"picked":"Dodge and Roll+1","floor":35},{"not_picked":["Dodge and Roll+1","Concentrate+1","Prepared+1"],"picked":"SKIP","floor":38},{"not_picked":["Outmaneuver+1","Acrobatics+1"],"picked":"PiercingWail","floor":39},{"not_picked":["Dodge and Roll+1","Acrobatics+1"],"picked":"Sucker Punch+1","floor":40},{"not_picked":["Underhanded Strike","Terror+1","Eviscerate+1"],"picked":"SKIP","floor":41},{"not_picked":["Well Laid Plans+1","Caltrops+1","Reflex+1"],"picked":"SKIP","floor":42},{"not_picked":["Die Die Die","Noxious Fumes","Quick Slash"],"picked":"SKIP","floor":45},{"not_picked":["Backflip","Outmaneuver+1","Infinite Blades+1"],"picked":"SKIP","floor":46},{"not_picked":["Concentrate+1","Dagger Spray+1"],"picked":"Envenom","floor":47},{"not_picked":["Blade Dance+1","Unload"],"picked":"PiercingWail+1","floor":48},{"not_picked":["Choke","Underhanded Strike"],"picked":"Catalyst+1","floor":54}],"player_experience":1789661,"relics_obtained":[{"floor":6,"key":"Oddly Smooth Stone"},{"floor":8,"key":"WingedGreaves"},{"floor":9,"key":"Tiny Chest"},{"floor":11,"key":"Regal Pillow"},{"floor":20,"key":"Mercury Hourglass"},{"floor":23,"key":"StrikeDummy"},{"floor":25,"key":"Orichalcum"},{"floor":31,"key":"Red Mask"},{"floor":40,"key":"Lizard Tail"},{"floor":41,"key":"InkBottle"},{"floor":42,"key":"Pocketwatch"},{"floor":45,"key":"Mummified Hand"},{"floor":48,"key":"Unceasing Top"},{"floor":54,"key":"Bronze Scales"}],"event_choices":[{"damage_healed":0,"gold_gain":0,"player_choice":"Got Potions","damage_taken":0,"max_hp_gain":0,"max_hp_loss":0,"event_name":"Lab","floor":2,"gold_loss":0},{"damage_healed":0,"gold_gain":0,"player_choice":"Grow","damage_taken":0,"max_hp_gain":0,"max_hp_loss":0,"event_name":"Living Wall","floor":4,"gold_loss":0,"cards_upgraded":["Dash"]},{"damage_healed":0,"gold_gain":175,"player_choice":"AGREE","damage_taken":0,"max_hp_gain":0,"max_hp_loss":0,"event_name":"Liars Game","floor":10,"gold_loss":0,"cards_obtained":["Doubt"]},{"damage_healed":0,"gold_gain":0,"player_choice":"Bought 1 Potion","damage_taken":0,"max_hp_gain":0,"max_hp_loss":0,"event_name":"The Woman in Blue","floor":13,"gold_loss":0},{"damage_healed":0,"gold_gain":0,"player_choice":"Obtained Relic","damage_taken":0,"relics_obtained":["Paper Crane"],"max_hp_gain":0,"max_hp_loss":0,"event_name":"Addict","floor":19,"gold_loss":85},{"damage_healed":0,"gold_gain":0,"player_choice":"Bet on Owner","damage_taken":0,"max_hp_gain":0,"max_hp_loss":0,"event_name":"The Joust","floor":21,"gold_loss":50},{"damage_healed":0,"gold_gain":0,"player_choice":"Fought Bandits","damage_taken":0,"max_hp_gain":0,"max_hp_loss":0,"event_name":"Masked Bandits","floor":31,"gold_loss":0},{"damage_healed":0,"gold_gain":0,"player_choice":"Copied","damage_taken":0,"max_hp_gain":0,"max_hp_loss":0,"event_name":"Duplicator","floor":37,"gold_loss":0,"cards_obtained":["Cloak And Dagger"]}],"is_beta":false,"boss_relics":[{"not_picked":["Pandora\u0027s Box","Calling Bell"],"picked":"Cursed Key"},{"not_picked":["Tiny House","SlaversCollar"],"picked":"Empty Cage"}],"items_purged_floors":[5,30,53],"is_endless":false,"potions_floor_spawned":[3,14,16,18,24,31,35,41,42,45,46],"ascension_level":1}}