{"host":"a9gsz7kv8aebwp1f","time":1613211099,"event":{"mods":["AchievementEnabler","BaseMod","Minty Spire (QoL Compilation)"],"gold_per_floor":[116,116,131,131,150,150,164,164,232,232,290,309,319,319,319,420,420,431,0,25,25,39,39,69,69,69,104,116,145,175,187,199,211,211],"floor_reached":33,"language":"KOR","playtime":1636,"items_purged":["Regret"],"score":395,"play_id":"1bbe8df2-bc2c-4ff1-be32-0bef509e9b30","local_time":"20210213191139","is_ascension_mode":true,"campfire_choices":[{"data":"Blood for Blood","floor":6,"key":"SMITH"},{"data":"Whirlwind","floor":8,"key":"SMITH"},{"data":"Hemokinesis","floor":10,"key":"SMITH"},{"floor":15,"key":"REST"},{"floor":23,"key":"REST"},{"floor":28,"key":"REST"},{"floor":32,"key":"REST"}],"circlet_count":0,"master_deck":["AscendersBane","Strike_R+1","Strike_R+1","Strike_R+1","Strike_R+1","Strike_R+1","Defend_R+1","Defend_R+1","Defend_R+1","Defend_R+1","Bash","Hemokinesis+1","Blood for Blood+1","Whirlwind+1","Heavy Blade","Dropkick","Clash","Power Through","Enlightenment","Demon Form","Perfected Strike+1","Deep Breath","Deep Breath","Clash+1","Flame Barrier+1","Armaments","Perfected Strike","Pommel Strike"],"relics":["Burning Blood","NeowsBlessing","War Paint","The Courier","Mummified Hand","Bag of Marbles","SlaversCollar","Oddly Smooth Stone","Omamori","Red Mask","Dead Branch","MawBank","Regal Pillow"],"acts_visited":["Exordium","TheCity"],"potions_floor_usage":[30,33],"damage_taken":[{"damage":0,"enemies":"Cultist","floor":1,"turns":1},{"damage":0,"enemies":"Small Slimes","floor":3,"turns":1},{"damage":0,"enemies":"2 Louse","floor":5,"turns":1},{"damage":24,"enemies":"Large Slime","floor":7,"turns":4},{"damage":30,"enemies":"Gremlin Nob","floor":11,"turns":4},{"damage":21,"enemies":"Exordium Thugs","floor":12,"turns":4},{"damage":2,"enemies":"Looter","floor":13,"turns":1},{"damage":36,"enemies":"Slime Boss","floor":16,"turns":9},{"damage":35,"enemies":"Shell Parasite","floor":18,"turns":3},{"damage":12,"enemies":"Masked Bandits","floor":20,"turns":5},{"damage":20,"enemies":"3 Byrds","floor":22,"turns":6},{"damage":33,"enemies":"Slavers","floor":24,"turns":6},{"damage":35,"enemies":"Centurion and Healer","floor":29,"turns":5},{"damage":6,"enemies":"Snake Plant","floor":30,"turns":2},{"damage":67,"enemies":"Champ","floor":33,"turns":7}],"seed_played":"-3141743865703867272","potions_obtained":[{"floor":1,"key":"CultistPotion"},{"floor":7,"key":"AttackPotion"},{"floor":29,"key":"Block Potion"}],"is_trial":false,"path_per_floor":["M","?","M","?","M","R","M","R","T","R","?","M","M","?","R","B",null,"M","$","?","?","M","R","E","?","T","T","R","M","M","$","R","B"],"character_chosen":"IRONCLAD","items_purchased":["Oddly Smooth Stone","Omamori","Deep Breath","Deep Breath"],"campfire_rested":4,"item_purchase_floors":[19,19,19,19],"current_hp_per_floor":[78,78,80,73,79,79,61,61,61,61,37,22,26,26,50,20,65,36,36,30,35,21,45,18,18,18,18,57,28,28,28,67,0,0],"gold":211,"neow_bonus":"THREE_ENEMY_KILL","is_daily":false,"chose_seed":false,"campfire_upgraded":3,"win_rate":0.0,"timestamp":1613211099,"path_taken":["M","?","M","?","M","R","M","R","T","R","?","M","M","?","R","BOSS","M","$","?","?","?","R","E","?","T","?","R","M","M","?","R","BOSS"],"items_purchased_type":["Relic","Relic","Card","Card"],"build_version":"2020-12-22","purchased_purges":1,"victory":false,"max_hp_per_floor":[80,80,80,80,80,80,80,80,80,80,80,80,80,80,80,80,80,80,80,80,80,80,80,80,80,80,80,80,80,80,80,80,80,80],"card_choices":[{"not_picked":["Seeing Red","Cleave"],"picked":"Hemokinesis","floor":1},{"not_picked":["Twin Strike","Flex"],"picked":"Clash","floor":3},{"not_picked":["Heavy Blade","True Grit"],"picked":"Blood for Blood","floor":5},{"not_picked":["Seeing Red","Burning Pact"],"picked":"Whirlwind","floor":7},{"not_picked":["Perfected Strike","Disarm"],"picked":"Heavy Blade","floor":11},{"not_picked":["Dark Embrace","Barricade"],"picked":"Dropkick","floor":12},{"not_picked":["Warcry","Sword Boomerang"],"picked":"Clash","floor":13},{"not_picked":["Corruption","Bludgeon"],"picked":"Demon Form","floor":16},{"not_picked":["Rage+1","Carnage"],"picked":"Perfected Strike+1","floor":18},{"not_picked":["Inflame+1","Feel No Pain"],"picked":"Clash+1","floor":20},{"not_picked":["Reckless Charge","Body Slam"],"picked":"Flame Barrier+1","floor":22},{"not_picked":["Barricade","Carnage"],"picked":"Armaments","floor":24},{"not_picked":["Bloodletting","Clash"],"picked":"Perfected Strike","floor":29},{"not_picked":["Sword Boomerang","Barricade"],"picked":"Pommel Strike","floor":30}],"player_experience":460792,"relics_obtained":[{"floor":9,"key":"Mummified Hand"},{"floor":11,"key":"Bag of Marbles"},{"floor":20,"key":"Red Mask"},{"floor":24,"key":"Dead Branch"},{"floor":26,"key":"MawBank"},{"floor":27,"key":"Regal Pillow"}],"event_choices":[{"damage_healed":0,"gold_gain":0,"player_choice":"Box","damage_taken":0,"relics_obtained":["War Paint"],"max_hp_gain":0,"max_hp_loss":0,"event_name":"Big Fish","floor":2,"gold_loss":0,"cards_obtained":["Regret"]},{"damage_healed":0,"gold_gain":0,"player_choice":"Success","damage_taken":7,"relics_obtained":["The Courier"],"max_hp_gain":0,"max_hp_loss":0,"event_name":"Scrap Ooze","floor":4,"gold_loss":0},{"damage_healed":0,"gold_gain":0,"player_choice":"Searched \u00271\u0027 times","damage_taken":0,"max_hp_gain":0,"max_hp_loss":0,"event_name":"Dead Adventurer","floor":11,"gold_loss":0},{"damage_healed":0,"gold_gain":0,"player_choice":"2 cards matched","damage_taken":0,"max_hp_gain":0,"max_hp_loss":0,"event_name":"Match and Keep!","floor":14,"gold_loss":0,"cards_obtained":["Power Through","Enlightenment"]},{"damage_healed":0,"gold_gain":0,"player_choice":"Fought Bandits","damage_taken":0,"max_hp_gain":0,"max_hp_loss":0,"event_name":"Masked Bandits","floor":20,"gold_loss":0},{"cards_removed":["Clash"],"damage_healed":5,"gold_gain":0,"player_choice":"Offered Common","damage_taken":0,"max_hp_gain":0,"max_hp_loss":0,"event_name":"Bonfire Elementals","floor":21,"gold_loss":0},{"cards_removed":["Clash"],"damage_healed":5,"gold_gain":0,"player_choice":"Offered Special","damage_taken":0,"max_hp_gain":0,"max_hp_loss":0,"event_name":"Bonfire Elementals","floor":21,"gold_loss":0},{"damage_healed":0,"gold_gain":0,"player_choice":"Simplicity","damage_taken":0,"max_hp_gain":0,"max_hp_loss":0,"event_name":"Back to Basics","floor":25,"gold_loss":0,"cards_upgraded":["Strike_R","Strike_R","Strike_R","Strike_R","Strike_R","Defend_R","Defend_R"]}],"is_beta":false,"boss_relics":[{"not_picked":["Snecko Eye","Mark of Pain"],"picked":"SlaversCollar"}],"items_purged_floors":[19],"is_endless":false,"potions_floor_spawned":[1,7,11,18,24,29],"killed_by":"Champ","ascension_level":11}}