{"host":"050ensmz1fh1c58u","time":1613201898,"event":{"mods":["BaseMod","Downfall","Gremlin Mod","Minty Spire (QoL Compilation)","READ ME - Guardian Mod","StSLib","The Animator","The Bug Knight","The Cursed","The Disciple","The Servant 0.9.4"],"gold_per_floor":[99,119,181,195,207,207,207,226,246,146,173,173,173,196,216,317,317,317,336,353,353,453,488,488,488,252,267,284,296,314,341,351,456,456,356,372,391,401,97,97,176,176,202,432,432,332,332,349,360,360,360,387,199,199,199,199,199,199],"floor_reached":56,"language":"ENG","playtime":5628,"items_purged":["Decay","Decay"],"score":975,"play_id":"e8c312b2-47d7-4656-bf92-6c8334cea4cc","local_time":"20210213083818","is_ascension_mode":true,"campfire_choices":[{"data":"Guardian:TwinSlam","floor":1.0,"key":"SMITH"},{"data":"Guardian:ShieldSpikes","floor":6.0,"key":"SMITH"},{"floor":10.0,"key":"REST"},{"data":"Guardian:TimeBomb","floor":12.0,"key":"SMITH"},{"data":"Guardian:Recover","floor":18.0,"key":"SMITH"},{"data":"Guardian:StasisField","floor":35.0,"key":"SMITH"},{"data":"Guardian:PiercingHide","floor":40.0,"key":"SMITH"},{"floor":42.0,"key":"RECALL"},{"data":"Guardian:Preprogram","floor":46.0,"key":"SMITH"},{"data":"J.A.X.","floor":54,"key":"SMITH"}],"circlet_count":0,"master_deck":["Guardian:Defend_Guardian","Guardian:Defend_Guardian","Guardian:CurlUp+1","Guardian:TwinSlam+1","Bandage Up","Guardian:ShieldSpikes+1","Guardian:Recover+1","Guardian:Incinerate","Guardian:Preprogram+1","Guardian:Incinerate+1","Guardian:TimeBomb+1","Guardian:ExploitGems","Bite","Bite","Bite","Bite","Bite","Guardian:BronzeOrb+1","J.A.X.+1","Guardian:FastForward","Guardian:StasisField+1","Guardian:FloatingOrbs+1","Guardian:PiercingHide+1","Guardian:Recover+1"],"relics":["Guardian:ModeShifter","Bronze Scales","downfall:HeartBlessingBlue","Darkstone Periapt","HornCleat","Odd Mushroom","Cursed Key","MutagenicStrength","champ:DuelingGlove","Mercury Hourglass","Guardian:StasisUpgradeRelic","Ornamental Fan","Sozu","downfall:HeartBlessingGreen","champ:DeflectingBracers","Bottled Lightning","MealTicket","downfall:HeartBlessingRed","Blood Vial","Whetstone"],"acts_visited":["Exordium","TheCity","TheBeyond","TheEnding"],"potions_floor_usage":[56],"damage_taken":[{"damage":1.0,"enemies":"Small Slimes","floor":2.0,"turns":4.0},{"damage":46.0,"enemies":"Lagavulin Event","floor":3.0,"turns":10.0},{"damage":2.0,"enemies":"Jaw Worm","floor":4.0,"turns":4.0},{"damage":1.0,"enemies":"Cultist","floor":5.0,"turns":4.0},{"damage":10.0,"enemies":"Exordium Thugs","floor":8.0,"turns":7.0},{"damage":15.0,"enemies":"Large Slime","floor":9.0,"turns":8.0},{"damage":0.0,"enemies":"HollowMod:MossKnight","floor":11.0,"turns":8.0},{"damage":0.0,"enemies":"The Mushroom Lair","floor":14.0,"turns":2.0},{"damage":0.0,"enemies":"3 Louse","floor":15.0,"turns":3.0},{"damage":46.0,"enemies":"WA_ARCHETYPE_RETAIN","floor":16.0,"turns":10.0},{"damage":7.0,"enemies":"Shell Parasite","floor":19.0,"turns":4.0},{"damage":14.0,"enemies":"Snake Plant","floor":20.0,"turns":4.0},{"damage":39.0,"enemies":"downfall:Augmenter","floor":22.0,"turns":10.0},{"damage":2.0,"enemies":"Gremlin Leader","floor":23.0,"turns":4.0},{"damage":3.0,"enemies":"downfall:FleeingMerchant","floor":26.0,"turns":4.0},{"damage":3.0,"enemies":"Centurion and Healer","floor":27.0,"turns":2.0},{"damage":5.0,"enemies":"Cultist and Chosen","floor":28.0,"turns":4.0},{"damage":14.0,"enemies":"Shelled Parasite and Fungi","floor":29.0,"turns":5.0},{"damage":12.0,"enemies":"Centurion and Healer","floor":30.0,"turns":3.0},{"damage":15.0,"enemies":"HollowMod:Nosk","floor":31.0,"turns":6.0},{"damage":20.0,"enemies":"Snake Plant","floor":32.0,"turns":2.0},{"damage":19.0,"enemies":"IC_MUSHROOM_ARCHETYPE","floor":33.0,"turns":5.0},{"damage":3.0,"enemies":"3 Shapes","floor":36.0,"turns":3.0},{"damage":0.0,"enemies":"Orb Walker","floor":37.0,"turns":2.0},{"damage":1.0,"enemies":"4 Shapes","floor":38.0,"turns":5.0},{"damage":3.0,"enemies":"downfall:FleeingMerchant","floor":39.0,"turns":4.0},{"damage":9.0,"enemies":"Giant Head","floor":43.0,"turns":6.0},{"damage":0.0,"enemies":"downfall:FleeingMerchant","floor":44.0,"turns":2.0},{"damage":6.0,"enemies":"Jaw Worm Horde","floor":48.0,"turns":3.0},{"damage":3.0,"enemies":"Maw","floor":49.0,"turns":6.0},{"damage":31.0,"enemies":"DF_ARCHETYPE_ORBS","floor":50.0,"turns":9.0},{"damage":26,"enemies":"downfall:CharBossMerchant","floor":52,"turns":7},{"damage":22,"enemies":"downfall:NeowBoss","floor":55,"turns":12},{"damage":109,"enemies":"downfall:NeowBossFinal","floor":56,"turns":8}],"seed_played":"2432373516961865808","potions_obtained":[{"floor":3.0,"key":"PowerPotion"},{"floor":8.0,"key":"Weak Potion"},{"floor":9.0,"key":"AttackPotion"},{"floor":14.0,"key":"SpeedPotion"},{"floor":16.0,"key":"Guardian:AcceleratePotion"},{"floor":22.0,"key":"hexamod:SoulburnPotion"},{"floor":28.0,"key":"Explosive Potion"},{"floor":30.0,"key":"ColorlessPotion"},{"floor":31.0,"key":"SkillPotion"}],"is_trial":false,"path_per_floor":["R","M","?","M","M","R","T","M","M","R","E","R","T","?","M","B",null,"R","M","M","?","?","E","T","?","$","M","M","M","M","E","M","B",null,"R","M","M","M","$","R","T","R","E","$","?","R","?","M","M","B",null,"E","$","R","B","B"],"character_chosen":"GUARDIAN","items_purchased":["Guardian:StasisUpgradeRelic","champ:DeflectingBracers","Whetstone","Guardian:Gem_Red"],"campfire_rested":1,"item_purchase_floors":[26,39,53,53],"current_hp_per_floor":[80,80,38,40,43,43,43,37,26,63,67,67,67,67,71,29,90,90,87,77,62,43,57,63,55,66,65,68,57,55,62,52,45,68,68,68,68,67,68,68,74,74,74,74,74,74,74,70,74,65,74,65,74,74,74,0,0,0],"gold":199,"neow_bonus":"RANDOM_COLORLESS","is_daily":false,"chose_seed":false,"campfire_upgraded":8,"win_rate":0.0,"timestamp":1613201898,"path_taken":["R","M","?","M","M","R","T","M","M","R","E","R","?","?","M","BOSS","R","M","M","?","?","E","T","?","$","?","M","?","M","E","M","BOSS","R","M","M","M","$","R","T","R","E","$","?","R","?","M","M","BOSS","E","$","R","BOSS","BOSS"],"items_purchased_type":["Relic","Relic","Relic","Card"],"build_version":"2020-12-22","purchased_purges":2,"victory":false,"max_hp_per_floor":[80,80,80,80,80,80,80,80,80,90,90,90,90,90,90,90,90,90,90,90,62,62,62,68,68,68,68,68,68,68,68,68,68,68,68,68,68,68,68,68,74,74,74,74,74,74,74,74,74,74,74,74,74,74,74,74,74,74],"card_choices":[{"not_picked":["Deep Breath","PanicButton"],"picked":"Bandage Up","floor":0.0},{"not_picked":["Guardian:Recover","Guardian:Reroute"],"picked":"Guardian:Gem_Crimson","floor":2.0},{"not_picked":["Guardian:DonusPower","Guardian:RefractedBeam"],"picked":"Guardian:ShieldSpikes","floor":3.0},{"not_picked":["Guardian:Gem_Cyan","Guardian:Gem_Lightblue"],"picked":"Guardian:Recover","floor":4.0},{"not_picked":["Guardian:Planning","Guardian:PrimingBeam"],"picked":"Guardian:Incinerate","floor":5.0},{"not_picked":["Guardian:WalkerClaw","Guardian:MultiBeam"],"picked":"Guardian:Preprogram","floor":8.0},{"not_picked":["Guardian:Preprogram","Guardian:Recover"],"picked":"Guardian:Incinerate","floor":9.0},{"not_picked":["Guardian:PrismaticBarrier","Guardian:Preprogram"],"picked":"Guardian:TimeBomb","floor":11.0},{"not_picked":["Guardian:Gem_Red","Guardian:TemporalStrike","Guardian:Reroute"],"picked":"SKIP","floor":15.0},{"not_picked":["Guardian:HyperBeam_Guardian","Guardian:FierceBash"],"picked":"Guardian:ExploitGems","floor":16.0},{"not_picked":["Guardian:ChargeCore","Guardian:PiercingHide+1"],"picked":"Guardian:Gem_Lightblue","floor":19.0},{"not_picked":["Guardian:RollAttack","Guardian:PrismaticBarrier"],"picked":"Guardian:Gem_Blue","floor":20.0},{"not_picked":[],"picked":"J.A.X.","floor":22.0},{"not_picked":["Guardian:PrimingBeam","Guardian:WalkerClaw"],"picked":"Guardian:Gem_Yellow","floor":22.0},{"not_picked":["Guardian:TemporalShield","Guardian:PrimingBeam","Guardian:Planning+1"],"picked":"SKIP","floor":23.0},{"not_picked":["Guardian:Repulse+1","Guardian:DecasProtection","Guardian:ShieldCharger"],"picked":"SKIP","floor":26.0},{"not_picked":["Guardian:ShieldSpikes","Guardian:WalkerClaw","Guardian:RollAttack+1"],"picked":"SKIP","floor":27.0},{"not_picked":["Guardian:RollAttack+1","Guardian:GuardianWhirl","Guardian:PrismaticBarrier"],"picked":"SKIP","floor":28.0},{"not_picked":["Guardian:RollAttack","Guardian:Planning","Guardian:Reroute"],"picked":"SKIP","floor":29.0},{"not_picked":["Guardian:TemporalStrike","Guardian:ShieldCharger"],"picked":"Guardian:FastForward","floor":30.0},{"not_picked":["Guardian:TimeCapacitor","Guardian:EvasiveProtocol","Guardian:PrimingBeam"],"picked":"SKIP","floor":31.0},{"not_picked":["Guardian:VentSteam","Guardian:ArmoredProtocol","Guardian:Reroute+1"],"picked":"SKIP","floor":32.0},{"not_picked":["Guardian:StasisEngine","Guardian:GemFire"],"picked":"Guardian:StasisField","floor":33.0},{"not_picked":["Guardian:RollAttack","Guardian:Incinerate+1"],"picked":"Guardian:FloatingOrbs+1","floor":36.0},{"not_picked":["Guardian:CrystalBeam+1","Guardian:Gem_Fragmented"],"picked":"Guardian:PiercingHide","floor":37.0},{"not_picked":["Guardian:VentSteam","Guardian:TemporalShield+1"],"picked":"Guardian:Recover+1","floor":38.0},{"not_picked":["Guardian:WalkerClaw+1","Guardian:TemporalShield+1","Guardian:SentryBeam+1"],"picked":"SKIP","floor":39.0},{"not_picked":["Guardian:Gem_Lightblue","Guardian:BaubleBeam"],"picked":"Guardian:Gem_Fragmented","floor":43.0},{"not_picked":["Guardian:RefractedBeam","Guardian:RollAttack+1","Guardian:DecasProtection"],"picked":"SKIP","floor":44.0},{"not_picked":["Guardian:BodySlam","Guardian:ShieldCharger","Guardian:Suspension"],"picked":"SKIP","floor":48.0},{"not_picked":["Guardian:PiercingHide+1","Guardian:Harden","Guardian:VentSteam+1"],"picked":"SKIP","floor":49.0},{"not_picked":["Guardian:MultiBeam+1","Guardian:Harden"],"picked":"Guardian:Gem_White","floor":52}],"player_experience":1602513,"relics_obtained":[{"floor":3.0,"key":"Bronze Scales"},{"floor":11.0,"key":"Darkstone Periapt"},{"floor":13.0,"key":"HornCleat"},{"floor":14.0,"key":"Odd Mushroom"},{"floor":22.0,"key":"MutagenicStrength"},{"floor":23.0,"key":"champ:DuelingGlove"},{"floor":24.0,"key":"Mercury Hourglass"},{"floor":31.0,"key":"Ornamental Fan"},{"floor":41.0,"key":"Bottled Lightning"},{"floor":43.0,"key":"MealTicket"},{"floor":52,"key":"Blood Vial"}],"event_choices":[{"damage_healed":0.0,"max_hp_gain":0.0,"max_hp_loss":0.0,"gold_gain":0.0,"event_name":"Mushrooms","player_choice":"Fought Mushrooms","floor":14.0,"gold_loss":0.0,"damage_taken":0.0},{"damage_healed":0.0,"max_hp_gain":0.0,"max_hp_loss":28.0,"gold_gain":0.0,"event_name":"Vampires","player_choice":"Became a vampire","floor":21.0,"gold_loss":0.0,"damage_taken":0.0,"cards_obtained":["Bite","Bite","Bite","Bite","Bite"]},{"cards_removed":["Guardian:Repulse"],"damage_healed":0.0,"max_hp_gain":0.0,"max_hp_loss":0.0,"gold_gain":0.0,"event_name":"Falling","player_choice":"Removed Power","floor":45.0,"gold_loss":0.0,"damage_taken":0.0}],"is_beta":false,"boss_relics":[{"not_picked":["Black Star","Busted Crown"],"picked":"Cursed Key"},{"not_picked":["Tiny House","Philosopher\u0027s Stone"],"picked":"Sozu"}],"items_purged_floors":[26,44],"is_endless":false,"potions_floor_spawned":[3,8,9,14,16,22,28,30,31,32,43,49,52],"killed_by":"downfall:NeowBossFinal","ascension_level":4}}