{"host":"9ndbo4kgsfoemf7y","time":1613223693,"event":{"mods":["AchievementEnabler","BaseMod","Colored Map","DeckTracker","Keyboard Shortcuts","Minty Spire (QoL Compilation)","Permanent Neow","Quick Restart","Relic Stats","StSLib","SuperFastMode"],"gold_per_floor":[114,129,129,149,161,191,191,221,221,221,296,296,314,348,348,447,447,447,447],"floor_reached":18,"language":"KOR","playtime":503,"items_purged":[],"score":261,"play_id":"ab3e3206-6ffe-4fff-9546-1bbc9821e8ab","local_time":"20210213224133","is_ascension_mode":true,"campfire_choices":[{"data":"Hologram","floor":7.0,"key":"SMITH"},{"floor":10.0,"key":"REST"},{"floor":12.0,"key":"REST"},{"data":"Sunder","floor":15.0,"key":"SMITH"}],"circlet_count":0,"master_deck":["Strike_B","Strike_B","Strike_B","Strike_B","Defend_B","Defend_B","Defend_B","Defend_B","Zap","Dualcast","BootSequence","Sunder+1","Self Repair","Reboot","Hologram+1","Ball Lightning","Compile Driver+1","Echo Form"],"relics":["Cracked Core","Ice Cream","Blood Vial","Meat on the Bone","Molten Egg 2","Tiny Chest","Runic Pyramid"],"acts_visited":["Exordium","TheCity"],"potions_floor_usage":[],"damage_taken":[{"damage":10.0,"enemies":"Small Slimes","floor":1.0,"turns":3.0},{"damage":1.0,"enemies":"Cultist","floor":2.0,"turns":3.0},{"damage":0.0,"enemies":"2 Louse","floor":4.0,"turns":2.0},{"damage":20.0,"enemies":"Large Slime","floor":5.0,"turns":5.0},{"damage":15.0,"enemies":"Lagavulin","floor":6.0,"turns":7.0},{"damage":30.0,"enemies":"3 Sentries","floor":8.0,"turns":5.0},{"damage":4.0,"enemies":"Red Slaver","floor":13.0,"turns":4.0},{"damage":32.0,"enemies":"Gremlin Nob","floor":14.0,"turns":4.0},{"damage":35.0,"enemies":"Slime Boss","floor":16.0,"turns":8.0},{"damage":69,"enemies":"3 Byrds","floor":18,"turns":4}],"seed_played":"8158936751450176997","potions_obtained":[{"floor":4.0,"key":"SteroidPotion"},{"floor":5.0,"key":"Explosive Potion"},{"floor":8.0,"key":"Fire Potion"},{"floor":16.0,"key":"Strength Potion"}],"is_trial":false,"path_per_floor":["M","M","?","M","M","E","R","E","T","R","?","R","M","E","R","B",null,"M"],"character_chosen":"DEFECT","items_purchased":[],"campfire_rested":2,"item_purchase_floors":[],"current_hp_per_floor":[58,57,57,57,44,36,36,15,15,37,26,48,53,42,42,28,63,0,0],"gold":447,"neow_bonus":"ONE_RARE_RELIC","is_daily":false,"chose_seed":false,"campfire_upgraded":2,"win_rate":0.0,"timestamp":1613223693,"path_taken":["M","M","?","M","?","E","R","E","T","R","?","R","M","E","R","BOSS","M"],"items_purchased_type":[],"build_version":"2020-12-22","purchased_purges":0,"victory":false,"max_hp_per_floor":[75,75,75,75,75,75,75,75,75,75,75,75,75,75,75,75,75,75,75],"relic_stats":{"Blood Vial":10,"counters":[10,45],"Tiny Chest":0,"obtain_stats":[{"Ice Cream":0,"Blood Vial":6,"Molten Egg 2":9,"Tiny Chest":14,"Cracked Core":0,"Meat on the Bone":8,"Runic Pyramid":17},{"Ice Cream":0,"Blood Vial":5,"Molten Egg 2":6,"Tiny Chest":8,"Cracked Core":0,"Meat on the Bone":6,"Runic Pyramid":9},{"Ice Cream":0,"Blood Vial":20,"Molten Egg 2":25,"Tiny Chest":33,"Cracked Core":0,"Meat on the Bone":25,"Runic Pyramid":41}],"Meat on the Bone":24},"card_choices":[{"not_picked":["Compile Driver","Reinforced Body"],"picked":"BootSequence","floor":1.0},{"not_picked":["Streamline","Barrage"],"picked":"Sunder","floor":2.0},{"not_picked":["BootSequence","Barrage"],"picked":"Self Repair","floor":4.0},{"not_picked":["Streamline","Rip and Tear"],"picked":"Reboot","floor":5.0},{"not_picked":["Steam","Thunder Strike"],"picked":"Hologram","floor":6.0},{"not_picked":["Barrage","Darkness"],"picked":"Ball Lightning","floor":8.0},{"not_picked":["Stack","Static Discharge"],"picked":"Compile Driver+1","floor":13.0},{"not_picked":["Barrage+1","Undo","Ball Lightning+1"],"picked":"SKIP","floor":14.0},{"not_picked":["Biased Cognition","Reboot"],"picked":"Echo Form","floor":16.0}],"player_experience":864279,"relics_obtained":[{"floor":6.0,"key":"Blood Vial"},{"floor":8.0,"key":"Meat on the Bone"},{"floor":9.0,"key":"Molten Egg 2"},{"floor":14.0,"key":"Tiny Chest"}],"event_choices":[{"cards_removed":["Writhe"],"damage_healed":0.0,"max_hp_gain":0.0,"max_hp_loss":0.0,"gold_gain":0.0,"event_name":"Wheel of Change","player_choice":"Card Removal","floor":3.0,"gold_loss":0.0,"damage_taken":0.0},{"damage_healed":0.0,"max_hp_gain":0.0,"max_hp_loss":0.0,"gold_gain":75.0,"event_name":"World of Goop","player_choice":"Gather Gold","floor":11.0,"gold_loss":0.0,"damage_taken":11.0}],"is_beta":false,"boss_relics":[{"not_picked":["Coffee Dripper","Ectoplasm"],"picked":"Runic Pyramid"}],"items_purged_floors":[],"is_endless":false,"potions_floor_spawned":[4,5,8,16],"killed_by":"3 Byrds","ascension_level":9}}