{"host":"hpn0uxah5qjr7pa6","time":1613248868,"event":{"mods":["2.2 Compatiblity","Act Like it!","Aspiration","BaseMod","Better Third Choice","BetterRewards","Challenge The Spire","Colored Powertips","Conspire","DeckTracker","Downfall","Energized Spire","Hallownest","Hermit","Highlight Path","Hubris","Infinite Spire","Minty Spire (QoL Compilation)","Permanent Neow","Quick Restart","Rare Cards Sparkle","Replay The Spire","Spicy Shops","StSLib","The Bug Knight","The Jungle"],"gold_per_floor":[15,32,43,28,28,13,88,88,73,102,12,25,25,38,38,138,138,155,175,195,195,210,210,210,210],"floor_reached":23,"language":"ENG","playtime":903,"items_purged":["bronze:ForLoop"],"score":280,"play_id":"3d95b778-d934-4662-918a-caacfd98713e","local_time":"20210213124108","is_ascension_mode":true,"campfire_choices":[{"floor":8,"key":"REST"},{"floor":15,"key":"REST"}],"circlet_count":0,"master_deck":["bronze:Strike","bronze:Strike","bronze:Strike","bronze:Strike","bronze:Defend","bronze:Defend","bronze:Defend","bronze:Defend","bronze:Replicate","bronze:DelayedSlice","bronze:OilSpill","bronze:OilSpill","bronze:Repair","bronze:OilSpill","bronze:Repair"],"relics":["bronze:BronzeCore","Replay:Bottled Steam","aspiration:Lifesprig","infinitespire:FocusingShard","bronze:MakeshiftBattery"],"acts_visited":["Exordium","TheCity"],"potions_floor_usage":[6,16,16,18,23],"damage_taken":[{"damage":11,"enemies":"Small Slimes","floor":1,"turns":5},{"damage":0,"enemies":"Cultist","floor":2,"turns":4},{"damage":0,"enemies":"2 Louse","floor":3,"turns":1},{"damage":5,"enemies":"downfall:FleeingMerchant","floor":4,"turns":4},{"damage":10,"enemies":"downfall:FleeingMerchant","floor":6,"turns":4},{"damage":15,"enemies":"downfall:FleeingMerchant","floor":9,"turns":4},{"damage":25,"enemies":"Gremlin Nob","floor":10,"turns":4},{"damage":10,"enemies":"downfall:FleeingMerchant","floor":11,"turns":4},{"damage":13,"enemies":"Exordium Wildlife","floor":12,"turns":2},{"damage":0,"enemies":"Large Slime","floor":14,"turns":3},{"damage":16,"enemies":"SI_SHIV_ARCHETYPE","floor":16,"turns":5},{"damage":1,"enemies":"Spheric Guardian","floor":18,"turns":3},{"damage":26,"enemies":"Centurion and Healer","floor":19,"turns":6},{"damage":56,"enemies":"Snecko","floor":20,"turns":6},{"damage":22,"enemies":"conspire:HollyBat","floor":22,"turns":7},{"damage":27,"enemies":"Sentry and Sphere","floor":23,"turns":5}],"seed_played":"-4434838929562434446","potions_obtained":[{"floor":3,"key":"Slimebound:ThreeZeroPotion"},{"floor":12,"key":"hexamod:SoulburnPotion"},{"floor":14,"key":"hexamod:SoulburnPotion"},{"floor":16,"key":"Fire Potion"},{"floor":22,"key":"Swift Potion"}],"is_trial":false,"path_per_floor":["M","M","M","$","?","$","T","R","$","E","$","M","T","M","R","B",null,"M","M","M","?","M","M"],"character_chosen":"THE_AUTOMATON","items_purchased":[],"campfire_rested":2,"item_purchase_floors":[],"current_hp_per_floor":[66,66,66,61,61,51,51,76,61,43,40,27,27,34,59,57,77,83,70,28,28,20,0,0,0],"gold":210,"neow_bonus":"TWENTY_PERCENT_HP_BONUS","is_daily":false,"chose_seed":false,"campfire_upgraded":0,"win_rate":0.0,"timestamp":1613248868,"path_taken":["M","M","M","$","?","$","T","R","?","E","?","M","?","?","R","BOSS","M","M","M","?","?","M"],"items_purchased_type":[],"build_version":"2020-12-22","purchased_purges":1,"victory":false,"max_hp_per_floor":[84,84,84,84,84,84,84,84,84,84,84,84,84,84,84,84,84,84,84,84,84,84,84,84,84],"card_choices":[{"not_picked":["bronze:MaxOutput","bronze:FollowUp"],"picked":"bronze:DelayedSlice","floor":1},{"not_picked":["bronze:Deprecate","bronze:Refactor"],"picked":"bronze:OilSpill","floor":2},{"not_picked":["bronze:BugBarrage","bronze:BuggyMess"],"picked":"bronze:OilSpill","floor":3},{"not_picked":["bronze:ThunderWave","bronze:Turbo","bronze:DelayedSlice"],"picked":"SKIP","floor":4},{"not_picked":["bronze:BitShift","bronze:DelayedGuard","bronze:Overload"],"picked":"SKIP","floor":6},{"not_picked":["bronze:Separator","bronze:DelayedSlice"],"picked":"bronze:Repair","floor":9},{"not_picked":["bronze:BuggyMess","bronze:Deprecate"],"picked":"bronze:OilSpill","floor":10},{"not_picked":["bronze:WildBeam","bronze:FindAndReplace","bronze:BitShift"],"picked":"SKIP","floor":11},{"not_picked":["bronze:Refactor","bronze:Allocate","bronze:CutThrough"],"picked":"SKIP","floor":12},{"not_picked":["bronze:Safeguard","bronze:Boost"],"picked":"bronze:Repair","floor":14},{"not_picked":["bronze:DelayedGuard","bronze:ForLoop","bronze:Flail"],"picked":"SKIP","floor":18},{"not_picked":["bronze:Overheat","bronze:Library","bronze:Iterate"],"picked":"SKIP","floor":19},{"not_picked":["bronze:DelayedGuard","bronze:CutThrough","bronze:Frontload"],"picked":"SKIP","floor":20},{"not_picked":["bronze:WhirlingStrike","bronze:NullPointer","bronze:Constructor"],"picked":"SKIP","floor":22}],"player_experience":235563,"relics_obtained":[{"floor":7,"key":"Replay:Bottled Steam"},{"floor":10,"key":"aspiration:Lifesprig"},{"floor":13,"key":"infinitespire:FocusingShard"}],"event_choices":[],"is_beta":false,"boss_relics":[{"not_picked":["Kintsugi","Replay:Bronze Core"],"picked":"bronze:MakeshiftBattery"}],"items_purged_floors":[11],"is_endless":false,"potions_floor_spawned":[3,12,14,16,22],"killed_by":"Sentry and Sphere","ascension_level":9}}