{"host":"4t0z2wyk4ymtbfy7","time":1613213248,"event":{"mods":["AchievementEnabler","BaseMod","Colored Map","Colored Powertips","DeckTracker","Keyboard Shortcuts","Marisa£¨Ùöéë¡¡Øª×âÞÞ£©","Minty Spire (QoL Compilation)","SuperFastMode","Td1madao Mod"],"gold_per_floor":[109,122,122,122,137,167,185,217,242,242,255,267,243,262,262,262,262],"floor_reached":16,"language":"KOR","playtime":538,"items_purged":[],"score":154,"play_id":"0bb8f634-61ab-48b7-babf-a2167fe6f0a9","local_time":"20210213194728","is_ascension_mode":true,"campfire_choices":[{"floor":10.0,"key":"REST"},{"floor":15.0,"key":"REST"}],"circlet_count":0,"master_deck":["Strike_G","Strike_G","Strike_G","Strike_G","Strike_G","Defend_G","Defend_G","Defend_G","Defend_G","Defend_G","Survivor","Neutralize","Blade Dance","Slice","Blade Dance","Slice","Storm of Steel","Cloak And Dagger","Caltrops","Blade Dance"],"relics":["Ring of the Snake","Omamori","Bag of Marbles","Boot","Dream Catcher"],"acts_visited":[],"potions_floor_usage":[],"damage_taken":[{"damage":2.0,"enemies":"Small Slimes","floor":1.0,"turns":6.0},{"damage":2.0,"enemies":"2 Louse","floor":2.0,"turns":4.0},{"damage":1.0,"enemies":"Cultist","floor":5.0,"turns":3.0},{"damage":21.0,"enemies":"Gremlin Nob","floor":6.0,"turns":4.0},{"damage":2.0,"enemies":"Exordium Wildlife","floor":7.0,"turns":4.0},{"damage":32.0,"enemies":"Lagavulin","floor":8.0,"turns":8.0},{"damage":3.0,"enemies":"Looter","floor":11.0,"turns":2.0},{"damage":12.0,"enemies":"Lots of Slimes","floor":12.0,"turns":3.0},{"damage":12.0,"enemies":"Exordium Wildlife","floor":14.0,"turns":3.0},{"damage":9,"enemies":"Slime Boss","floor":16,"turns":5}],"seed_played":"-4545476047738844944","potions_obtained":[{"floor":1.0,"key":"SteroidPotion"},{"floor":6.0,"key":"BlessingOfTheForge"},{"floor":7.0,"key":"Swift Potion"},{"floor":11.0,"key":"DistilledChaos"}],"is_trial":false,"path_per_floor":["M","M","?","?","M","E","M","E","T","R","M","M","$","M","R","B"],"character_chosen":"THE_SILENT","items_purchased":["Cloak And Dagger"],"campfire_rested":2,"item_purchase_floors":[13],"current_hp_per_floor":[61,59,47,80,79,58,56,24,24,48,45,33,33,21,45,36,36],"gold":262,"neow_bonus":"ONE_RANDOM_RARE_CARD","is_daily":false,"chose_seed":false,"campfire_upgraded":0,"win_rate":0.0,"timestamp":1613213248,"path_taken":["M","M","?","?","?","E","M","E","T","R","M","M","$","M","R","BOSS"],"items_purchased_type":["Card"],"build_version":"2020-12-22","purchased_purges":0,"victory":false,"max_hp_per_floor":[70,70,70,80,80,80,80,80,80,80,80,80,80,80,80,80,80],"card_choices":[{"not_picked":["Concentrate","Prepared","Backflip"],"picked":"SKIP","floor":1.0},{"not_picked":["Escape Plan","All Out Attack"],"picked":"Blade Dance","floor":2.0},{"not_picked":["Dagger Spray","Flying Knee","Sucker Punch"],"picked":"SKIP","floor":5.0},{"not_picked":["Tactician","Eviscerate","Flying Knee"],"picked":"SKIP","floor":6.0},{"not_picked":["Expertise","Footwork"],"picked":"Slice","floor":7.0},{"not_picked":["Terror","Sucker Punch"],"picked":"Blade Dance","floor":8.0},{"not_picked":["Sucker Punch","Deflect"],"picked":"Slice","floor":11.0},{"not_picked":["Tactician","Dodge and Roll"],"picked":"Storm of Steel","floor":12.0},{"not_picked":["Dagger Spray","Distraction"],"picked":"Caltrops","floor":14.0},{"not_picked":["Outmaneuver","Flechettes"],"picked":"Blade Dance","floor":15.0}],"player_experience":97645,"relics_obtained":[{"floor":6.0,"key":"Bag of Marbles"},{"floor":8.0,"key":"Boot"},{"floor":9.0,"key":"Dream Catcher"}],"event_choices":[{"damage_healed":0.0,"max_hp_gain":0.0,"max_hp_loss":0.0,"gold_gain":0.0,"event_name":"Scrap Ooze","player_choice":"Success","floor":3.0,"gold_loss":0.0,"damage_taken":12.0,"relics_obtained":["Omamori"]},{"cards_removed":["Envenom"],"damage_healed":23.0,"max_hp_gain":10.0,"max_hp_loss":0.0,"gold_gain":0.0,"event_name":"Bonfire Elementals","player_choice":"Offered Rare","floor":4.0,"gold_loss":0.0,"damage_taken":0.0}],"is_beta":false,"boss_relics":[],"items_purged_floors":[],"is_endless":false,"potions_floor_spawned":[1,6,7,11,12],"killed_by":"Slime Boss","ascension_level":7}}