{"host":"rmt60uil2jppa14k","time":1613232989,"event":{"mods":["AchievementEnabler","BaseMod","Better Third Choice","Colored Powertips","Downfall","Highlight Path","Minty Spire (QoL Compilation)","Quick Restart","Rare Cards Sparkle","Shop Mod","StSLib"],"gold_per_floor":[113,124,53,53,68,68,84,84,84,103,118,118,136,136,136,238,238,258,258,258,258],"floor_reached":20,"language":"ENG","playtime":586,"items_purged":[],"score":216,"play_id":"2258fe91-5cfe-490a-8244-e122709f6591","local_time":"20210213161629","is_ascension_mode":false,"campfire_choices":[{"floor":6.0,"key":"REST"},{"data":"Hello World","floor":8.0,"key":"SMITH"},{"floor":15.0,"key":"REST"}],"circlet_count":0,"master_deck":["Strike_B","Strike_B","Strike_B","Strike_B","Defend_B","Defend_B","Defend_B","Defend_B","Zap+1","Dualcast","Compile Driver","Beam Cell","Hello World+1","Stack","Ball Lightning","Conserve Battery","Self Repair","Glacier","Zap","Steam","Tempest","Creative AI","Loop","downfall:Bewildered"],"relics":["Cracked Core","FossilizedHelix","sneckomod:BabySnecko"],"acts_visited":["Exordium","TheCity"],"potions_floor_usage":[],"damage_taken":[{"damage":5.0,"enemies":"Small Slimes","floor":1.0,"turns":3.0},{"damage":9.0,"enemies":"2 Louse","floor":2.0,"turns":3.0},{"damage":1.0,"enemies":"Cultist","floor":5.0,"turns":3.0},{"damage":14.0,"enemies":"3 Louse","floor":7.0,"turns":3.0},{"damage":8.0,"enemies":"Exordium Thugs","floor":10.0,"turns":4.0},{"damage":0.0,"enemies":"2 Fungi Beasts","floor":11.0,"turns":3.0},{"damage":1.0,"enemies":"Red Slaver","floor":13.0,"turns":3.0},{"damage":0.0,"enemies":"Hexaghost","floor":16.0,"turns":9.0},{"damage":10,"enemies":"Spheric Guardian","floor":18,"turns":4},{"damage":85,"enemies":"Masked Bandits","floor":20,"turns":5}],"seed_played":"-4560755001515881858","potions_obtained":[{"floor":2.0,"key":"FocusPotion"},{"floor":7.0,"key":"GamblersBrew"},{"floor":11.0,"key":"EssenceOfSteel"}],"is_trial":false,"path_per_floor":["M","M","$","?","M","R","M","R","T","M","M","?","M","?","R","B",null,"M","?","?"],"character_chosen":"DEFECT","items_purchased":["Hello World"],"campfire_rested":2,"item_purchase_floors":[3],"current_hp_per_floor":[70,61,61,61,60,75,61,61,61,53,53,53,52,52,74,74,75,72,72,0,0],"gold":258,"neow_bonus":"UPGRADE_CARD","is_daily":false,"chose_seed":false,"campfire_upgraded":1,"win_rate":0.0,"timestamp":1613232989,"path_taken":["M","M","$","?","M","R","M","R","T","M","M","?","?","?","R","BOSS","M","?","?"],"items_purchased_type":["Card"],"build_version":"2020-12-22","purchased_purges":0,"victory":false,"max_hp_per_floor":[75,75,75,75,75,75,75,75,75,75,75,75,75,75,75,75,75,75,75,75,75],"card_choices":[{"not_picked":["Fusion","Steam"],"picked":"Compile Driver","floor":1.0},{"not_picked":["Force Field","Compile Driver"],"picked":"Beam Cell","floor":2.0},{"not_picked":["Cold Snap","Consume"],"picked":"Stack","floor":5.0},{"not_picked":["Stack","Coolheaded"],"picked":"Ball Lightning","floor":7.0},{"not_picked":["Barrage","Compile Driver"],"picked":"Conserve Battery","floor":10.0},{"not_picked":["Ball Lightning","Streamline"],"picked":"Self Repair","floor":11.0},{"not_picked":["All For One","Go for the Eyes"],"picked":"Tempest","floor":13.0},{"not_picked":["Hyperbeam","Fission"],"picked":"Creative AI","floor":16.0},{"not_picked":["Darkness","Rebound"],"picked":"Loop","floor":18}],"player_experience":180222,"relics_obtained":[{"floor":9.0,"key":"FossilizedHelix"}],"event_choices":[{"damage_healed":0.0,"max_hp_gain":0.0,"max_hp_loss":0.0,"gold_gain":0.0,"event_name":"The Cleric","player_choice":"Leave","floor":4.0,"gold_loss":0.0,"damage_taken":0.0},{"damage_healed":0.0,"max_hp_gain":0.0,"max_hp_loss":0.0,"gold_gain":0.0,"event_name":"Match and Keep!","player_choice":"3 cards matched","floor":12.0,"gold_loss":0.0,"damage_taken":0.0,"cards_obtained":["Glacier","Zap","Steam"]},{"damage_healed":0.0,"max_hp_gain":0.0,"max_hp_loss":0.0,"gold_gain":0.0,"event_name":"Golden Wing","player_choice":"Ignored","floor":14.0,"gold_loss":0.0,"damage_taken":0.0},{"damage_healed":0,"gold_gain":0,"player_choice":"Fought Bandits","damage_taken":0,"max_hp_gain":0,"max_hp_loss":0,"event_name":"Masked Bandits","floor":20,"gold_loss":0}],"is_beta":false,"boss_relics":[{"not_picked":["SlaversCollar","Astrolabe","Pandora\u0027s Box"]}],"items_purged_floors":[],"is_endless":false,"potions_floor_spawned":[2,7,11],"killed_by":"Masked Bandits","ascension_level":0}}