{"host":"mnpd8gh7cwxsn5kh","time":1613240488,"event":{"mods":["BaseMod","Bestiary","Block Reminder","Colored Map","Colored Powertips","Highlight Path","Minty Spire (QoL Compilation)","Relic Sorter","Relic Stats"],"gold_per_floor":[17,27,77,88,101,134,134,162,162,162,162,181,214,228,228,305,305,317,317,330,66,78,108,120,170,170,183,198,224,235,245,245,317,317,331,331,9,9,24,51,51,63,63,83,100,126,30,2,2,2],"floor_reached":51,"language":"ENG","playtime":5160,"items_purged":[],"score":1351,"play_id":"0640a792-0226-48f1-82ca-ce7cad33569f","local_time":"20210213192128","is_ascension_mode":true,"campfire_choices":[{"data":"Masterful Stab","floor":7,"key":"SMITH"},{"data":"Quick Slash","floor":10,"key":"SMITH"},{"data":"Footwork","floor":15,"key":"SMITH"},{"data":"Blade Dance","floor":32,"key":"SMITH"},{"floor":49,"key":"REST"}],"circlet_count":0,"master_deck":["AscendersBane","Survivor","Footwork+1","Leg Sweep","PiercingWail","Blade Dance","Masterful Stab+1","Bouncing Flask","Burst","Quick Slash+1","Blade Dance","Tools of the Trade+1","Calculated Gamble","Wraith Form v2+1","Footwork+1","Doppelganger","PiercingWail","Blade Dance+1","Die Die Die","Burst","Finisher","Dagger Throw","Underhanded Strike+1","Leg Sweep+1","Underhanded Strike+1","Crippling Poison+1","Blade Dance+1","After Image+1","Venomology+1","Calculated Gamble+1","Wraith Form v2+1","Finisher","Accuracy+1","Blade Dance+1","Good Instincts+1","Acrobatics+1"],"relics":["Ring of the Snake","Anchor","Strawberry","Lantern","Frozen Egg 2","Pandora\u0027s Box","Toxic Egg 2","HornCleat","Bottled Flame","Bottled Tornado","Meat on the Bone","Fusion Hammer","TwistedFunnel","Toy Ornithopter","Pen Nib","Du-Vu Doll","Whetstone"],"acts_visited":["Exordium","TheCity","TheBeyond"],"potions_floor_usage":[6,13,16,22,23,23,29,31,35,40,40,42,44,45,45,50,50,50],"damage_taken":[{"damage":0,"enemies":"Jaw Worm","floor":1,"turns":6},{"damage":0,"enemies":"Cultist","floor":2,"turns":5},{"damage":0,"enemies":"Small Slimes","floor":4,"turns":4},{"damage":1,"enemies":"Red Slaver","floor":5,"turns":5},{"damage":8,"enemies":"Gremlin Nob","floor":6,"turns":4},{"damage":15,"enemies":"3 Sentries","floor":8,"turns":12},{"damage":0,"enemies":"2 Fungi Beasts","floor":12,"turns":1},{"damage":2,"enemies":"Gremlin Nob","floor":13,"turns":3},{"damage":1,"enemies":"Exordium Thugs","floor":14,"turns":4},{"damage":16,"enemies":"Hexaghost","floor":16,"turns":10},{"damage":3,"enemies":"Spheric Guardian","floor":18,"turns":3},{"damage":3,"enemies":"Chosen","floor":20,"turns":5},{"damage":3,"enemies":"Shelled Parasite and Fungi","floor":22,"turns":6},{"damage":2,"enemies":"Gremlin Leader","floor":23,"turns":4},{"damage":15,"enemies":"Chosen and Byrds","floor":24,"turns":5},{"damage":0,"enemies":"Snecko","floor":27,"turns":3},{"damage":0,"enemies":"Centurion and Healer","floor":28,"turns":5},{"damage":1,"enemies":"Book of Stabbing","floor":29,"turns":3},{"damage":12,"enemies":"Chosen and Byrds","floor":30,"turns":5},{"damage":0,"enemies":"Snake Plant","floor":31,"turns":3},{"damage":39,"enemies":"Automaton","floor":33,"turns":10},{"damage":0,"enemies":"Orb Walker","floor":35,"turns":3},{"damage":0,"enemies":"3 Darklings","floor":39,"turns":3},{"damage":10,"enemies":"Nemesis","floor":40,"turns":5},{"damage":5,"enemies":"Maw","floor":42,"turns":7},{"damage":0,"enemies":"Transient","floor":44,"turns":5},{"damage":3,"enemies":"Writhing Mass","floor":45,"turns":4},{"damage":7,"enemies":"Giant Head","floor":46,"turns":6},{"damage":41,"enemies":"Awakened One","floor":50,"turns":10}],"seed_played":"-6237898485462972264","potions_obtained":[{"floor":4,"key":"CunningPotion"},{"floor":6,"key":"DistilledChaos"},{"floor":8,"key":"Poison Potion"},{"floor":12,"key":"CunningPotion"},{"floor":13,"key":"BlessingOfTheForge"},{"floor":20,"key":"Weak Potion"},{"floor":22,"key":"ColorlessPotion"},{"floor":24,"key":"SneckoOil"},{"floor":28,"key":"Poison Potion"},{"floor":29,"key":"Swift Potion"},{"floor":33,"key":"PowerPotion"},{"floor":44,"key":"Block Potion"},{"floor":46,"key":"SkillPotion"}],"is_trial":false,"path_per_floor":["M","M","?","M","M","E","R","E","T","R","?","M","E","M","R","B",null,"M","T","M","$","M","E","M","?","T","M","M","E","M","M","R","B",null,"M","?","$","?","M","E","?","M","T","M","M","E","$","$","R","B",null],"character_chosen":"THE_SILENT","items_purchased":["HornCleat","TwistedFunnel","Toy Ornithopter","Good Instincts+1","Acrobatics+1"],"campfire_rested":1,"item_purchase_floors":[21,37,37,47,48],"current_hp_per_floor":[59,59,59,59,58,50,50,42,42,42,42,42,40,39,39,23,61,58,58,55,55,52,50,35,35,35,35,35,34,34,46,46,19,60,60,60,60,60,60,59,59,69,69,69,66,59,59,59,69,40],"gold":2,"neow_bonus":"TRANSFORM_TWO_CARDS","is_daily":false,"chose_seed":false,"campfire_upgraded":4,"win_rate":0.0,"timestamp":1613240488,"path_taken":["M","M","?","M","?","E","R","E","T","R","?","M","E","M","R","BOSS","M","?","M","$","M","E","M","?","T","M","?","E","M","M","R","BOSS","M","?","$","?","M","E","?","?","T","M","M","E","?","$","R","BOSS"],"items_purchased_type":["Relic","Relic","Relic","Card","Card"],"build_version":"2020-12-22","purchased_purges":0,"victory":true,"max_hp_per_floor":[66,66,66,66,66,66,66,73,73,73,73,73,73,73,73,73,73,73,73,73,73,73,73,73,73,73,73,73,73,73,73,73,73,73,73,73,73,69,69,69,69,69,69,69,69,69,69,69,69,69],"relic_stats":{"counters":[29,149],"Pandora\u0027s Box":["Footwork","Doppelganger","PiercingWail","Blade Dance","Die Die Die","Burst","Distraction","Finisher"],"Pen Nib":[17],"Whetstone":["Underhanded Strike","Underhanded Strike"],"obtain_stats":[{"TwistedFunnel":37,"Lantern":9,"Pen Nib":40,"Whetstone":46,"Frozen Egg 2":13,"Bottled Tornado":26,"Du-Vu Doll":43,"Anchor":6,"Bottled Flame":23,"HornCleat":21,"Strawberry":8,"Pandora\u0027s Box":17,"Fusion Hammer":34,"Toxic Egg 2":19,"Toy Ornithopter":37,"Ring of the Snake":0,"Meat on the Bone":29},{"TwistedFunnel":22,"Lantern":6,"Pen Nib":24,"Whetstone":28,"Frozen Egg 2":8,"Bottled Tornado":15,"Du-Vu Doll":25,"Anchor":5,"Bottled Flame":14,"HornCleat":12,"Strawberry":6,"Pandora\u0027s Box":10,"Fusion Hammer":21,"Toxic Egg 2":11,"Toy Ornithopter":22,"Ring of the Snake":0,"Meat on the Bone":18},{"TwistedFunnel":109,"Lantern":36,"Pen Nib":117,"Whetstone":139,"Frozen Egg 2":40,"Bottled Tornado":77,"Du-Vu Doll":124,"Anchor":24,"Bottled Flame":72,"HornCleat":62,"Strawberry":36,"Pandora\u0027s Box":54,"Fusion Hammer":106,"Toxic Egg 2":57,"Toy Ornithopter":109,"Ring of the Snake":0,"Meat on the Bone":88}],"Toy Ornithopter":14,"Ring of the Snake":[58],"Meat on the Bone":48},"card_choices":[{"not_picked":["Acrobatics","Prepared"],"picked":"PiercingWail","floor":1},{"not_picked":["Leg Sweep","Deadly Poison"],"picked":"Blade Dance","floor":2},{"not_picked":["Cloak And Dagger","Backstab"],"picked":"Masterful Stab","floor":4},{"not_picked":["Dodge and Roll","PiercingWail"],"picked":"Bouncing Flask","floor":5},{"not_picked":["Underhanded Strike","Choke"],"picked":"Burst","floor":6},{"not_picked":["Underhanded Strike","Well Laid Plans"],"picked":"Quick Slash","floor":8},{"not_picked":["Distraction","Deflect"],"picked":"Blade Dance","floor":12},{"not_picked":["Deflect","Night Terror"],"picked":"Tools of the Trade+1","floor":13},{"not_picked":["Crippling Poison","Cloak And Dagger"],"picked":"Calculated Gamble","floor":14},{"not_picked":["Storm of Steel","Malaise"],"picked":"Wraith Form v2+1","floor":16},{"not_picked":["Slice","Poisoned Stab"],"picked":"Dagger Throw","floor":18},{"not_picked":["Poisoned Stab","Outmaneuver+1","Dagger Spray"],"picked":"SKIP","floor":20},{"not_picked":["Predator","Bane","Dagger Spray"],"picked":"SKIP","floor":22},{"not_picked":["Predator","Bane","Dagger Spray"],"picked":"SKIP","floor":22},{"not_picked":["Predator","Bane","Dagger Spray"],"picked":"SKIP","floor":22},{"not_picked":["Choke","PiercingWail+1"],"picked":"Underhanded Strike","floor":23},{"not_picked":["Underhanded Strike","Setup+1"],"picked":"Leg Sweep+1","floor":24},{"not_picked":["Outmaneuver+1","Heel Hook"],"picked":"Underhanded Strike","floor":27},{"not_picked":["Eviscerate","Expertise+1"],"picked":"Crippling Poison+1","floor":28},{"not_picked":["Predator","Eviscerate","Deadly Poison+1"],"picked":"SKIP","floor":29},{"not_picked":["Calculated Gamble+1","Quick Slash"],"picked":"Blade Dance+1","floor":30},{"not_picked":["Dagger Throw","Prepared+1"],"picked":"After Image+1","floor":31},{"not_picked":["Tools of the Trade+1","Doppelganger+1"],"picked":"Venomology+1","floor":33},{"not_picked":["Slice","Outmaneuver+1","Underhanded Strike"],"picked":"SKIP","floor":35},{"not_picked":["Slice","Quick Slash"],"picked":"Calculated Gamble+1","floor":39},{"not_picked":["Concentrate+1","Dagger Throw+1"],"picked":"Wraith Form v2+1","floor":40},{"not_picked":["Underhanded Strike","Distraction+1","Dagger Spray"],"picked":"SKIP","floor":42},{"not_picked":["PiercingWail+1","Quick Slash"],"picked":"Finisher","floor":44},{"not_picked":["Skewer","PiercingWail+1"],"picked":"Accuracy+1","floor":45},{"not_picked":["Tactician+1","Skewer"],"picked":"Blade Dance+1","floor":46}],"player_experience":513195,"relics_obtained":[{"floor":6,"key":"Anchor"},{"floor":8,"key":"Strawberry"},{"floor":9,"key":"Lantern"},{"floor":13,"key":"Frozen Egg 2"},{"floor":19,"key":"Toxic Egg 2"},{"floor":23,"key":"Bottled Flame"},{"floor":26,"key":"Bottled Tornado"},{"floor":29,"key":"Meat on the Bone"},{"floor":40,"key":"Pen Nib"},{"floor":43,"key":"Du-Vu Doll"},{"floor":46,"key":"Whetstone"}],"event_choices":[{"damage_healed":0,"gold_gain":50,"player_choice":"Pray","damage_taken":0,"max_hp_gain":0,"max_hp_loss":0,"event_name":"Golden Shrine","floor":3,"gold_loss":0},{"damage_healed":0,"gold_gain":0,"player_choice":"Got Potions","damage_taken":0,"max_hp_gain":0,"max_hp_loss":0,"event_name":"Lab","floor":11,"gold_loss":0},{"damage_healed":0,"gold_gain":50,"player_choice":"Pray","damage_taken":0,"max_hp_gain":0,"max_hp_loss":0,"event_name":"Golden Shrine","floor":25,"gold_loss":0},{"cards_removed":["Neutralize"],"damage_healed":0,"gold_gain":0,"player_choice":"Removed Attack","damage_taken":0,"max_hp_gain":0,"max_hp_loss":0,"event_name":"Falling","floor":36,"gold_loss":0},{"damage_healed":0,"gold_gain":0,"player_choice":"Max HP","damage_taken":0,"max_hp_gain":0,"max_hp_loss":4,"event_name":"Winding Halls","floor":38,"gold_loss":0},{"cards_removed":["Distraction"],"damage_healed":0,"gold_gain":0,"player_choice":"Purged","damage_taken":0,"max_hp_gain":0,"max_hp_loss":0,"event_name":"Purifier","floor":41,"gold_loss":0}],"is_beta":false,"boss_relics":[{"not_picked":["Busted Crown","Coffee Dripper"],"picked":"Pandora\u0027s Box"},{"not_picked":["Philosopher\u0027s Stone","Black Star"],"picked":"Fusion Hammer"}],"items_purged_floors":[],"is_endless":false,"potions_floor_spawned":[4,6,8,12,13,20,22,24,28,29,33,39,44,46],"ascension_level":16}}