{"host":"2m6tiise24ys9klz","time":1613210674,"event":{"mods":["BaseMod","Better Third Choice","Colored Map","Downfall","Highlight Path","Minty Spire (QoL Compilation)","StSLib"],"gold_per_floor":[99,99,99,99,199,48,48,48,59,72,100,44,44,71,89,194,194,94,107,127,127,112,112,137,154,168,78,94,114,129,246,262,365,365,265,285,285,285,29,57,57,57,73,121,21,41,41,79,90,90,90,90,90,90],"floor_reached":52,"language":"ENG","playtime":3622,"items_purged":["Normality","Shame"],"score":745,"play_id":"bbaf71c5-146b-43a4-b496-627d399579ef","local_time":"20210213020434","is_ascension_mode":false,"campfire_choices":[{"data":"bronze:Replicate","floor":1.0,"key":"SMITH"},{"data":"bronze:Assembly","floor":8.0,"key":"SMITH"},{"floor":18.0,"key":"DIG"},{"floor":35,"key":"RECALL"},{"floor":42,"key":"REST"},{"floor":45,"key":"REST"},{"floor":47,"key":"DIG"}],"circlet_count":0,"master_deck":["bronze:Strike","bronze:Strike","bronze:Strike","bronze:Strike","bronze:Defend","bronze:Defend","bronze:Defend","bronze:Replicate+1","bronze:Goto","bronze:Overheat","bronze:WhirlingStrike","bronze:ClassDefault","bronze:WhirlingStrike","bronze:Assembly+1","bronze:ChosenStrike","bronze:Repair","bronze:FineTuning","bronze:Branch","bronze:ClassDefault","bronze:WhirlingStrike","bronze:FindAndReplace","bronze:FineTuning+1","bronze:DelayedSlice+1","bronze:Shell","bronze:CutThrough+1","Defend_B","bronze:BronzeOrb","bronze:Repair","bronze:CloningBeam","bronze:BronzeOrb","bronze:SpaghettiCode","bronze:Iterate+1","bronze:ForceShield","expansioncontent:DashGenerateEvil","bronze:HardenedForm","bronze:Boost","Doubt","bronze:FollowUp","bronze:FineTuning+1","bronze:Fortify+1"],"relics":["bronze:PlatinumCore","downfall:HeartsMalice","Gambling Chip","Shovel","Cursed Key","downfall:HeartBlessingGreen","bronze:CableSpool","Oddly Smooth Stone","downfall:HeartBlessingBlue","bronze:BottledCode","Shuriken","Membership Card","Pantograph","Ornamental Fan","Guardian:GemstoneGun","downfall:HeartBlessingRed","CeramicFish","Blood Vial"],"acts_visited":["Exordium","TheCity","TheBeyond","TheEnding"],"potions_floor_usage":[33,33,44,50,50,50],"damage_taken":[{"damage":0.0,"enemies":"Small Slimes","floor":2.0,"turns":1.0},{"damage":0.0,"enemies":"2 Louse","floor":3.0,"turns":1.0},{"damage":0.0,"enemies":"Cultist","floor":4.0,"turns":1.0},{"damage":5.0,"enemies":"downfall:FleeingMerchant","floor":6.0,"turns":4.0},{"damage":20.0,"enemies":"Exordium Thugs","floor":9.0,"turns":4.0},{"damage":8.0,"enemies":"Red Slaver","floor":10.0,"turns":4.0},{"damage":16.0,"enemies":"Gremlin Nob","floor":11.0,"turns":5.0},{"damage":5.0,"enemies":"downfall:FleeingMerchant","floor":12.0,"turns":4.0},{"damage":21.0,"enemies":"Lagavulin","floor":14.0,"turns":6.0},{"damage":0.0,"enemies":"Lots of Slimes","floor":15.0,"turns":1.0},{"damage":12.0,"enemies":"SI_SHIV_ARCHETYPE","floor":16.0,"turns":5.0},{"damage":1.0,"enemies":"Chosen","floor":19.0,"turns":2.0},{"damage":33.0,"enemies":"Snecko","floor":20.0,"turns":5.0},{"damage":14.0,"enemies":"downfall:FleeingMerchant","floor":22.0,"turns":4.0},{"damage":18.0,"enemies":"Shelled Parasite and Fungi","floor":25.0,"turns":6.0},{"damage":28.0,"enemies":"Sentry and Sphere","floor":26.0,"turns":6.0},{"damage":5.0,"enemies":"downfall:FleeingMerchant","floor":27.0,"turns":4.0},{"damage":0,"enemies":"Centurion and Healer","floor":28,"turns":4},{"damage":5,"enemies":"Shelled Parasite and Fungi","floor":29,"turns":5},{"damage":26,"enemies":"Snecko","floor":30,"turns":5},{"damage":0,"enemies":"downfall:FleeingMerchant","floor":31,"turns":1},{"damage":6,"enemies":"3 Cultists","floor":32,"turns":3},{"damage":46,"enemies":"WA_ARCHETYPE_CALM","floor":33,"turns":10},{"damage":11,"enemies":"3 Shapes","floor":36,"turns":3},{"damage":26,"enemies":"Nemesis","floor":40,"turns":7},{"damage":0,"enemies":"Orb Walker","floor":43,"turns":1},{"damage":29,"enemies":"2 Orb Walkers","floor":44,"turns":4},{"damage":16,"enemies":"Maw","floor":46,"turns":5},{"damage":0,"enemies":"Reptomancer","floor":48,"turns":2},{"damage":0,"enemies":"Spire Growth","floor":49,"turns":2},{"damage":39,"enemies":"IC_BLOCK_ARCHETYPE","floor":50,"turns":8},{"damage":79,"enemies":"downfall:CharBossMerchant","floor":52,"turns":6}],"seed_played":"9113157429311122303","potions_obtained":[{"floor":9.0,"key":"BlessingOfTheForge"},{"floor":10.0,"key":"Block Potion"},{"floor":11.0,"key":"Explosive Potion"},{"floor":14.0,"key":"FearPotion"},{"floor":16.0,"key":"champ:CounterPotion"},{"floor":25.0,"key":"BlessingOfTheForge"},{"floor":29,"key":"Dexterity Potion"},{"floor":30,"key":"SteroidPotion"},{"floor":32,"key":"FearPotion"},{"floor":33,"key":"LiquidBronze"},{"floor":43,"key":"ColorlessPotion"},{"floor":44,"key":"Strength Potion"}],"is_trial":false,"path_per_floor":["R","M","M","M","?","$","T","R","M","M","E","$","?","E","M","B",null,"R","M","M","?","$","?","T","M","M","$","M","M","M","$","M","B",null,"R","M","?","?","$","E","T","R","M","?","R","M","R","E","M","B",null,"E"],"character_chosen":"THE_AUTOMATON","items_purchased":["bronze:Assembly","bronze:ClassDefault","bronze:ForceShield","expansioncontent:DashGenerateEvil","Membership Card"],"campfire_rested":2,"item_purchase_floors":[6,12,31,31,39],"current_hp_per_floor":[70,70,70,70,70,65,65,65,45,37,42,44,44,55,62,57,70,70,70,48,48,41,41,41,37,16,25,53,63,44,44,52,29,70,80,72,70,70,70,44,44,65,65,43,64,62,62,62,70,35,70,0,0,0],"gold":90,"neow_bonus":"THREE_ENEMY_KILL","is_daily":false,"chose_seed":false,"campfire_upgraded":2,"win_rate":0.0,"timestamp":1613210674,"path_taken":["R","M","M","M","?","$","T","R","M","M","E","$","?","E","M","BOSS","R","M","M","?","$","?","T","?","M","?","?","?","M","$","M","BOSS","R","M","?","?","?","E","T","R","M","?","R","?","R","E","M","BOSS","E"],"items_purchased_type":["Card","Card","Card","Card","Relic"],"build_version":"2020-12-22","purchased_purges":2,"victory":false,"max_hp_per_floor":[70,70,70,70,70,70,70,70,70,70,70,70,70,70,70,70,70,70,70,70,70,70,70,70,70,70,70,70,70,70,70,70,70,70,80,80,70,70,70,70,70,70,70,70,70,70,70,70,70,70,70,70,70,70],"card_choices":[{"not_picked":["bronze:BitShift","bronze:DigitalCarnage"],"picked":"bronze:Overheat","floor":2.0},{"not_picked":["bronze:Overheat","bronze:Shield"],"picked":"bronze:WhirlingStrike","floor":3.0},{"not_picked":["bronze:DelayedGuard","bronze:Iterate"],"picked":"bronze:ClassDefault","floor":4.0},{"not_picked":["bronze:FollowUp","bronze:ShipIt"],"picked":"bronze:WhirlingStrike","floor":6.0},{"not_picked":["bronze:DigitalCarnage","bronze:ForLoop"],"picked":"bronze:ChosenStrike","floor":9.0},{"not_picked":["bronze:DelayedGuard","bronze:ChosenStrike"],"picked":"bronze:Repair","floor":10.0},{"not_picked":["bronze:Return","bronze:Fortify"],"picked":"bronze:FineTuning","floor":11.0},{"not_picked":["bronze:Philosophize","bronze:DelayedGuard"],"picked":"bronze:Branch","floor":12.0},{"not_picked":["bronze:Repair","bronze:DarkDash"],"picked":"bronze:WhirlingStrike","floor":14.0},{"not_picked":["bronze:Turbo","bronze:Break","bronze:BronzeArmor"],"picked":"SKIP","floor":15.0},{"not_picked":["bronze:ShipIt","bronze:Mutator"],"picked":"bronze:FindAndReplace","floor":16.0},{"not_picked":["bronze:DigitalCarnage","bronze:Iterate"],"picked":"bronze:FineTuning+1","floor":19.0},{"not_picked":["bronze:GetLatest","bronze:Frontload"],"picked":"bronze:DelayedSlice+1","floor":20.0},{"not_picked":["bronze:Fortify","bronze:ChosenStrike+1"],"picked":"bronze:CutThrough+1","floor":22.0},{"not_picked":["bronze:Iterate+1","bronze:Return"],"picked":"bronze:BronzeOrb","floor":25.0},{"not_picked":["bronze:Turbo","bronze:Overheat+1"],"picked":"bronze:Repair","floor":26.0},{"not_picked":["bronze:CutThrough","bronze:BugBarrage"],"picked":"bronze:CloningBeam","floor":27.0},{"not_picked":["bronze:FineTuning+1","bronze:Allocate"],"picked":"bronze:BronzeOrb","floor":28},{"not_picked":["bronze:Backtrace+1","bronze:DelayedGuard","bronze:MaxOutput"],"picked":"SKIP","floor":29},{"not_picked":["bronze:Branch","bronze:Shell"],"picked":"bronze:SpaghettiCode","floor":30},{"not_picked":["bronze:Deprecate","bronze:ChosenStrike+1"],"picked":"bronze:Iterate+1","floor":31},{"not_picked":["bronze:BitShift","bronze:DarkDash","bronze:Invalidate+1"],"picked":"SKIP","floor":32},{"not_picked":["bronze:FindAndReplace","bronze:BurnOut"],"picked":"bronze:HardenedForm","floor":33},{"not_picked":["bronze:CutThrough+1","bronze:OilSpill+1"],"picked":"bronze:Boost","floor":36},{"not_picked":["bronze:Branch","bronze:Shield+1","bronze:DarkDash+1"],"picked":"SKIP","floor":40},{"not_picked":["bronze:BuggyMess","bronze:Branch+1"],"picked":"bronze:FollowUp","floor":43},{"not_picked":["bronze:WildBeam+1","bronze:ChosenStrike"],"picked":"bronze:FineTuning+1","floor":44},{"not_picked":["bronze:DelayedGuard","bronze:BuggyMess+1","bronze:NullPointer"],"picked":"SKIP","floor":46},{"not_picked":["bronze:DarkDash+1","bronze:Deprecate+1"],"picked":"bronze:Fortify+1","floor":48},{"not_picked":["bronze:NullPointer+1","bronze:Turbo","bronze:WildBeam"],"picked":"SKIP","floor":49}],"player_experience":815985,"relics_obtained":[{"floor":11.0,"key":"Gambling Chip"},{"floor":14.0,"key":"Shovel"},{"floor":18.0,"key":"bronze:CableSpool"},{"floor":24.0,"key":"Oddly Smooth Stone"},{"floor":38,"key":"Shuriken"},{"floor":40,"key":"Pantograph"},{"floor":41,"key":"Ornamental Fan"},{"floor":44,"key":"Guardian:GemstoneGun"},{"floor":47,"key":"CeramicFish"},{"floor":48,"key":"Blood Vial"}],"event_choices":[{"damage_healed":0.0,"max_hp_gain":0.0,"max_hp_loss":0.0,"gold_gain":0.0,"event_name":"The Library","player_choice":"Read","floor":21.0,"gold_loss":0.0,"damage_taken":0.0,"cards_obtained":["bronze:Shell"]},{"cards_removed":["bronze:Defend"],"damage_healed":0.0,"max_hp_gain":0.0,"max_hp_loss":0.0,"gold_gain":0.0,"event_name":"NoteForYourself","player_choice":"Took Card","floor":23.0,"gold_loss":0.0,"damage_taken":0.0,"cards_obtained":["Defend_B"]},{"damage_healed":0,"gold_gain":0,"player_choice":"Fight","damage_taken":0,"max_hp_gain":0,"max_hp_loss":0,"event_name":"Mysterious Sphere","floor":44,"gold_loss":0}],"is_beta":false,"boss_relics":[{"not_picked":["SacredBark","Runic Pyramid"],"picked":"Cursed Key"},{"not_picked":["SlaversCollar","Runic Dome"],"picked":"bronze:PlatinumCore"}],"items_purged_floors":[27,39],"is_endless":false,"potions_floor_spawned":[9,10,11,14,15,16,20,25,29,30,32,33,43,44,49],"killed_by":"downfall:CharBossMerchant","ascension_level":0}}