{"host":"wigzp3lx6ef0oefy","time":1613244964,"event":{"mods":["AchievementEnabler","BaseMod","Card Forge","Colored Map","Colored Powertips","GifTheSpireLib","HexUI Lib","Highlight Path","Minty Spire (QoL Compilation)","Permanent Neow","Quick Restart","Shop Mod","StSLib","Weighted Paths"],"gold_per_floor":[115,115,115,126,137,162,162,26,51,51,81,100,118,118,118,219,219,231,231,231,251,271,296,296,15,15,15,25,44,44,44,44,148,148,159,172,172,185,211,240,240,240,240,259,61,77,77,90,90,90],"floor_reached":51,"language":"ENG","playtime":3960,"items_purged":[],"score":709,"play_id":"584ee883-aafa-4c81-8124-25fefd4d4cca","local_time":"20210213193604","is_ascension_mode":false,"campfire_choices":[{"floor":7.0,"key":"REST"},{"data":"Loop","floor":10.0,"key":"SMITH"},{"floor":15.0,"key":"REST"},{"floor":24,"key":"REST"},{"floor":27,"key":"REST"},{"floor":30,"key":"REST"},{"data":"Defragment","floor":32,"key":"SMITH"},{"floor":41,"key":"REST"},{"floor":47,"key":"REST"},{"floor":49,"key":"REST"}],"circlet_count":0,"master_deck":["Strike_B+1","Strike_B+1","Strike_B+1","Strike_B+1","Defend_B+1","Defend_B+1","Defend_B+1","Zap+1","Dualcast+1","Blind+1","Melter+1","Glacier+1","Defragment+1","Loop+1","Conserve Battery+1","Sweeping Beam+1","Genetic Algorithm+1","Leap+1","Stack+1","Creative AI+1","Coolheaded+1","Redo+1","Self Repair+1","Doom and Gloom+1","Conserve Battery+1","Cold Snap+1","Amplify+1","Static Discharge+1","Echo Form+1","Redo+1","BootSequence+1","Parasite","Conserve Battery+1","Darkness","Doom and Gloom+1","Barrage+1","Ball Lightning+1","Compile Driver+1","Cold Snap+1"],"relics":["Cracked Core","Hammer of Thor","Seething Fire","Anvil of the Gods","Whetstone","Happy Flower","Centennial Puzzle","SlaversCollar","MutagenicStrength","Bag of Preparation","Sling","Dream Catcher","Molten Egg 2","Fusion Hammer","War Paint","Dead Branch","InkBottle","Bronze Scales"],"acts_visited":["Exordium","TheCity","TheBeyond"],"potions_floor_usage":[19,33,36,38,40,50],"damage_taken":[{"damage":0.0,"enemies":"Cultist","floor":1.0,"turns":4.0},{"damage":0.0,"enemies":"Small Slimes","floor":4.0,"turns":2.0},{"damage":1.0,"enemies":"Jaw Worm","floor":5.0,"turns":2.0},{"damage":30.0,"enemies":"Gremlin Nob","floor":6.0,"turns":5.0},{"damage":7.0,"enemies":"Lagavulin","floor":11.0,"turns":8.0},{"damage":11.0,"enemies":"Lots of Slimes","floor":12.0,"turns":4.0},{"damage":0.0,"enemies":"Large Slime","floor":13.0,"turns":5.0},{"damage":29.0,"enemies":"Hexaghost","floor":16.0,"turns":16.0},{"damage":33.0,"enemies":"3 Byrds","floor":18.0,"turns":6.0},{"damage":0,"enemies":"2 Thieves","floor":19,"turns":1},{"damage":9,"enemies":"Snake Plant","floor":21,"turns":8},{"damage":0,"enemies":"Centurion and Healer","floor":22,"turns":15},{"damage":8,"enemies":"Book of Stabbing","floor":23,"turns":9},{"damage":15,"enemies":"Snecko","floor":28,"turns":8},{"damage":10,"enemies":"Shelled Parasite and Fungi","floor":29,"turns":9},{"damage":42,"enemies":"Automaton","floor":33,"turns":11},{"damage":1,"enemies":"Orb Walker","floor":35,"turns":4},{"damage":25,"enemies":"3 Shapes","floor":36,"turns":2},{"damage":10,"enemies":"Writhing Mass","floor":38,"turns":7},{"damage":0,"enemies":"Nemesis","floor":40,"turns":9},{"damage":16,"enemies":"4 Shapes","floor":44,"turns":2},{"damage":1,"enemies":"Maw","floor":46,"turns":7},{"damage":6,"enemies":"Writhing Mass","floor":48,"turns":5},{"damage":18,"enemies":"Time Eater","floor":50,"turns":14}],"seed_played":"-2500790988136452078","potions_obtained":[{"floor":4.0,"key":"PowerPotion"},{"floor":5.0,"key":"SteroidPotion"},{"floor":12.0,"key":"LiquidMemories"},{"floor":18.0,"key":"SmokeBomb"},{"floor":29,"key":"ColorlessPotion"},{"floor":33,"key":"Regen Potion"},{"floor":35,"key":"LiquidBronze"},{"floor":38,"key":"FocusPotion"},{"floor":48,"key":"Explosive Potion"}],"is_trial":false,"path_per_floor":["M","?","?","M","M","E","R","$","T","R","E","M","M","?","R","B",null,"M","M","?","M","M","E","R","$","T","R","M","M","R","?","R","B",null,"M","M","?","M","T","E","R","?","T","M","$","M","R","M","R","B",null],"character_chosen":"DEFECT","items_purchased":["Loop","Conserve Battery","Sweeping Beam","Doom and Gloom","Conserve Battery","Sling","Barrage+1","Bronze Scales"],"campfire_rested":8,"item_purchase_floors":[8,8,8,25,25,25,45,45],"current_hp_per_floor":[75,60,75,75,74,44,66,66,66,66,59,48,48,48,70,41,75,42,42,42,33,33,25,47,47,47,69,54,51,73,73,73,38,75,74,49,49,61,61,71,75,68,68,52,52,61,75,75,75,75],"gold":90,"neow_bonus":"RANDOM_COLORLESS","is_daily":false,"chose_seed":false,"campfire_upgraded":2,"win_rate":0.0,"timestamp":1613244964,"path_taken":["M","?","?","M","M","E","R","$","T","R","E","?","M","?","R","BOSS","M","?","?","M","M","E","R","$","T","R","M","M","R","?","R","BOSS","M","M","?","?","?","E","R","?","T","?","?","M","R","M","R","BOSS"],"items_purchased_type":["Card","Card","Card","Card","Card","Relic","Card","Relic"],"build_version":"2020-12-22","purchased_purges":0,"victory":true,"max_hp_per_floor":[75,75,75,75,75,75,75,75,75,75,75,75,75,75,75,75,75,75,75,75,75,75,75,75,75,75,75,75,75,75,75,75,75,75,75,75,75,75,75,75,75,75,75,75,75,75,75,75,75,75],"card_choices":[{"not_picked":["Panacea","Mind Blast"],"picked":"Blind","floor":0.0},{"not_picked":["Ball Lightning","Consume"],"picked":"Genetic Algorithm","floor":1.0},{"not_picked":["Rebound","Barrage"],"picked":"Melter","floor":4.0},{"not_picked":["Stack","Steam"],"picked":"Glacier","floor":5.0},{"not_picked":["Barrage","Multi-Cast"],"picked":"Defragment","floor":6.0},{"not_picked":["Conserve Battery","Melter"],"picked":"Genetic Algorithm","floor":11.0},{"not_picked":["Barrage","Scrape"],"picked":"Leap","floor":12.0},{"not_picked":["Genetic Algorithm","Barrage"],"picked":"Stack","floor":13.0},{"not_picked":["Electrodynamics","All For One"],"picked":"Creative AI","floor":16.0},{"not_picked":["Stack+1","Fusion"],"picked":"Coolheaded+1","floor":18.0},{"not_picked":["Streamline+1","Cold Snap"],"picked":"Redo+1","floor":21},{"not_picked":["Coolheaded+1","Sweeping Beam","Heatsinks"],"picked":"SKIP","floor":22},{"not_picked":["Beam Cell","Lockon"],"picked":"Self Repair","floor":23},{"not_picked":["Barrage","Stack"],"picked":"Cold Snap+1","floor":27},{"not_picked":["Cold Snap","Rebound"],"picked":"Amplify","floor":28},{"not_picked":["Rebound+1","Leap","Steam+1"],"picked":"SKIP","floor":29},{"not_picked":["Undo","Go for the Eyes"],"picked":"Static Discharge","floor":30},{"not_picked":["Multi-Cast","Fission"],"picked":"Echo Form","floor":33},{"not_picked":["Conserve Battery","Leap"],"picked":"Redo+1","floor":35},{"not_picked":["Barrage+1","Leap"],"picked":"BootSequence+1","floor":36},{"not_picked":["Hologram+1","Coolheaded","Multi-Cast"],"picked":"SKIP","floor":38},{"not_picked":["Glacier+1","Leap+1"],"picked":"Conserve Battery+1","floor":40},{"not_picked":["Fusion","Steam Power"],"picked":"Darkness","floor":41},{"not_picked":["Barrage+1","Scrape+1"],"picked":"Doom and Gloom+1","floor":44},{"not_picked":["Redo","Skim+1"],"picked":"Ball Lightning+1","floor":46},{"not_picked":["Ball Lightning+1","Gash+1"],"picked":"Compile Driver+1","floor":47},{"not_picked":["Barrage+1","Gash+1","Rebound+1"],"picked":"SKIP","floor":48},{"not_picked":["All For One+1","Ball Lightning+1"],"picked":"Cold Snap+1","floor":49}],"player_experience":63122,"relics_obtained":[{"floor":6.0,"key":"Whetstone"},{"floor":9.0,"key":"Happy Flower"},{"floor":11.0,"key":"Centennial Puzzle"},{"floor":23,"key":"Bag of Preparation"},{"floor":26,"key":"Dream Catcher"},{"floor":39,"key":"War Paint"},{"floor":40,"key":"Dead Branch"},{"floor":43,"key":"InkBottle"}],"event_choices":[{"damage_healed":0.0,"max_hp_gain":0.0,"max_hp_loss":0.0,"gold_gain":0.0,"event_name":"Shining Light","player_choice":"Entered Light","floor":2.0,"gold_loss":0.0,"damage_taken":15.0,"cards_upgraded":["Strike_B","Strike_B"]},{"cards_removed":["Genetic Algorithm"],"damage_healed":15.0,"max_hp_gain":0.0,"max_hp_loss":0.0,"gold_gain":0.0,"event_name":"Bonfire Elementals","player_choice":"Offered Uncommon","floor":3.0,"gold_loss":0.0,"damage_taken":0.0},{"cards_removed":["Defend_B"],"damage_healed":0.0,"max_hp_gain":0.0,"max_hp_loss":0.0,"gold_gain":0.0,"event_name":"Purifier","player_choice":"Purged","floor":14.0,"gold_loss":0.0,"damage_taken":0.0},{"damage_healed":0,"gold_gain":0,"player_choice":"Inject Mutagens","damage_taken":0,"relics_obtained":["MutagenicStrength"],"max_hp_gain":0,"max_hp_loss":0,"event_name":"Drug Dealer","floor":20,"gold_loss":0},{"damage_healed":0,"gold_gain":0,"player_choice":"Opened","damage_taken":0,"relics_obtained":["Molten Egg 2"],"max_hp_gain":0,"max_hp_loss":0,"event_name":"The Mausoleum","floor":31,"gold_loss":0,"cards_obtained":["Writhe"]},{"damage_healed":0,"gold_gain":0,"player_choice":"Ignored","damage_taken":0,"max_hp_gain":0,"max_hp_loss":0,"event_name":"Upgrade Shrine","floor":37,"gold_loss":0},{"damage_healed":0,"gold_gain":0,"player_choice":"Damaged","damage_taken":7,"max_hp_gain":0,"max_hp_loss":0,"event_name":"Wheel of Change","floor":42,"gold_loss":0}],"is_beta":false,"boss_relics":[{"not_picked":["SacredBark","Tiny House"],"picked":"SlaversCollar"},{"not_picked":["Calling Bell","Velvet Choker"],"picked":"Fusion Hammer"}],"items_purged_floors":[],"is_endless":false,"potions_floor_spawned":[4,5,12,18,29,33,35,38,48],"ascension_level":0}}