{"host":"u499vgr0907g2fby","time":1613237627,"event":{"mods":["BaseMod","Downfall","Googly Eyes","Minty Spire (QoL Compilation)","StSLib"],"gold_per_floor":[99,109,119,175,10,39,39,39,114,124,151,165,65,65,83,187,187,87,101,111,23,23,48,48,66,85,115,148,168,168,268,287,390,390,390,405,405,458,458,488,512,512,543,559,593,607,42,54,64,64],"floor_reached":51,"language":"ENG","playtime":6292,"items_purged":["Slimebound:Defend_Slimebound","Slimebound:Tackle"],"score":1282,"play_id":"9b753e36-c7b5-4f12-a085-d2f62870424e","local_time":"20210213133347","is_ascension_mode":true,"campfire_choices":[{"floor":1.0,"key":"RECALL"},{"data":"Slimebound:Dissolve","floor":8.0,"key":"SMITH"},{"data":"Slimebound:Nibble","floor":13.0,"key":"SMITH"},{"data":"Slimebound:Recycling","floor":18.0,"key":"SMITH"},{"data":"Slimebound:Gluttony","floor":30,"key":"SMITH"},{"data":"Slimebound:Darklings","floor":35,"key":"SMITH"},{"data":"Slimebound:Dissolve","floor":42,"key":"SMITH"}],"circlet_count":0,"master_deck":["Slimebound:Defend_Slimebound","Slimebound:Defend_Slimebound","Slimebound:CorrosiveSpit","Slimebound:Nibble+1","Slimebound:ItLooksTasty","Slimebound:Dissolve+1","Slimebound:Recollect","Slimebound:Recollect","Slimebound:LeechEnergy","Slimebound:LeechingTouch","Slimebound:LeechEnergy","Slimebound:Dissolve+1","Slimebound:Recycling+1","Slimebound:ViciousTackle+1","Slimebound:GrowthPunch","Slimebound:SpikyOuterGoop","Slimebound:Gluttony+1","Slimebound:HungryTackle","Slimebound:RainOfGoop","Slimebound:SplitMire+1","Slimebound:RejuvenatingLick+1","Slimebound:Repurpose+1","Slimebound:Darklings+1","Slimebound:GrowthPunch+1","expansioncontent:HyperBeam","expansioncontent:GuardianWhirl+1","Slimebound:LevelUp+1","Slimebound:SpikyOuterGoop+1","Slimebound:MegaLick+1","Slimebound:Gluttony","Slimebound:SplitSpecialist+1","Slimebound:Darklings","Slimebound:Overexert","Slimebound:MegaLick","Slimebound:Gluttony","Slimebound:LevelUp+1"],"relics":["Slimebound:AbsorbEndCombat","Omamori","Happy Flower","Thread and Needle","Kunai","downfall:HeartBlessingGreen","Philosopher\u0027s Stone","downfall:HeartBlessingRed","Ice Cream","Slimebound:MaxSlimesRelic","Red Mask","TungstenRod","Peace Pipe","Mummified Hand","Empty Cage","Slimebound:SlimedTailRelic","Bronze Scales","Akabeko","Pear","Centennial Puzzle","ClockworkSouvenir","Dead Branch","Whetstone"],"acts_visited":["Exordium","TheCity","TheBeyond"],"potions_floor_usage":[28,31,50,50,50],"damage_taken":[{"damage":3.0,"enemies":"Small Slimes","floor":2.0,"turns":4.0},{"damage":4.0,"enemies":"2 Louse","floor":3.0,"turns":3.0},{"damage":33.0,"enemies":"3 Sentries","floor":4.0,"turns":8.0},{"damage":0.0,"enemies":"downfall:FleeingMerchant","floor":5.0,"turns":4.0},{"damage":13.0,"enemies":"Lagavulin","floor":6.0,"turns":6.0},{"damage":3.0,"enemies":"Jaw Worm","floor":10.0,"turns":3.0},{"damage":4.0,"enemies":"3 Sentries","floor":11.0,"turns":6.0},{"damage":0.0,"enemies":"3 Louse","floor":12.0,"turns":3.0},{"damage":0.0,"enemies":"2 Fungi Beasts","floor":15.0,"turns":2.0},{"damage":3.0,"enemies":"DF_ARCHETYPE_STREAMLINE","floor":16.0,"turns":12.0},{"damage":0.0,"enemies":"Shell Parasite","floor":19.0,"turns":4.0},{"damage":0.0,"enemies":"Spheric Guardian","floor":20.0,"turns":3.0},{"damage":0.0,"enemies":"downfall:FleeingMerchant","floor":21.0,"turns":4.0},{"damage":19.0,"enemies":"Gremlin Leader","floor":23.0,"turns":5.0},{"damage":28.0,"enemies":"Snake Plant","floor":25.0,"turns":4.0},{"damage":8.0,"enemies":"Shelled Parasite and Fungi","floor":26.0,"turns":3.0},{"damage":3.0,"enemies":"Masked Bandits","floor":27.0,"turns":4.0},{"damage":8,"enemies":"Slavers","floor":28,"turns":3},{"damage":0,"enemies":"Centurion and Healer","floor":29,"turns":4},{"damage":3,"enemies":"Colosseum Nobs","floor":31,"turns":3},{"damage":0,"enemies":"Cultist and Chosen","floor":32,"turns":4},{"damage":18,"enemies":"SI_MIRROR_ARCHETYPE","floor":33,"turns":10},{"damage":0,"enemies":"Orb Walker","floor":36,"turns":2},{"damage":20,"enemies":"2 Orb Walkers","floor":38,"turns":3},{"damage":0,"enemies":"Giant Head","floor":40,"turns":6},{"damage":47,"enemies":"Reptomancer","floor":43,"turns":6},{"damage":18,"enemies":"3 Darklings","floor":44,"turns":3},{"damage":0,"enemies":"Giant Head","floor":45,"turns":6},{"damage":0,"enemies":"Sphere and 2 Shapes","floor":46,"turns":2},{"damage":0,"enemies":"downfall:FleeingMerchant","floor":47,"turns":3},{"damage":3,"enemies":"4 Shapes","floor":48,"turns":2},{"damage":0,"enemies":"Writhing Mass","floor":49,"turns":4},{"damage":0,"enemies":"IC_BLOCK_ARCHETYPE","floor":50,"turns":5}],"seed_played":"-3011889530721109041","potions_obtained":[{"floor":2.0,"key":"Fire Potion"},{"floor":6.0,"key":"LiquidMemories"},{"floor":11.0,"key":"DuplicationPotion"},{"floor":15.0,"key":"FearPotion"},{"floor":16.0,"key":"SteroidPotion"},{"floor":25.0,"key":"PowerPotion"},{"floor":26.0,"key":"BlessingOfTheForge"},{"floor":27,"key":"SkillPotion"},{"floor":33,"key":"CultistPotion"},{"floor":43,"key":"Ancient Potion"},{"floor":44,"key":"champ:CounterPotion"}],"is_trial":false,"path_per_floor":["R","M","M","?","$","E","T","R","?","M","E","M","R","?","M","B",null,"R","M","M","$","?","E","T","M","M","?","E","M","R","?","M","B",null,"R","M","?","?","?","E","T","R","E","M","E","M","$","M","M","B",null],"character_chosen":"SLIMEBOUND","items_purchased":["Slimebound:Recollect","Slimebound:Gluttony","Slimebound:Overexert","ClockworkSouvenir","Dead Branch","Slimebound:MegaLick","Whetstone"],"campfire_rested":0,"item_purchase_floors":[5,21,47,47,47,47,47],"current_hp_per_floor":[65,64,64,39,47,42,42,42,42,47,51,55,55,55,61,66,70,70,71,71,71,71,56,56,36,36,41,41,49,49,54,62,52,66,66,71,67,55,55,63,63,63,34,22,30,36,44,49,57,65],"gold":64,"neow_bonus":"TEN_PERCENT_HP_BONUS","is_daily":false,"chose_seed":false,"campfire_upgraded":6,"win_rate":0.0,"timestamp":1613237627,"path_taken":["R","M","M","?","$","E","T","R","?","M","E","M","R","?","M","BOSS","R","M","M","$","?","E","T","M","M","?","E","M","R","?","M","BOSS","R","M","?","?","?","E","T","R","E","M","E","M","?","M","M","BOSS"],"items_purchased_type":["Card","Card","Card","Relic","Relic","Card","Relic"],"build_version":"2020-12-22","purchased_purges":2,"victory":true,"max_hp_per_floor":[71,71,71,71,71,71,71,71,71,71,71,71,71,71,71,71,71,71,71,71,71,71,71,71,71,71,71,71,71,71,71,71,71,71,71,71,71,71,71,71,71,71,81,81,81,81,81,81,81,81],"card_choices":[{"not_picked":["Slimebound:Grow","Slimebound:ComboTackle"],"picked":"Slimebound:Nibble","floor":2.0},{"not_picked":["Slimebound:SplitAcid","Slimebound:LivingWall"],"picked":"Slimebound:ItLooksTasty","floor":3.0},{"not_picked":["Slimebound:SplitAcid","Slimebound:SplitBruiser"],"picked":"Slimebound:Dissolve","floor":4.0},{"not_picked":["Slimebound:TongueLash","Slimebound:BestDefense"],"picked":"Slimebound:Recollect","floor":5.0},{"not_picked":["Slimebound:SlimeSpikes","Slimebound:RollThrough"],"picked":"Slimebound:LeechEnergy","floor":6.0},{"not_picked":["Slimebound:PressTheAttack","Slimebound:RallyTheTroops"],"picked":"Slimebound:LeechingTouch","floor":10.0},{"not_picked":["Slimebound:ComboTackle","Slimebound:FlameTackle"],"picked":"Slimebound:LeechEnergy","floor":11.0},{"not_picked":["Slimebound:SlimeBarrage","Slimebound:SlimeBrawl","Slimebound:RollThrough"],"picked":"SKIP","floor":12.0},{"not_picked":["Slimebound:ComboTackle","Slimebound:HauntingLick"],"picked":"Slimebound:Dissolve","floor":15.0},{"not_picked":["Slimebound:DuplicatedForm","Slimebound:MassFeed"],"picked":"Slimebound:Recycling","floor":16.0},{"not_picked":["Slimebound:SplitAcid","Slimebound:RollThrough"],"picked":"Slimebound:ViciousTackle","floor":19.0},{"not_picked":["Slimebound:LeechEnergy","Slimebound:SplitMire"],"picked":"Slimebound:GrowthPunch","floor":20.0},{"not_picked":["Slimebound:Schlurp","Slimebound:HauntingLick"],"picked":"Slimebound:SpikyOuterGoop","floor":21.0},{"not_picked":["Slimebound:Replication","Slimebound:Overexert"],"picked":"Slimebound:HungryTackle","floor":23.0},{"not_picked":["Slimebound:ItLooksTasty","Slimebound:SamplingLick"],"picked":"Slimebound:RainOfGoop","floor":25.0},{"not_picked":["Slimebound:SplitAcid","Slimebound:LeechingTouch"],"picked":"Slimebound:SplitMire+1","floor":26.0},{"not_picked":["Slimebound:Recycling","Slimebound:LeadByExample"],"picked":"Slimebound:RejuvenatingLick+1","floor":28},{"not_picked":["Slimebound:SplitBruiser+1","Slimebound:BestDefense","Slimebound:SplitMire"],"picked":"SKIP","floor":29},{"not_picked":["Slimebound:SplitMire+1","Slimebound:SlimeSpikes"],"picked":"Slimebound:Repurpose+1","floor":31},{"not_picked":["Slimebound:RainOfGoop","Slimebound:SplitMire","Slimebound:FlameTackle"],"picked":"SKIP","floor":32},{"not_picked":["Slimebound:TagTeam","Slimebound:Overexert"],"picked":"Slimebound:Darklings","floor":33},{"not_picked":["Slimebound:SamplingLick","Slimebound:ComboTackle"],"picked":"Slimebound:GrowthPunch+1","floor":36},{"not_picked":["expansioncontent:AwakenDeath","expansioncontent:PolyBeam"],"picked":"expansioncontent:HyperBeam","floor":37},{"not_picked":["expansioncontent:Hexaburn","expansioncontent:LastStand"],"picked":"expansioncontent:GuardianWhirl","floor":37},{"not_picked":["Slimebound:MassFeed","Slimebound:ForwardTackle"],"picked":"Slimebound:LevelUp+1","floor":38},{"not_picked":["Slimebound:FlameTackle+1","Slimebound:FinishingTackle+1"],"picked":"Slimebound:SpikyOuterGoop+1","floor":40},{"not_picked":["Slimebound:SlimeBarrage","Slimebound:SplitMire+1"],"picked":"Slimebound:MegaLick+1","floor":43},{"not_picked":["Slimebound:SlimeSpikes+1","Slimebound:LeechEnergy","Slimebound:HauntingLick"],"picked":"SKIP","floor":44},{"not_picked":["Slimebound:ComboTackle","Slimebound:GoopSpray+1"],"picked":"Slimebound:Gluttony","floor":45},{"not_picked":["Slimebound:SlimeSpikes+1","Slimebound:SplitLeeching"],"picked":"Slimebound:SplitSpecialist+1","floor":46},{"not_picked":["Slimebound:ItLooksTasty","Slimebound:SamplingLick"],"picked":"Slimebound:Darklings","floor":47},{"not_picked":["Slimebound:LivingWall","Slimebound:RollThrough+1"],"picked":"Slimebound:Gluttony","floor":48},{"not_picked":["Slimebound:LeechEnergy+1","Slimebound:FinishingTackle+1"],"picked":"Slimebound:LevelUp+1","floor":49}],"player_experience":2035826,"relics_obtained":[{"floor":4.0,"key":"Omamori"},{"floor":6.0,"key":"Happy Flower"},{"floor":7.0,"key":"Thread and Needle"},{"floor":11.0,"key":"Kunai"},{"floor":23.0,"key":"Ice Cream"},{"floor":24.0,"key":"Slimebound:MaxSlimesRelic"},{"floor":27,"key":"Red Mask"},{"floor":28,"key":"TungstenRod"},{"floor":31,"key":"Peace Pipe"},{"floor":31,"key":"Mummified Hand"},{"floor":38,"key":"Slimebound:SlimedTailRelic"},{"floor":40,"key":"Bronze Scales"},{"floor":41,"key":"Akabeko"},{"floor":43,"key":"Pear"},{"floor":45,"key":"Centennial Puzzle"}],"event_choices":[{"cards_removed":["Slimebound:Strike_Slimebound"],"damage_healed":0.0,"max_hp_gain":0.0,"max_hp_loss":0.0,"gold_gain":0.0,"event_name":"Living Wall","player_choice":"Forget","floor":14.0,"gold_loss":0.0,"damage_taken":0.0},{"damage_healed":0.0,"max_hp_gain":0.0,"max_hp_loss":0.0,"gold_gain":0.0,"event_name":"Masked Bandits","player_choice":"Fought Bandits","floor":27.0,"gold_loss":0.0,"damage_taken":0.0},{"damage_healed":0,"gold_gain":0,"player_choice":"Fight","damage_taken":0,"max_hp_gain":0,"max_hp_loss":0,"event_name":"Mysterious Sphere","floor":38,"gold_loss":0},{"cards_removed":["Slimebound:Split"],"damage_healed":0,"gold_gain":0,"player_choice":"Removed Skill","damage_taken":0,"max_hp_gain":0,"max_hp_loss":0,"event_name":"Falling","floor":39,"gold_loss":0}],"is_beta":false,"boss_relics":[{"not_picked":["SlaversCollar","Snecko Eye"],"picked":"Philosopher\u0027s Stone"},{"not_picked":["Runic Pyramid","SacredBark"],"picked":"Empty Cage"}],"items_purged_floors":[5,47],"is_endless":false,"potions_floor_spawned":[2,6,11,15,16,19,25,26,27,33,43,44,48,49],"ascension_level":8}}