{"host":"19r1ww88x2tc73i0","time":1613192698,"event":{"mods":["BaseMod","Bestiary","BetterRewards","Colored Map","Minty Spire (QoL Compilation)","Relic Stats","StSLib","SuperFastMode","slay the spire mod where everything is the same but ironclad has a cowboy hat"],"gold_per_floor":[111,111,111,121,20,47,59,59,86,105,118,147,72,107,107,107,107],"floor_reached":16,"language":"ENG","playtime":717,"items_purged":["Strike_G"],"score":290,"play_id":"dbbf079d-bc5a-4509-812b-b26b5aabcc20","local_time":"25640213120458","is_ascension_mode":true,"campfire_choices":[{"data":"Dagger Spray","floor":8,"key":"SMITH"},{"data":"Crippling Poison","floor":15,"key":"SMITH"}],"circlet_count":0,"master_deck":["AscendersBane","Strike_G","Strike_G","Defend_G","Defend_G","Defend_G","Defend_G","Defend_G","Survivor","Neutralize","Crippling Poison+1","Blade Dance","Cloak And Dagger","Backstab","Dagger Spray+1","Backflip","Dagger Throw","Venomology","Slice"],"relics":["Ring of the Snake","NeowsBlessing","Centennial Puzzle","Potion Belt","Pen Nib","Bag of Preparation","Bottled Flame"],"acts_visited":["Exordium"],"potions_floor_usage":[12,12,14,16],"damage_taken":[{"damage":0,"enemies":"Jaw Worm","floor":1,"turns":1},{"damage":0,"enemies":"Small Slimes","floor":4,"turns":1},{"damage":0,"enemies":"3 Sentries","floor":6,"turns":2},{"damage":0,"enemies":"2 Louse","floor":7,"turns":2},{"damage":2,"enemies":"2 Fungi Beasts","floor":10,"turns":3},{"damage":4,"enemies":"Blue Slaver","floor":11,"turns":3},{"damage":23,"enemies":"Lagavulin","floor":12,"turns":7},{"damage":2,"enemies":"3 Sentries","floor":14,"turns":7},{"damage":14,"enemies":"The Guardian","floor":16,"turns":12}],"seed_played":"9141470201992671938","potions_obtained":[{"floor":1,"key":"Fire Potion"},{"floor":4,"key":"LiquidMemories"}],"is_trial":false,"path_per_floor":["M","?","?","M","$","E","M","R","T","M","M","E","?","E","R","B"],"character_chosen":"THE_SILENT","items_purchased":["Cloak And Dagger"],"campfire_rested":0,"item_purchase_floors":[5],"current_hp_per_floor":[59,52,47,47,47,47,47,47,47,45,41,18,18,16,16,2,2],"gold":107,"neow_bonus":"THREE_ENEMY_KILL","is_daily":false,"chose_seed":false,"campfire_upgraded":2,"win_rate":0.0,"timestamp":1613192698,"path_taken":["M","?","?","M","$","E","M","R","T","?","M","E","?","E","R","BOSS"],"items_purchased_type":["Card"],"build_version":"2020-12-22","purchased_purges":1,"victory":false,"max_hp_per_floor":[66,66,66,66,66,66,66,66,66,66,66,66,66,66,66,66,66],"relic_stats":{"Centennial Puzzle":[15],"counters":[9,38],"Pen Nib":[7],"Bag of Preparation":[4],"obtain_stats":[{"Potion Belt":6,"Centennial Puzzle":3,"Bottled Flame":14,"NeowsBlessing":0,"Pen Nib":9,"Bag of Preparation":12,"Ring of the Snake":0},{"Potion Belt":3,"Centennial Puzzle":1,"Bottled Flame":8,"NeowsBlessing":0,"Pen Nib":4,"Bag of Preparation":7,"Ring of the Snake":0},{"Potion Belt":4,"Centennial Puzzle":1,"Bottled Flame":26,"NeowsBlessing":0,"Pen Nib":6,"Bag of Preparation":19,"Ring of the Snake":0}],"Ring of the Snake":[18]},"card_choices":[{"not_picked":["Catalyst","All Out Attack"],"picked":"Crippling Poison","floor":1},{"not_picked":["Dagger Throw","Slice"],"picked":"Blade Dance","floor":4},{"not_picked":["Riddle With Holes","Blade Dance"],"picked":"Backstab","floor":6},{"not_picked":["Slice","Underhanded Strike"],"picked":"Dagger Spray","floor":7},{"not_picked":["Backstab","Concentrate"],"picked":"Backflip","floor":10},{"not_picked":["Setup","Outmaneuver"],"picked":"Dagger Throw","floor":11},{"not_picked":["Reflex","Deadly Poison"],"picked":"Venomology","floor":12},{"not_picked":["Skewer","Cloak And Dagger"],"picked":"Slice","floor":14}],"player_experience":1068315,"relics_obtained":[{"floor":6,"key":"Potion Belt"},{"floor":9,"key":"Pen Nib"},{"floor":12,"key":"Bag of Preparation"},{"floor":14,"key":"Bottled Flame"}],"event_choices":[{"cards_removed":["Strike_G"],"damage_healed":0,"gold_gain":0,"player_choice":"Card Removal","damage_taken":7,"max_hp_gain":0,"max_hp_loss":0,"event_name":"Golden Wing","floor":2,"gold_loss":0},{"damage_healed":0,"gold_gain":0,"player_choice":"Success","damage_taken":5,"relics_obtained":["Centennial Puzzle"],"max_hp_gain":0,"max_hp_loss":0,"event_name":"Scrap Ooze","floor":3,"gold_loss":0},{"cards_removed":["Strike_G"],"damage_healed":0,"gold_gain":0,"player_choice":"Card Removal","damage_taken":0,"max_hp_gain":0,"max_hp_loss":0,"event_name":"The Cleric","floor":13,"gold_loss":75}],"is_beta":false,"boss_relics":[],"items_purged_floors":[5],"is_endless":false,"potions_floor_spawned":[1,4],"killed_by":"The Guardian","ascension_level":20}}