{"host":"mnpd8gh7cwxsn5kh","time":1613231223,"event":{"mods":["BaseMod","Bestiary","Block Reminder","Colored Map","Colored Powertips","Highlight Path","Minty Spire (QoL Compilation)","Relic Sorter","Relic Stats"],"gold_per_floor":[155,155,192,248,1,1,53,53,53,53,88,147,147,147,147,243,243,281,323,360,410,410,410,410,410],"floor_reached":24,"language":"ENG","playtime":2105,"items_purged":[],"score":367,"play_id":"2ced16fe-5823-43e2-b470-97c768265c88","local_time":"20210213164703","is_ascension_mode":true,"campfire_choices":[{"data":"HandOfGreed","floor":6,"key":"SMITH"},{"data":"Uppercut","floor":8,"key":"SMITH"},{"data":"True Grit","floor":10,"key":"SMITH"},{"data":"Disarm","floor":15,"key":"SMITH"},{"data":"Headbutt","floor":23,"key":"SMITH"}],"circlet_count":0,"master_deck":["AscendersBane","Strike_R","Strike_R","Strike_R","Strike_R","Defend_R","Defend_R","Defend_R","Defend_R","Bash+1","HandOfGreed+1","Clothesline+1","Disarm+1","Uppercut+1","True Grit+1","Headbutt+1","Dark Embrace","Barricade","Metallicize+1"],"relics":["Burning Blood","MealTicket","Strange Spoon","Whetstone","Matryoshka","Pen Nib","Snecko Eye","Sundial"],"acts_visited":["Exordium","TheCity"],"potions_floor_usage":[7,7,12,20,24],"damage_taken":[{"damage":5,"enemies":"Small Slimes","floor":1,"turns":3},{"damage":1,"enemies":"Cultist","floor":3,"turns":3},{"damage":8,"enemies":"2 Louse","floor":4,"turns":4},{"damage":30,"enemies":"Gremlin Nob","floor":7,"turns":5},{"damage":14,"enemies":"Red Slaver","floor":11,"turns":6},{"damage":8,"enemies":"3 Sentries","floor":12,"turns":9},{"damage":1,"enemies":"The Guardian","floor":16,"turns":13},{"damage":31,"enemies":"Spheric Guardian","floor":18,"turns":6},{"damage":3,"enemies":"Chosen","floor":19,"turns":4},{"damage":9,"enemies":"Snake Plant","floor":20,"turns":4},{"damage":44,"enemies":"Gremlin Leader","floor":24,"turns":6}],"seed_played":"-5122275740861357723","potions_obtained":[{"floor":3,"key":"EntropicBrew"},{"floor":7,"key":"DistilledChaos"},{"floor":11,"key":"HeartOfIron"},{"floor":18,"key":"Dexterity Potion"}],"is_trial":false,"path_per_floor":["M","?","M","M","$","R","E","R","T","R","M","E","?","?","R","B",null,"M","M","M","?","?","R","E"],"character_chosen":"IRONCLAD","items_purchased":["Strange Spoon","Uppercut"],"campfire_rested":0,"item_purchase_floors":[5,5],"current_hp_per_floor":[68,50,55,53,68,68,44,44,44,44,36,34,27,68,68,68,68,43,46,43,43,43,43,0,0],"gold":410,"neow_bonus":"RANDOM_COLORLESS_2","is_daily":false,"chose_seed":false,"campfire_upgraded":5,"win_rate":0.0,"timestamp":1613231223,"path_taken":["M","?","M","M","$","R","E","R","T","R","M","E","?","?","R","BOSS","M","M","?","?","?","R","E"],"items_purchased_type":["Relic","Card"],"build_version":"2020-12-22","purchased_purges":0,"victory":false,"max_hp_per_floor":[68,68,68,68,68,68,68,68,68,68,68,68,68,68,68,68,68,68,68,68,68,68,68,68,68],"relic_stats":{"Strange Spoon":[3],"counters":[11,63],"Sundial":[2],"Snecko Eye":[31,36,36,39],"MealTicket":15,"Pen Nib":[4],"Whetstone":["Bash","Clothesline"],"obtain_stats":[{"Strange Spoon":5,"Matryoshka":9,"Sundial":22,"Snecko Eye":17,"MealTicket":2,"Pen Nib":12,"Whetstone":7,"Burning Blood":0},{"Strange Spoon":3,"Matryoshka":4,"Sundial":10,"Snecko Eye":7,"MealTicket":1,"Pen Nib":6,"Whetstone":4,"Burning Blood":0},{"Strange Spoon":10,"Matryoshka":15,"Sundial":57,"Snecko Eye":43,"MealTicket":3,"Pen Nib":30,"Whetstone":15,"Burning Blood":0}],"Burning Blood":54},"card_choices":[{"not_picked":["The Bomb","Chrysalis"],"picked":"HandOfGreed","floor":0},{"not_picked":["Combust","Clash","Dark Embrace"],"picked":"SKIP","floor":1},{"not_picked":["Thunderclap","Cleave"],"picked":"Clothesline","floor":3},{"not_picked":["Armaments","Iron Wave"],"picked":"Disarm","floor":4},{"not_picked":["Double Tap","Wild Strike"],"picked":"True Grit","floor":7},{"not_picked":["True Grit","Body Slam"],"picked":"Headbutt","floor":11},{"not_picked":["Sword Boomerang","Entrench"],"picked":"Dark Embrace","floor":12},{"not_picked":["Limit Break","Brutality"],"picked":"Barricade","floor":16},{"not_picked":["Pommel Strike","Whirlwind","Heavy Blade"],"picked":"SKIP","floor":18},{"not_picked":["Rage+1","Wild Strike+1"],"picked":"Metallicize+1","floor":19},{"not_picked":["Seeing Red","Headbutt","Bloodletting"],"picked":"SKIP","floor":20}],"player_experience":507615,"relics_obtained":[{"floor":7,"key":"Whetstone"},{"floor":9,"key":"Matryoshka"},{"floor":12,"key":"Pen Nib"},{"floor":22,"key":"Sundial"}],"event_choices":[{"damage_healed":0,"gold_gain":0,"player_choice":"Success","damage_taken":18,"relics_obtained":["MealTicket"],"max_hp_gain":0,"max_hp_loss":0,"event_name":"Scrap Ooze","floor":2,"gold_loss":0},{"cards_removed":["Strike_R"],"damage_healed":0,"gold_gain":0,"player_choice":"Card Removal","damage_taken":7,"max_hp_gain":0,"max_hp_loss":0,"event_name":"Golden Wing","floor":13,"gold_loss":0},{"damage_healed":41,"gold_gain":0,"player_choice":"Full Heal","damage_taken":0,"max_hp_gain":0,"max_hp_loss":0,"event_name":"Wheel of Change","floor":14,"gold_loss":0},{"damage_healed":0,"gold_gain":50,"player_choice":"Stole From Cult","damage_taken":0,"max_hp_gain":0,"max_hp_loss":0,"event_name":"Nest","floor":21,"gold_loss":0},{"damage_healed":0,"gold_gain":0,"player_choice":"Relic","damage_taken":0,"max_hp_gain":0,"max_hp_loss":0,"event_name":"Wheel of Change","floor":22,"gold_loss":0}],"is_beta":false,"boss_relics":[{"not_picked":["Empty Cage","Philosopher\u0027s Stone"],"picked":"Snecko Eye"}],"items_purged_floors":[],"is_endless":false,"potions_floor_spawned":[3,7,11,18],"killed_by":"Gremlin Leader","ascension_level":16}}