{"host":"rantoq7h0pygex6x","time":1613198381,"event":{"mods":["AchievementEnabler","BaseMod","BetterRewards","Minty Spire (QoL Compilation)"],"gold_per_floor":[110,110,110,124,124,124,24,24,75,75,108,108,33,57,57,152,152,165,165,215,215,234,234,272,290,290,64,64,97,112,112,112,206,206,221,252,252,252,275,275,275,275],"floor_reached":41,"language":"ENG","playtime":1071,"items_purged":["Defend_B","Injury","Strike_B"],"score":1321,"play_id":"aa1bbd46-abc3-4b02-af85-b6a15706da35","local_time":"20210213143941","is_ascension_mode":true,"campfire_choices":[{"data":"Zap","floor":6.0,"key":"SMITH"},{"data":"Capacitor","floor":8.0,"key":"SMITH"},{"data":"Stack","floor":10.0,"key":"SMITH"},{"data":"Barrage","floor":12.0,"key":"SMITH"},{"data":"Genetic Algorithm","floor":15.0,"key":"SMITH"},{"data":"Consume","floor":23.0,"key":"SMITH"},{"data":"Capacitor","floor":32.0,"key":"SMITH"},{"data":"Buffer","floor":40,"key":"SMITH"}],"circlet_count":0,"master_deck":["AscendersBane","Strike_B","Strike_B","Defend_B","Defend_B","Zap+1","Dualcast","Capacitor+1","Coolheaded","Stack+1","Ball Lightning+1","Leap","Barrage+1","Genetic Algorithm+1","Chill","Consume+1","Conserve Battery","Lockon+1","Hologram+1","Capacitor+1","Cold Snap","Buffer+1","Writhe","Amplify","Barrage+1","Madness","Madness","Steam+1"],"relics":["Cracked Core","Eternal Feather","Golden Idol","Calipers","PreservedInsect","Symbiotic Virus","Coffee Dripper","Pen Nib","StoneCalendar","Sundial","MutagenicStrength","Oddly Smooth Stone","Letter Opener","Philosopher\u0027s Stone","Emotion Chip"],"acts_visited":["Exordium","TheCity","TheBeyond"],"potions_floor_usage":[35,39],"damage_taken":[{"damage":5.0,"enemies":"Cultist","floor":1.0,"turns":4.0},{"damage":4.0,"enemies":"Small Slimes","floor":4.0,"turns":3.0},{"damage":14.0,"enemies":"3 Sentries","floor":11.0,"turns":5.0},{"damage":12.0,"enemies":"Jaw Worm","floor":14.0,"turns":2.0},{"damage":42.0,"enemies":"Slime Boss","floor":16.0,"turns":9.0},{"damage":8.0,"enemies":"Spheric Guardian","floor":18.0,"turns":4.0},{"damage":5.0,"enemies":"Chosen","floor":22.0,"turns":5.0},{"damage":0.0,"enemies":"Gremlin Leader","floor":24.0,"turns":6.0},{"damage":0.0,"enemies":"Centurion and Healer","floor":25.0,"turns":7.0},{"damage":10.0,"enemies":"Book of Stabbing","floor":29.0,"turns":4.0},{"damage":0.0,"enemies":"Snecko","floor":30.0,"turns":7.0},{"damage":0.0,"enemies":"Champ","floor":33.0,"turns":8.0},{"damage":6,"enemies":"3 Shapes","floor":35,"turns":6},{"damage":0,"enemies":"Mind Bloom Boss Battle","floor":36,"turns":7},{"damage":43,"enemies":"3 Darklings","floor":39,"turns":7},{"damage":39,"enemies":"Spire Growth","floor":41,"turns":3}],"seed_played":"-1204983938533657763","potions_obtained":[{"floor":1.0,"key":"SpeedPotion"},{"floor":4.0,"key":"PowerPotion"},{"floor":24.0,"key":"Weak Potion"},{"floor":29.0,"key":"BlessingOfTheForge"},{"floor":33.0,"key":"Weak Potion"},{"floor":35,"key":"Regen Potion"}],"is_trial":false,"path_per_floor":["M","?","?","M","?","R","$","R","T","R","E","R","?","M","R","B",null,"M","?","?","T","M","R","E","M","T","$","?","E","M","?","R","B",null,"M","?","?","?","M","R","M"],"character_chosen":"DEFECT","items_purchased":["Capacitor","Coolheaded","Stack","Eternal Feather","Capacitor","Cold Snap"],"campfire_rested":0,"item_purchase_floors":[0,0,0,0,27,27],"current_hp_per_floor":[37,37,37,33,28,37,37,46,46,55,41,50,50,38,47,5,55,47,47,47,47,42,51,51,51,51,51,51,41,41,41,53,53,67,61,61,48,48,20,35,0,0],"gold":275,"neow_bonus":"","is_daily":false,"chose_seed":false,"campfire_upgraded":8,"win_rate":0.0,"timestamp":1613198381,"path_taken":["M","?","?","M","?","R","?","R","T","R","E","R","?","M","R","BOSS","M","?","?","?","?","R","E","M","T","?","?","E","M","?","R","BOSS","M","?","?","?","M","R","M"],"items_purchased_type":["Card","Card","Card","Relic","Card","Card"],"build_version":"2020-12-22","purchased_purges":3,"victory":false,"max_hp_per_floor":[71,71,71,71,71,71,71,71,71,71,71,71,71,71,71,71,71,71,71,71,71,71,71,71,71,71,71,71,71,71,71,71,71,71,71,71,71,71,71,71,71,71],"card_choices":[{"not_picked":["Static Discharge","Conserve Battery"],"picked":"Ball Lightning","floor":1.0},{"not_picked":["Ball Lightning","Lockon"],"picked":"Leap","floor":4.0},{"not_picked":["Rebound","Static Discharge"],"picked":"Barrage","floor":11.0},{"not_picked":["Leap","Static Discharge"],"picked":"Genetic Algorithm","floor":14.0},{"not_picked":["Steam","Coolheaded"],"picked":"Chill","floor":18.0},{"not_picked":["Scrape","Beam Cell"],"picked":"Conserve Battery","floor":22.0},{"not_picked":["Glacier","Meteor Strike"],"picked":"Lockon+1","floor":24.0},{"not_picked":["Tempest","Recycle"],"picked":"Hologram+1","floor":25.0},{"not_picked":["Sweeping Beam","Heatsinks"],"picked":"Buffer","floor":29.0},{"not_picked":["Auto Shields","Redo","Double Energy"],"picked":"SKIP","floor":30.0},{"not_picked":["Rainbow","Reboot"],"picked":"Amplify","floor":33.0},{"not_picked":["Beam Cell","Redo"],"picked":"Barrage+1","floor":35},{"not_picked":["Capacitor","Stack"],"picked":"Steam+1","floor":39}],"player_experience":994806,"relics_obtained":[{"floor":9.0,"key":"PreservedInsect"},{"floor":11.0,"key":"Symbiotic Virus"},{"floor":21.0,"key":"Pen Nib"},{"floor":24.0,"key":"StoneCalendar"},{"floor":26.0,"key":"Sundial"},{"floor":29.0,"key":"Oddly Smooth Stone"},{"floor":36,"key":"Emotion Chip"}],"event_choices":[{"damage_healed":0.0,"max_hp_gain":0.0,"max_hp_loss":0.0,"gold_gain":0.0,"event_name":"Living Wall","player_choice":"Grow","floor":2.0,"gold_loss":0.0,"damage_taken":0.0,"cards_upgraded":["Ball Lightning"]},{"damage_healed":0.0,"max_hp_gain":0.0,"max_hp_loss":0.0,"gold_gain":0.0,"event_name":"Golden Idol","player_choice":"Take Wound","floor":3.0,"gold_loss":0.0,"damage_taken":0.0,"relics_obtained":["Golden Idol"],"cards_obtained":["Injury"]},{"damage_healed":0.0,"max_hp_gain":0.0,"max_hp_loss":0.0,"gold_gain":0.0,"event_name":"Scrap Ooze","player_choice":"Success","floor":5.0,"gold_loss":0.0,"damage_taken":5.0,"relics_obtained":["Calipers"]},{"cards_removed":["Strike_B"],"damage_healed":0.0,"max_hp_gain":0.0,"max_hp_loss":0.0,"gold_gain":0.0,"event_name":"The Cleric","player_choice":"Card Removal","floor":13.0,"gold_loss":75.0,"damage_taken":0.0},{"damage_healed":0.0,"max_hp_gain":0.0,"max_hp_loss":0.0,"gold_gain":0.0,"event_name":"The Library","player_choice":"Read","floor":19.0,"gold_loss":0.0,"damage_taken":0.0,"cards_obtained":["Consume"]},{"damage_healed":0.0,"max_hp_gain":0.0,"max_hp_loss":0.0,"gold_gain":50.0,"event_name":"Nest","player_choice":"Stole From Cult","floor":20.0,"gold_loss":0.0,"damage_taken":0.0},{"damage_healed":0.0,"max_hp_gain":0.0,"max_hp_loss":0.0,"gold_gain":0.0,"event_name":"Drug Dealer","player_choice":"Inject Mutagens","floor":28.0,"gold_loss":0.0,"damage_taken":0.0,"relics_obtained":["MutagenicStrength"]},{"damage_healed":0.0,"max_hp_gain":0.0,"max_hp_loss":0.0,"gold_gain":0.0,"event_name":"The Mausoleum","player_choice":"Opened","floor":31.0,"gold_loss":0.0,"damage_taken":0.0,"relics_obtained":["Letter Opener"],"cards_obtained":["Writhe"]},{"damage_healed":0,"gold_gain":0,"player_choice":"Fight","damage_taken":0,"max_hp_gain":0,"max_hp_loss":0,"event_name":"MindBloom","floor":36,"gold_loss":0},{"damage_healed":0,"gold_gain":0,"player_choice":"Embrace Madness","damage_taken":13,"max_hp_gain":0,"max_hp_loss":0,"event_name":"Winding Halls","floor":37,"gold_loss":0,"cards_obtained":["Madness","Madness"]},{"cards_removed":["Defend_B"],"damage_healed":0,"gold_gain":0,"player_choice":"Removed Skill","damage_taken":0,"max_hp_gain":0,"max_hp_loss":0,"event_name":"Falling","floor":38,"gold_loss":0}],"is_beta":false,"boss_relics":[{"not_picked":["Cursed Key","Tiny House"],"picked":"Coffee Dripper"},{"not_picked":["SacredBark","Astrolabe"],"picked":"Philosopher\u0027s Stone"}],"items_purged_floors":[0,7,27],"is_endless":false,"potions_floor_spawned":[1,4,24,25,29,33,35,36],"killed_by":"Spire Growth","ascension_level":20}}