{"host":"4rvakrj1idbgia3f","time":1613226362,"event":{"mods":["BaseMod","Colored Map","Colored Powertips","DeckTracker","Highlight Path","Minty Spire (QoL Compilation)","Random Character Button","StSLib"],"gold_per_floor":[118,118,134,157,167,167,195,233,245,287,319,331,378,360,372,461,473,495,519,531,543,543],"floor_reached":21,"language":"JPN","playtime":794,"items_purged":[],"score":544,"play_id":"6d33a93e-7211-4ef8-a449-ce62d59a5b64","local_time":"20210213232602","is_ascension_mode":true,"campfire_choices":[{"data":"Flying Knee","floor":6,"key":"SMITH"},{"data":"Prepared","floor":12,"key":"SMITH"},{"data":"Eviscerate","floor":15,"key":"SMITH"}],"circlet_count":0,"master_deck":["AscendersBane","Strike_G+1","Strike_G+1","Strike_G+1","Strike_G+1","Defend_G+1","Defend_G+1","Defend_G+1","Survivor","Neutralize","Riddle With Holes+1","Deflect+1","Caltrops+1","Skewer+1","Quick Slash","Flying Knee+1","Backflip","PiercingWail","Prepared+1","Eviscerate+1","Doppelganger","Expertise","Acrobatics","Reflex","Predator"],"relics":["Astrolabe","Juzu Bracelet","MawBank","Odd Mushroom","Prayer Wheel","Orichalcum","StrikeDummy","Snecko Eye"],"acts_visited":["Exordium","TheCity"],"potions_floor_usage":[3,7,10,13,16,16],"damage_taken":[{"damage":0,"enemies":"2 Louse","floor":1,"turns":3},{"damage":2,"enemies":"Jaw Worm","floor":3,"turns":2},{"damage":5,"enemies":"Small Slimes","floor":5,"turns":3},{"damage":4,"enemies":"Gremlin Nob","floor":7,"turns":3},{"damage":2,"enemies":"The Mushroom Lair","floor":8,"turns":4},{"damage":6,"enemies":"3 Sentries","floor":10,"turns":6},{"damage":8,"enemies":"Exordium Thugs","floor":11,"turns":4},{"damage":0,"enemies":"Gremlin Nob","floor":13,"turns":3},{"damage":0,"enemies":"Slime Boss","floor":16,"turns":6},{"damage":29,"enemies":"2 Thieves","floor":18,"turns":4},{"damage":16,"enemies":"Shell Parasite","floor":19,"turns":4},{"damage":15,"enemies":"Centurion and Healer","floor":21,"turns":2}],"seed_played":"8627423404496248864","potions_obtained":[{"floor":1,"key":"AttackPotion"},{"floor":5,"key":"SteroidPotion"},{"floor":7,"key":"FearPotion"},{"floor":11,"key":"AttackPotion"},{"floor":14,"key":"DuplicationPotion"},{"floor":14,"key":"Strength Potion"}],"is_trial":false,"path_per_floor":["M","?","M","T","M","R","E","?","T","E","M","R","E","?","R","B",null,"M","M","?","M"],"character_chosen":"THE_SILENT","items_purchased":[],"campfire_rested":0,"item_purchase_floors":[],"current_hp_per_floor":[59,59,57,57,52,52,48,46,46,40,32,32,32,32,32,32,58,29,13,13,0,0],"gold":543,"neow_bonus":"BOSS_RELIC","is_daily":false,"chose_seed":false,"campfire_upgraded":3,"win_rate":0.0,"timestamp":1613226362,"path_taken":["M","?","M","?","M","R","E","?","T","E","M","R","E","?","R","BOSS","M","M","?","M"],"items_purchased_type":[],"build_version":"2020-12-22","purchased_purges":0,"victory":false,"max_hp_per_floor":[66,66,66,66,66,66,66,66,66,66,66,66,66,66,66,66,66,66,66,66,66,66],"card_choices":[{"not_picked":["Sucker Punch","Reflex"],"picked":"Skewer","floor":1},{"not_picked":["Skewer","Blur"],"picked":"Quick Slash","floor":3},{"not_picked":["Prepared","Tactician"],"picked":"Flying Knee","floor":5},{"not_picked":["Riddle With Holes","Poisoned Stab"],"picked":"Backflip","floor":7},{"not_picked":["Eviscerate","Quick Slash"],"picked":"PiercingWail","floor":8},{"not_picked":["Bouncing Flask","Eviscerate","Dagger Throw"],"picked":"SKIP","floor":10},{"not_picked":["Calculated Gamble","Skewer"],"picked":"Prepared","floor":11},{"not_picked":["Sucker Punch","Catalyst"],"picked":"Eviscerate","floor":11},{"not_picked":["Cloak And Dagger","Quick Slash","Catalyst"],"picked":"SKIP","floor":13},{"not_picked":["Grand Finale","Burst"],"picked":"Doppelganger","floor":16},{"not_picked":["Finisher","Flying Knee"],"picked":"Expertise","floor":18},{"not_picked":["Backstab","Bane"],"picked":"Acrobatics","floor":18},{"not_picked":["Accuracy","Deadly Poison"],"picked":"Reflex","floor":19},{"not_picked":["Outmaneuver+1","Cloak And Dagger"],"picked":"Predator","floor":19}],"player_experience":2352427,"relics_obtained":[{"floor":4,"key":"Juzu Bracelet"},{"floor":7,"key":"MawBank"},{"floor":8,"key":"Odd Mushroom"},{"floor":9,"key":"Prayer Wheel"},{"floor":10,"key":"Orichalcum"},{"floor":13,"key":"StrikeDummy"}],"event_choices":[{"damage_healed":0,"gold_gain":0,"player_choice":"Grow","damage_taken":0,"max_hp_gain":0,"max_hp_loss":0,"event_name":"Living Wall","floor":2,"gold_loss":0,"cards_upgraded":["Skewer"]},{"damage_healed":0,"gold_gain":0,"player_choice":"Fought Mushrooms","damage_taken":0,"max_hp_gain":0,"max_hp_loss":0,"event_name":"Mushrooms","floor":8,"gold_loss":0},{"damage_healed":0,"gold_gain":0,"player_choice":"Bought 2 Potions","damage_taken":0,"max_hp_gain":0,"max_hp_loss":0,"event_name":"The Woman in Blue","floor":14,"gold_loss":0},{"damage_healed":0,"gold_gain":0,"player_choice":"Simplicity","damage_taken":0,"max_hp_gain":0,"max_hp_loss":0,"event_name":"Back to Basics","floor":20,"gold_loss":0,"cards_upgraded":["Strike_G","Strike_G","Strike_G","Strike_G","Defend_G","Defend_G","Defend_G"]}],"is_beta":false,"boss_relics":[{"not_picked":["Busted Crown","Empty Cage"],"picked":"Snecko Eye"}],"items_purged_floors":[],"is_endless":false,"potions_floor_spawned":[1,5,7,11],"killed_by":"Centurion and Healer","ascension_level":20}}