{"host":"08z5bj28eube4vug","time":1613199738,"event":{"mods":["100% Spire Juice","2.2 Compatiblity","Abigail Mod","Act Like it!","BaseMod","Beaked The Cultist","Bestiary","Friendly Minions","Gensokyo","GungeonMod","Hallownest","Kiyohime????","Koishi","Lobotomy","Marisa????????","Minty Spire (QoL Compilation)","Prisma Mod","Remilia??????","Replay The Spire","Spire Arcade","StSLib","Td1madao Mod","The Alterego","The Bug Knight","The Jungle","The Sage","The Senshi","The Servant 0.9.4","Waifu the Spire","WarShipGirlsR/????R mod","Yuri Mod"],"gold_per_floor":[116,116,136,67,83,83,108,108,108,126,96,106,120,153,153,258,258,268,287,11,11,25,25,53,53,76,7,23,34,65,87,99,208,220,243,13,27,1026,719,719,736,765,834,834,853,888,432,451,451,451,451,451,88,116,116],"floor_reached":56,"language":"ENG","playtime":6483,"items_purged":["Normality","Normality"],"score":2162,"play_id":"e52f7c48-3a03-41b0-9056-d17a82e5f346","local_time":"20210213100218","is_ascension_mode":true,"campfire_choices":[{"data":"Koishi:ParalyzingFear","floor":6,"key":"SMITH"},{"floor":8,"key":"REST"},{"data":"Koishi:FidgetySnatcher","floor":15,"key":"SMITH"},{"data":"Koishi:SprinkleStarAndHeart","floor":23,"key":"SMITH"},{"data":"Koishi:RoseHell","floor":25,"key":"SMITH"},{"data":"Koishi:ParalyzingFear","floor":32,"key":"SMITH"},{"data":"Koishi:EmbryosDream","floor":40,"key":"SMITH"},{"floor":44,"key":"RECALL"},{"data":"DemoMod:Invincible","floor":49,"key":"SMITH"},{"data":"Koishi:PhantomBarrier","floor":52,"key":"SMITH"}],"circlet_count":0,"master_deck":["Koishi:BasicStrike","Koishi:BasicStrike","Koishi:BasicStrike","Koishi:BasicStrike","Koishi:BasicDefend","Koishi:BasicDefend","Koishi:BasicDefend","Koishi:BasicDefend","Koishi:Provoke","Koishi:HauntingSlash","Koishi:JumpScare","Koishi:FidgetySnatcher+1","Koishi:ParalyzingFear+1","Koishi:DreadfulBlow","Koishi:SubterraneanRose","Koishi:PerfectMindControl","Koishi:SubconsciousSweep","Koishi:TremblingHands","Koishi:SilentAndRestless","Koishi:SubterraneanRose","Koishi:SprinkleStarAndHeart+1","Koishi:PerfectMindControl+1","Koishi:PhantomBarrier","Koishi:ParalyzingFear+1","Koishi:PredatoryInstincts","Koishi:RoseHell+1","Koishi:MindNumbingTerror","Koishi:Jaunt","Koishi:PhantomStrike+1","Koishi:Vanish","Koishi:SubterraneanRose","Koishi:Vanish","Koishi:MindStellarRelief+1","Koishi:EmbryosDream+1","Koishi:SilentAndRestless","Koishi:DNAsFlaw","Koishi:PhantomBarrier+1","Koishi:RacingHeart+1","DemoMod:Invincible+1","Koishi:BramblyRoseGarden","Koishi:VengefulSpirit+1","Apotheosis+1","Dark Shackles+1"],"relics":["Koishi:ImaginaryFriend","Bag of Marbles","Regal Pillow","DemoMod:JetPack","Simple Rune","Replay:Bronze Core","Membership Card","Koishi:AHoleWhereASisterShouldBe","ReplayTheSpireMod:TigerMarble","MawBank","SlaversCollar","ClockworkSouvenir","Lantern","DemoMod:ClearGuonStone","Lee\u0027s Waffle","ReplayTheSpireMod:Lightbulb","DemoMod:MonsterBlood","Oddly Smooth Stone","HollowMod:StagPassRelic","Guide Book","yuri:PortableGlitches","Sling","Bottled Lightning"],"acts_visited":["Exordium","TheCity","TheBeyond","TheEnding"],"potions_floor_usage":[7,12,14,16,16,16,24,24,24,33,35,55,55],"damage_taken":[{"damage":2,"enemies":"Small Slimes","floor":1,"turns":4},{"damage":8,"enemies":"Jaw Worm","floor":3,"turns":5},{"damage":6,"enemies":"Cultist","floor":5,"turns":5},{"damage":37,"enemies":"3 Sentries","floor":7,"turns":8},{"damage":0,"enemies":"3 Louse","floor":10,"turns":4},{"damage":3,"enemies":"Lots of Slimes","floor":12,"turns":4},{"damage":5,"enemies":"Exordium Thugs","floor":13,"turns":4},{"damage":0,"enemies":"Lagavulin","floor":14,"turns":8},{"damage":1,"enemies":"Fading Forest","floor":16,"turns":11},{"damage":3,"enemies":"2 Thieves","floor":18,"turns":4},{"damage":0,"enemies":"Chosen","floor":19,"turns":5},{"damage":0,"enemies":"Centurion and Healer","floor":22,"turns":3},{"damage":11,"enemies":"Book of Stabbing","floor":24,"turns":5},{"damage":2,"enemies":"Shelled Parasite and Fungi","floor":28,"turns":4},{"damage":0,"enemies":"3 Cultists","floor":29,"turns":3},{"damage":3,"enemies":"Gremlin Leader","floor":30,"turns":3},{"damage":3,"enemies":"Snecko","floor":31,"turns":6},{"damage":3,"enemies":"Champ","floor":33,"turns":13},{"damage":3,"enemies":"3 Darklings","floor":35,"turns":4},{"damage":1,"enemies":"3 Shapes","floor":37,"turns":5},{"damage":0,"enemies":"Writhing Mass","floor":41,"turns":4},{"damage":3,"enemies":"beaked:SuperParasite","floor":42,"turns":9},{"damage":0,"enemies":"Maw","floor":45,"turns":9},{"damage":0,"enemies":"Nemesis","floor":46,"turns":7},{"damage":0,"enemies":"4 Shapes","floor":48,"turns":5},{"damage":11,"enemies":"Awakened One","floor":50,"turns":10},{"damage":3,"enemies":"Shield and Spear","floor":54,"turns":8},{"damage":36,"enemies":"The Heart","floor":55,"turns":7}],"seed_played":"8126188726998982513","potions_obtained":[{"floor":1,"key":"Dexterity Potion"},{"floor":10,"key":"Elixir"},{"floor":11,"key":"Fire Potion"},{"floor":11,"key":"FearPotion"},{"floor":12,"key":"PowerPotion"},{"floor":13,"key":"FearPotion"},{"floor":14,"key":"DistilledChaos"},{"floor":19,"key":"SkillPotion"},{"floor":21,"key":"Swift Potion"},{"floor":21,"key":"Dexterity Potion"},{"floor":24,"key":"Death Potion"},{"floor":28,"key":"ColorlessPotion"},{"floor":31,"key":"SkillPotion"},{"floor":33,"key":"SkillPotion"},{"floor":35,"key":"SpeedPotion"},{"floor":45,"key":"Languid Potion"}],"is_trial":false,"path_per_floor":["M","?","M","$","M","R","E","R","T","M","?","M","M","E","R","B",null,"M","M","$","?","M","R","E","R","T","$","M","M","E","M","R","B",null,"M","$","M","?","$","R","M","E","T","R","M","E","$","M","R","B",null,"R","$","E","B",null],"character_chosen":"KOISHI","items_purchased":["Koishi:FidgetySnatcher","Membership Card","Koishi:PerfectMindControl","Koishi:PhantomBarrier","Koishi:ParalyzingFear","Koishi:MindNumbingTerror","Koishi:Jaunt","Weak Potion","ClockworkSouvenir","Lantern","Koishi:EmbryosDream","Koishi:SilentAndRestless","DemoMod:ClearGuonStone","DemoMod:LeadSkinPotion","Lee\u0027s Waffle","ReplayTheSpireMod:Lightbulb","Oddly Smooth Stone","HollowMod:StagPassRelic","Guide Book","DemoMod:Invincible","Koishi:BramblyRoseGarden","yuri:PortableGlitches","Apotheosis","Sling","Dark Shackles","SkillPotion"],"campfire_rested":1,"item_purchase_floors":[4,20,20,20,20,27,27,27,36,36,36,36,39,39,39,39,47,47,47,47,47,53,53,53,53,53],"current_hp_per_floor":[54,54,50,50,49,49,17,50,50,54,54,55,55,60,60,60,60,60,60,60,60,60,60,53,53,53,53,60,60,60,60,60,60,60,60,60,60,60,67,67,67,67,67,67,67,74,74,74,74,74,74,74,74,74,47],"gold":116,"neow_bonus":"RANDOM_COMMON_RELIC","is_daily":false,"chose_seed":false,"campfire_upgraded":8,"win_rate":0.0,"timestamp":1613199738,"path_taken":["M","?","M","$","M","R","E","R","T","M","?","?","M","E","R","BOSS","M","M","$","?","?","R","E","R","T","$","M","M","E","M","R","BOSS","M","$","M","?","$","R","M","E","T","R","M","E","$","M","R","BOSS","R","$","E","BOSS"],"items_purchased_type":["Card","Relic","Card","Card","Card","Card","Card","Potion","Relic","Card","Card","Card","Relic","Undefined","Relic","Relic","Relic","Relic","Relic","Card","Card","Relic","Card","Relic","Card","Potion"],"build_version":"2020-12-22","purchased_purges":2,"victory":true,"max_hp_per_floor":[60,60,60,60,60,60,60,60,60,60,60,60,60,60,60,60,60,60,60,60,60,60,60,60,60,60,60,60,60,60,60,60,60,60,60,60,60,60,67,67,67,67,67,67,67,74,74,74,74,74,74,74,74,74,74],"card_choices":[{"not_picked":["Koishi:FleetingPhantom","Koishi:HeartfeltFancy"],"picked":"Koishi:JumpScare","floor":1},{"not_picked":["Koishi:StingingMind","Koishi:EmbersOfLove","Koishi:SpiritedAway"],"picked":"SKIP","floor":3},{"not_picked":["Koishi:Prune","Koishi:CatchAndRose"],"picked":"Koishi:ParalyzingFear","floor":5},{"not_picked":["Koishi:SuperEgo","Koishi:GeneticsOfTheUnconscious"],"picked":"Koishi:DreadfulBlow","floor":7},{"not_picked":["Koishi:StrangeCloudFist","Koishi:StingingMind"],"picked":"Koishi:SubterraneanRose","floor":10},{"not_picked":["Koishi:IdleWhim","Koishi:SubterraneanRose"],"picked":"Koishi:PerfectMindControl","floor":12},{"not_picked":["Koishi:TraumaticStroke","Koishi:UnconsciousUprising"],"picked":"Koishi:SubconsciousSweep","floor":13},{"not_picked":["Koishi:Vanish","Koishi:PhantomStrike"],"picked":"Koishi:TremblingHands","floor":14},{"not_picked":["Koishi:FadingMemory","Koishi:RuptureMind"],"picked":"Koishi:SilentAndRestless","floor":16},{"not_picked":["Koishi:ReflexRadar","Koishi:IdleWhim+1"],"picked":"Koishi:SubterraneanRose","floor":18},{"not_picked":["Koishi:DanmakuParanoia+1","Koishi:EmbryosDream"],"picked":"Koishi:SprinkleStarAndHeart","floor":19},{"not_picked":["Koishi:RacingHeart+1","Koishi:TremblingHands"],"picked":"Koishi:PredatoryInstincts","floor":22},{"not_picked":["Koishi:PhantomStrike","Koishi:GeneticsOfTheUnconscious+1"],"picked":"Koishi:RoseHell","floor":24},{"not_picked":["Koishi:Jaunt","Koishi:BloodcurdlingScream"],"picked":"Koishi:PhantomStrike+1","floor":28},{"not_picked":["Koishi:ReflexRadar","Koishi:FleetingPhantom"],"picked":"Koishi:Vanish","floor":29},{"not_picked":["Koishi:HeartAttack","Koishi:CatchAndRose+1"],"picked":"Koishi:SubterraneanRose","floor":30},{"not_picked":["Koishi:SubconsciousSweep","Koishi:ReflexRadar"],"picked":"Koishi:Vanish","floor":31},{"not_picked":["Koishi:Heartbroken","Koishi:FormlessExistence"],"picked":"Koishi:MindStellarRelief","floor":33},{"not_picked":["Koishi:HeartfeltFancy+1","Koishi:ParalyzingFear","Koishi:ReflexRadar"],"picked":"SKIP","floor":35},{"not_picked":["Koishi:BloodcurdlingScream","Koishi:SubterraneanRose","Koishi:RacingHeart"],"picked":"SKIP","floor":37},{"not_picked":["Koishi:SpiritedAway","Koishi:DanmakuParanoia"],"picked":"Koishi:DNAsFlaw","floor":41},{"not_picked":["Koishi:ReleaseOfTheId","Koishi:BloodcurdlingScream+1","Koishi:FreudianInstinct+1"],"picked":"SKIP","floor":42},{"not_picked":["Koishi:DNAsFlaw+1","Koishi:BloodcurdlingScream+1"],"picked":"Koishi:PhantomBarrier","floor":45},{"not_picked":["Koishi:Jaunt+1","Koishi:ConditionedTeleport"],"picked":"Koishi:RacingHeart+1","floor":46},{"not_picked":["Koishi:GhostParty","Koishi:Bloodlust+1"],"picked":"Koishi:VengefulSpirit+1","floor":48},{"not_picked":["Koishi:RacingHeart","Koishi:DreadfulBlow+1","Koishi:Bloodlust"],"picked":"SKIP","floor":54}],"player_experience":918538,"relics_obtained":[{"floor":7,"key":"Regal Pillow"},{"floor":9,"key":"DemoMod:JetPack"},{"floor":14,"key":"Simple Rune"},{"floor":24,"key":"Koishi:AHoleWhereASisterShouldBe"},{"floor":26,"key":"ReplayTheSpireMod:TigerMarble"},{"floor":30,"key":"MawBank"},{"floor":46,"key":"DemoMod:MonsterBlood"},{"floor":54,"key":"Bottled Lightning"}],"event_choices":[{"damage_healed":0,"gold_gain":0,"player_choice":"Bought 2 Potions","damage_taken":0,"max_hp_gain":0,"max_hp_loss":0,"event_name":"The Woman in Blue","floor":11,"gold_loss":0},{"damage_healed":0,"gold_gain":0,"player_choice":"Got Potions","damage_taken":0,"max_hp_gain":0,"max_hp_loss":0,"event_name":"Lab","floor":21,"gold_loss":0},{"damage_healed":0,"gold_gain":999,"player_choice":"Gold","damage_taken":0,"max_hp_gain":0,"max_hp_loss":0,"event_name":"MindBloom","floor":38,"gold_loss":0,"cards_obtained":["Normality","Normality"]}],"is_beta":false,"boss_relics":[{"not_picked":["Coffee Dripper","ReplayTheSpireMod:DimensionalGlitch"],"picked":"Replay:Bronze Core"},{"not_picked":["Pandora\u0027s Box","Kintsugi"],"picked":"SlaversCollar"}],"items_purged_floors":[39,47],"is_endless":false,"potions_floor_spawned":[1,10,12,13,14,19,24,28,31,33,35,41,45],"ascension_level":9}}