{"host":"l6xyv3lwc9bjgrrs","time":1613200572,"event":{"mods":["BaseMod","BetterRewards","Colored Map","Colored Powertips","Downfall","Duelist Mod","Googly Eyes","Highlight Path","Hubris","Infinite Spire","Koishi","Marisa????????","Minty Spire (QoL Compilation)","READ ME - Guardian Mod","READ ME - Snecko Mod","Remilia??????","Shop Mod","StSLib","SuperFastMode","The Animator","The Disciple","The Hierophant","The Jungle","The Necromancer","The Poker Player","The Servant 0.9.4"],"gold_per_floor":[99,117,117,9999999,9998933,9998138,9998138,9998138,9998156,9998156,9997320,9997320,9997333,9997483,9997498,9997593,9997593,9997593,9997607,9997625,9997643,9996469,9996479,9996529,9996529,9996542,9996560,9996590,9996590,9995514,9995525,9995544,9995641,9995641,9995641,9995654,9995654,9995666,9995666,9995716,9995761,9995761,9994286,9992842,9992852,9992901,9992901,9992929,9992829,9992829],"floor_reached":51,"language":"ENG","playtime":2596,"items_purged":["Guardian:Defend_Guardian","Guardian:Defend_Guardian","Guardian:Defend_Guardian","Guardian:Defend_Guardian","Guardian:Strike_Guardian","downfall:Aged","Guardian:CurlUp+1","Transmutation"],"score":1435,"play_id":"acb2738d-0cd5-4f33-be7f-54d10fa6eeed","local_time":"20210213181612","is_ascension_mode":false,"campfire_choices":[{"data":"Guardian:TwinSlam","floor":1.0,"key":"SMITH"},{"data":"expansioncontent:StudyTheSpire","floor":8,"key":"SMITH"},{"data":"Mind Blast","floor":12,"key":"SMITH"},{"data":"Guardian:ExploitGems","floor":18,"key":"SMITH"},{"data":"expansioncontent:HyperBeam","floor":35,"key":"SMITH"},{"data":"hubris:InfiniteBlow+4","floor":47,"key":"SMITH"},{"data":"hubris:InfiniteBlow+5","floor":49,"key":"SMITH"}],"circlet_count":0,"master_deck":["Guardian:TwinSlam+1","Guardian:BronzeOrb","Guardian:Gem_Cyan","Guardian:Gem_Crimson","Guardian:Gem_Blue","Guardian:Gem_White","Guardian:Gem_Green","Guardian:Gem_White","Guardian:Gem_Green","Guardian:Gem_Blue","Guardian:Gem_Crimson","Guardian:Gem_Crimson","Guardian:Gem_Lightblue","Guardian:Gem_Crimson","Guardian:Gem_Green","Guardian:Gem_Green","Guardian:Gem_Red","Guardian:Gem_Cyan","Guardian:Gem_Purple","Guardian:Gem_Lightblue","Guardian:Gem_Lightblue","Guardian:Gem_Crimson","Guardian:Gem_Cyan","Guardian:Gem_Crimson","Guardian:Gem_Blue","Guardian:Gem_Cyan","Guardian:Gem_Crimson","Guardian:Gem_Crimson","Guardian:Gem_Red","Guardian:Gem_Red","Guardian:Gem_Cyan","Guardian:Gem_Cyan","Guardian:Gem_Synthetic","Guardian:Gem_Cyan","Guardian:Gem_Yellow","Guardian:Gem_Blue","Guardian:Gem_Blue","Guardian:Gem_Fragmented","Guardian:Gem_Green","Guardian:Gem_Blue","Guardian:Gem_Green","Guardian:Gem_Blue","Guardian:Gem_Purple","Guardian:Gem_Crimson","Guardian:Gem_Synthetic","Guardian:Gem_Cyan","Guardian:Gem_Blue","Guardian:Gem_Cyan","Guardian:Gem_Green","Guardian:Gem_Lightblue","Guardian:Gem_Green","Guardian:Gem_Red","Guardian:Gem_Crimson","Guardian:Gem_Blue","Guardian:Gem_White","Guardian:Gem_Red","Guardian:Gem_Yellow","Guardian:Gem_Red","Guardian:Gem_Green","Guardian:Gem_Synthetic","Guardian:Gem_Crimson","Guardian:Gem_Lightblue","Guardian:Gem_Purple","Guardian:Gem_White","Guardian:Gem_Synthetic","Guardian:Gem_Blue","Guardian:Gem_Synthetic","Guardian:Gem_Blue","Guardian:Gem_Fragmented","Guardian:Gem_Purple","Guardian:Gem_Green","Guardian:Gem_Green","Guardian:Gem_Synthetic","Guardian:Gem_Lightblue","Guardian:Gem_Green","Guardian:Gem_Red","Guardian:Gem_Blue","Guardian:Gem_Green","Guardian:Gem_Purple","Guardian:Gem_White","Guardian:Gem_Green","Guardian:Gem_Green","Guardian:Gem_Cyan","Guardian:Gem_Fragmented","Guardian:Gem_Purple","Guardian:Gem_Yellow","Guardian:Gem_White","Guardian:Gem_Blue","Guardian:Gem_Blue","Guardian:Gem_Blue","Guardian:Gem_Blue","Guardian:Gem_Crimson","Guardian:Gem_Green","Guardian:Gem_Lightblue","Guardian:Gem_Yellow","Guardian:Gem_Purple","Guardian:Gem_Cyan","Guardian:Gem_Red","Guardian:Gem_Cyan","Guardian:Gem_Cyan","Guardian:Gem_Lightblue","Guardian:Gem_Lightblue","Guardian:Gem_Fragmented","Guardian:Gem_Red","Guardian:Gem_Green","Guardian:Gem_Synthetic","Guardian:Gem_Purple","Guardian:Gem_Purple","Guardian:Gem_Green","Guardian:Gem_White","Guardian:Gem_Blue","Guardian:Gem_Fragmented","Guardian:Gem_Purple","Guardian:Gem_Blue","Guardian:Gem_Green","Guardian:Gem_Fragmented","Guardian:Gem_Crimson","Guardian:Gem_Red","Guardian:Gem_Purple","Guardian:Gem_Purple","Guardian:Gem_Lightblue","Guardian:Gem_Red","Guardian:Gem_Yellow","Guardian:Gem_Cyan","Guardian:Gem_Lightblue","Guardian:Gem_Purple","Guardian:Gem_Synthetic","Guardian:Gem_Blue","Guardian:Gem_Synthetic","Guardian:Gem_Crimson","Guardian:Gem_Cyan","Guardian:Gem_Cyan","Guardian:Gem_Lightblue","Guardian:Gem_Yellow","Guardian:Gem_Crimson","Guardian:Gem_White","Guardian:Gem_Blue","Guardian:Gem_Purple","Guardian:Gem_Synthetic","Guardian:Gem_Blue","Guardian:Gem_Lightblue","Guardian:Gem_Cyan","Guardian:Gem_Synthetic","Guardian:Gem_Lightblue","Guardian:Gem_Cyan","Guardian:Gem_Red","Guardian:Gem_White","Guardian:Gem_Fragmented","Guardian:Gem_Fragmented","Guardian:Gem_Lightblue","Guardian:Gem_Lightblue","Guardian:Gem_Green","Guardian:Gem_White","Guardian:Gem_Fragmented","Guardian:Gem_Red","Guardian:Gem_Green","Guardian:Gem_Blue","Guardian:Gem_Lightblue","Guardian:Gem_Green","Guardian:Gem_White","Guardian:Gem_Cyan","Guardian:Gem_Green","Guardian:Gem_Yellow","Guardian:Gem_Lightblue","expansioncontent:StudyTheSpire","expansioncontent:StudyTheSpire+1","Guardian:BronzeOrb","expansioncontent:StudyTheSpire","Mind Blast+1","Guardian:PrismaticBarrier+1","downfall:Icky","Guardian:RollAttack","Guardian:ExploitGems+1","Guardian:PrismaticBeam","Guardian:Suspension","expansioncontent:QuickStudy","Guardian:TimeSifter","Guardian:PrismaticBeam","Guardian:Clone","Guardian:TemporalStrike+1","Guardian:Planning","Violence","expansioncontent:HyperBeam+1","Guardian:PrismaticBarrier","Guardian:ConstructionForm","Guardian:CrystalBeam+1","Guardian:WalkerClaw","hubris:InfiniteBlow+6","Guardian:Gem_Lightblue","Guardian:Emergency","Guardian:Gem_Blue","infinitespire:DeathsTouch","infinitespire:FutureSight","infinitespire:Execution","infinitespire:Gouge","Guardian:BodySlam+1","expansioncontent:QuickStudy","Guardian:BaubleBeam","Guardian:PrismaticBeam","expansioncontent:Chronoboost","expansioncontent:QuickStudy"],"relics":["Guardian:ModeShifter","Guardian:PickAxe","hubris:MobiusCoin","ClockworkSouvenir","Dream Catcher","Meat on the Bone","Mercury Hourglass","infinitespire:Eraser","DollysMirror","MerchantsRug","ScarletDevilRocket","downfall:ShatteredFragment","HandDrill","Regal Pillow","hubris:Backtick","Unceasing Top","hubris:CrystalStatue","HornCleat","hubris:EmptyBottle","Potion Belt","downfall:RedIOU","infinitespire:PuzzleCube","hubris:PeanutButter","War Paint","Guardian:BottledStasis","hubris:ScarierMask","Guardian:StasisEgg","Pandora\u0027s Box","Gambling Chip","hubris:Spice","downfall:HeartBlessingGreen"],"acts_visited":["Exordium","TheCity","TheBeyond"],"potions_floor_usage":[],"damage_taken":[{"damage":1.0,"enemies":"Jaw Worm","floor":2.0,"turns":4.0},{"damage":9.0,"enemies":"Jaw Worm","floor":3.0,"turns":6.0},{"damage":0,"enemies":"downfall:FleeingMerchant","floor":5,"turns":4},{"damage":0,"enemies":"downfall:FleeingMerchant","floor":6,"turns":1},{"damage":10,"enemies":"Small Slimes","floor":9,"turns":6},{"damage":0,"enemies":"2 Louse","floor":13,"turns":1},{"damage":0,"enemies":"Large Slime","floor":15,"turns":1},{"damage":0,"enemies":"SI_SHIV_ARCHETYPE","floor":16,"turns":1},{"damage":0,"enemies":"Spheric Guardian","floor":19,"turns":1},{"damage":0,"enemies":"3 Byrds","floor":20,"turns":1},{"damage":0,"enemies":"Cultist and Chosen","floor":21,"turns":2},{"damage":0,"enemies":"3 Cultists","floor":23,"turns":1},{"damage":0,"enemies":"Snecko","floor":26,"turns":1},{"damage":0,"enemies":"Snake Plant","floor":27,"turns":1},{"damage":0,"enemies":"theDuelist:KaibaA2","floor":28,"turns":1},{"damage":0,"enemies":"Cultist and Chosen","floor":31,"turns":2},{"damage":0,"enemies":"3 Cultists","floor":32,"turns":3},{"damage":0,"enemies":"IC_MUSHROOM_ARCHETYPE","floor":33,"turns":2},{"damage":0,"enemies":"Orb Walker","floor":36,"turns":1},{"damage":0,"enemies":"3 Darklings","floor":38,"turns":1},{"damage":0,"enemies":"2 Orb Walkers","floor":40,"turns":1},{"damage":0,"enemies":"Sphere and 2 Shapes","floor":45,"turns":1},{"damage":0,"enemies":"Nightmare","floor":48,"turns":1},{"damage":0,"enemies":"DF_ARCHETYPE_ORBS","floor":50,"turns":3}],"seed_played":"4537045797432476995","potions_obtained":[{"floor":26,"key":"PowerPotion"}],"is_trial":false,"path_per_floor":["R","M","?","?","$","$","T","R","M","?","$","R","M","?","M","B",null,"R","M","M","M","$","M","T","?","M","M","E","?","$","M","M","B",null,"R","M","?","M","AVR","?","T","?","?","$","M","T","R","NM","R","B",null],"character_chosen":"GUARDIAN","items_purchased":["ClockworkSouvenir","Dream Catcher","Meat on the Bone","SpeedPotion","Guardian:StasisDiscoveryPotion","LiquidBronze","Transmutation","Mercury Hourglass","infinitespire:Eraser","expansioncontent:StudyTheSpire","DollysMirror","AttackPotion","MerchantsRug","Juzu Bracelet","HandDrill","Regal Pillow","expansioncontent:StudyTheSpire","Mind Blast","expansioncontent:QuickStudy","hubris:CrystalStatue","HornCleat","hubris:EmptyBottle","PowerPotion","Guardian:TimeSifter","Violence","hubris:PeanutButter","expansioncontent:HyperBeam","War Paint","Guardian:BottledStasis","DuplicationPotion","hubris:Spice","hubris:Spice","hubris:Spice","expansioncontent:QuickStudy","Guardian:BaubleBeam","Guardian:PrismaticBeam","hubris:Spice","hubris:Spice","hubris:Spice","expansioncontent:Chronoboost","expansioncontent:QuickStudy","Guardian:BlockOnCardUsePotion"],"campfire_rested":0,"item_purchase_floors":[5,5,5,5,5,5,5,6,6,6,6,6,6,11,11,11,11,11,22,22,22,22,22,22,30,30,30,30,30,30,43,43,43,43,43,43,44,44,44,44,44,44],"current_hp_per_floor":[88,87,88,88,88,88,88,88,78,54,54,54,54,54,54,54,88,88,88,88,88,88,88,88,88,88,88,88,88,88,88,88,88,88,88,88,88,88,88,96,104,104,80,7984,7984,7976,7976,7968,7968,7968],"gold":9992829,"neow_bonus":"TEN_PERCENT_HP_BONUS","is_daily":false,"chose_seed":false,"campfire_upgraded":7,"win_rate":0.0,"timestamp":1613200572,"path_taken":["R","M","?","?","?","$","T","R","M","?","$","R","M","?","M","BOSS","R","M","M","M","$","M","T","?","M","M","E","?","$","?","M","BOSS","R","M","?","M","AVR","?","T","?","?","$","M","?","R","NM","R","BOSS"],"items_purchased_type":["Relic","Relic","Relic","Potion","Potion","Potion","Card","Relic","Relic","Card","Relic","Potion","Relic","Relic","Relic","Relic","Card","Card","Card","Relic","Relic","Relic","Potion","Card","Card","Relic","Card","Relic","Relic","Potion","Relic","Relic","Relic","Card","Card","Card","Relic","Relic","Relic","Card","Card","Potion"],"build_version":"2020-12-22","purchased_purges":8,"victory":true,"max_hp_per_floor":[88,88,88,88,88,88,88,88,88,88,88,88,88,88,88,88,88,88,88,88,88,88,88,88,88,88,88,88,88,88,88,88,88,88,88,88,88,88,88,96,104,104,80,7984,7984,7976,7976,7968,7968,7968],"card_choices":[{"not_picked":["Guardian:TemporalStrike","Guardian:Reroute"],"picked":"Guardian:BronzeOrb","floor":2.0},{"not_picked":["Guardian:WalkerClaw","Guardian:Preprogram","Guardian:SpikerProtocol"],"picked":"SKIP","floor":5},{"not_picked":["Guardian:Gem_Lightblue","Guardian:Gem_Green","Guardian:PrismaticBarrier"],"picked":"SKIP","floor":6},{"not_picked":["Guardian:TemporalShield","Guardian:BronzeArmor"],"picked":"Guardian:BronzeOrb","floor":9},{"not_picked":["Guardian:TimeBomb","Guardian:Gem_Cyan"],"picked":"Guardian:PrismaticBarrier","floor":13},{"not_picked":["Guardian:BronzeOrb","Guardian:Planning"],"picked":"Guardian:RollAttack","floor":15},{"not_picked":["Guardian:Gem_Synthetic","Guardian:StasisField"],"picked":"Guardian:ExploitGems","floor":16},{"not_picked":["Guardian:ChargeCore","Guardian:CrystalBeam+1"],"picked":"Guardian:PrismaticBeam","floor":19},{"not_picked":["Guardian:ShieldSpikes","Guardian:GuardianWhirl+1"],"picked":"Guardian:Suspension","floor":20},{"not_picked":["Guardian:Recover+1","Guardian:Gem_Lightblue","Guardian:Gem_Cyan"],"picked":"SKIP","floor":21},{"not_picked":["Guardian:DecasProtection","Guardian:PiercingHide+1","Guardian:Reroute"],"picked":"SKIP","floor":23},{"not_picked":["Guardian:Reroute","Guardian:Gem_Green"],"picked":"Guardian:PrismaticBeam","floor":26},{"not_picked":["Guardian:Preprogram","Guardian:ConstructionForm"],"picked":"Guardian:Clone","floor":27},{"not_picked":["Guardian:Gem_Green","Guardian:Clone"],"picked":"Guardian:TemporalStrike+1","floor":28},{"not_picked":["Guardian:WalkerClaw","Guardian:Reroute","Guardian:Gem_Red"],"picked":"SKIP","floor":31},{"not_picked":["Guardian:Recover","Guardian:ShieldCharger"],"picked":"Guardian:PrismaticBarrier","floor":32},{"not_picked":["Guardian:StasisStrike","Guardian:AncientConstruct"],"picked":"Guardian:ConstructionForm","floor":33},{"not_picked":["Guardian:RollAttack","Guardian:PrimingBeam"],"picked":"Guardian:CrystalBeam+1","floor":36},{"not_picked":["Guardian:TemporalStrike+1","Guardian:Gem_Lightblue"],"picked":"Guardian:WalkerClaw","floor":38},{"not_picked":["Guardian:Gem_Blue","Guardian:ChargeCore+1"],"picked":"Guardian:BodySlam+1","floor":40},{"not_picked":["Guardian:DecasProtection","Guardian:WalkerClaw+1","Guardian:RollAttack+1"],"picked":"SKIP","floor":45},{"not_picked":["Guardian:RevengeProtocol","Guardian:Reroute","Guardian:Recover+1"],"picked":"SKIP","floor":48}],"player_experience":113893,"relics_obtained":[{"floor":4.0,"key":"hubris:MobiusCoin"},{"floor":7,"key":"ScarletDevilRocket"},{"floor":24,"key":"Potion Belt"},{"floor":28,"key":"infinitespire:PuzzleCube"},{"floor":40,"key":"hubris:Spice"},{"floor":41,"key":"hubris:Spice"},{"floor":46,"key":"hubris:Spice"},{"floor":48,"key":"hubris:Spice"}],"event_choices":[{"damage_healed":0,"gold_gain":0,"player_choice":"Read","damage_taken":0,"max_hp_gain":0,"max_hp_loss":0,"event_name":"The Library","floor":29,"gold_loss":0,"cards_obtained":["Guardian:Planning"]},{"damage_healed":0,"gold_gain":0,"player_choice":"Fight","damage_taken":0,"max_hp_gain":0,"max_hp_loss":0,"event_name":"Mysterious Sphere","floor":40,"gold_loss":0}],"is_beta":false,"boss_relics":[{"not_picked":["Busted Crown","Sozu"],"picked":"hubris:Backtick"},{"not_picked":["infinitespire:Cupcake","SlaversCollar"],"picked":"hubris:ScarierMask"}],"items_purged_floors":[5,6,11,22,30,39,43,44],"is_endless":false,"potions_floor_spawned":[3,9,15,20,21,26,32,33,38,45],"ascension_level":0}}