{"host":"8cqz7u612ax6p4mk","time":1613254076,"event":{"mods":["AchievementEnabler","BaseMod","Bestiary","DeckTracker","Minty Spire (QoL Compilation)","Relic Stats","The Servant 0.9.4"],"gold_per_floor":[116,136,136,149,149,179,196,196,196,224,224,237,248,271,271,370,370,385,80,80,90,50,80,94,94,118,149,167,167,257,267,267,369,369,383,140,152,198,198,198,198,198,198,198,248,248,275,3,3,3],"floor_reached":51,"language":"ENG","playtime":2557,"items_purged":["Defend_S","Strike_S","Strike_S"],"score":904,"play_id":"633b70de-6c8b-4410-8150-3b9608790539","local_time":"20210213170756","is_ascension_mode":true,"campfire_choices":[{"floor":8,"key":"REST"},{"data":"DoubleEdge","floor":11,"key":"SMITH"},{"floor":15,"key":"REST"},{"data":"Gouge","floor":25,"key":"SMITH"},{"data":"FlawlessForm","floor":29,"key":"SMITH"},{"floor":32,"key":"REST"},{"data":"Unruled","floor":40,"key":"SMITH"},{"floor":42,"key":"REST"},{"data":"Sabotage","floor":49,"key":"SMITH"}],"circlet_count":0,"master_deck":["Strike_S","Strike_S+1","Defend_S","Defend_S+1","KidneyShot","LightFlow+1","Rewind","DoubleEdge+1","Rewind+1","Unruled+1","TimeTheft+1","Duplication+1","Gouge+1","Defy+1","FlawlessForm+1","Sabotage+1","Gouge+1","Finesse+1","Sabotage"],"relics":["Uniform","Toxic Egg 2","Meat on the Bone","Potion Belt","Odd Mushroom","Philosopher\u0027s Stone","Akabeko","Bag of Preparation","Dream Catcher","Art of War","Vajra","TungstenRod","Bottled Lightning","StoneCalendar","Pan"],"acts_visited":["Exordium","TheCity","TheBeyond"],"potions_floor_usage":[6,16,18,33,33,33,33,33,33,37,38,38,38,50,50],"damage_taken":[{"damage":0,"enemies":"Jaw Worm","floor":1,"turns":3},{"damage":7,"enemies":"Small Slimes","floor":2,"turns":2},{"damage":0,"enemies":"Cultist","floor":4,"turns":4},{"damage":26,"enemies":"3 Sentries","floor":6,"turns":7},{"damage":0,"enemies":"Large Slime","floor":7,"turns":2},{"damage":27,"enemies":"Lagavulin","floor":10,"turns":5},{"damage":1,"enemies":"Looter","floor":12,"turns":3},{"damage":0,"enemies":"Red Slaver","floor":13,"turns":2},{"damage":19,"enemies":"The Mushroom Lair","floor":14,"turns":4},{"damage":9,"enemies":"Hexaghost","floor":16,"turns":6},{"damage":0,"enemies":"Chosen","floor":18,"turns":3},{"damage":0,"enemies":"Shell Parasite","floor":21,"turns":1},{"damage":0,"enemies":"Gremlin Leader","floor":23,"turns":5},{"damage":17,"enemies":"Cultist and Chosen","floor":24,"turns":5},{"damage":24,"enemies":"Book of Stabbing","floor":27,"turns":3},{"damage":0,"enemies":"Sentry and Sphere","floor":28,"turns":3},{"damage":14,"enemies":"Chosen and Byrds","floor":31,"turns":5},{"damage":15,"enemies":"Automaton","floor":33,"turns":8},{"damage":19,"enemies":"3 Shapes","floor":35,"turns":6},{"damage":0,"enemies":"3 Darklings","floor":37,"turns":6},{"damage":33,"enemies":"2 Orb Walkers","floor":38,"turns":4},{"damage":0,"enemies":"Mind Bloom Boss Battle","floor":45,"turns":6},{"damage":0,"enemies":"Giant Head","floor":47,"turns":4},{"damage":46,"enemies":"Donu and Deca","floor":50,"turns":10}],"seed_played":"8969566815507560497","potions_obtained":[{"floor":2,"key":"Swift Potion"},{"floor":7,"key":"BlessingOfTheForge"},{"floor":12,"key":"BlessingOfTheForge"},{"floor":14,"key":"SkillPotion"},{"floor":16,"key":"Fire Potion"},{"floor":21,"key":"Ancient Potion"},{"floor":23,"key":"Fire Potion"},{"floor":27,"key":"EntropicBrew"},{"floor":33,"key":"Fire Potion"},{"floor":35,"key":"LiquidMemories"},{"floor":37,"key":"Regen Potion"}],"is_trial":false,"path_per_floor":["M","M","?","M","?","E","M","R","T","E","R","M","M","?","R","B",null,"M","$","?","M","?","E","M","R","T","E","M","R","?","M","R","B",null,"M","$","M","?","?","R","?","R","T","?","?","?","E","$","R","B",null],"character_chosen":"THE_SERVANT","items_purchased":["Akabeko","Gouge","Vajra","Pan"],"campfire_rested":4,"item_purchase_floors":[19,19,36,48],"current_hp_per_floor":[65,58,63,63,63,37,37,58,58,43,43,42,42,35,56,47,70,70,70,57,57,57,57,40,40,40,28,40,40,28,26,48,45,75,56,56,71,47,47,47,47,69,69,69,69,69,69,69,69,35],"gold":3,"neow_bonus":"ONE_RANDOM_RARE_CARD","is_daily":false,"chose_seed":false,"campfire_upgraded":5,"win_rate":0.0,"timestamp":1613254076,"path_taken":["M","M","?","M","?","E","?","R","T","E","R","M","M","?","R","BOSS","M","$","?","M","?","E","M","R","T","E","?","R","?","?","R","BOSS","M","$","M","?","?","R","?","R","T","?","?","?","E","$","R","BOSS"],"items_purchased_type":["Relic","Card","Relic","Relic"],"build_version":"2020-12-22","purchased_purges":3,"victory":true,"max_hp_per_floor":[65,65,70,70,70,70,70,70,70,70,70,70,70,70,70,70,70,70,70,75,75,75,75,75,75,75,75,75,75,75,75,75,75,75,75,75,75,75,75,75,75,75,75,75,75,75,75,75,75,75],"relic_stats":{"Dream Catcher":2,"counters":[24,107],"StoneCalendar":[46],"Bag of Preparation":[22],"Art of War":[7],"obtain_stats":[{"Potion Belt":10,"Vajra":36,"StoneCalendar":47,"Uniform":0,"Bag of Preparation":23,"Odd Mushroom":14,"Akabeko":19,"Dream Catcher":26,"Philosopher\u0027s Stone":17,"Art of War":27,"Bottled Lightning":43,"Toxic Egg 2":6,"Pan":48,"TungstenRod":38,"Meat on the Bone":9},{"Potion Belt":6,"Vajra":19,"StoneCalendar":23,"Uniform":0,"Bag of Preparation":13,"Odd Mushroom":9,"Akabeko":11,"Dream Catcher":14,"Philosopher\u0027s Stone":10,"Art of War":15,"Bottled Lightning":21,"Toxic Egg 2":4,"Pan":23,"TungstenRod":21,"Meat on the Bone":5},{"Potion Belt":23,"Vajra":77,"StoneCalendar":97,"Uniform":0,"Bag of Preparation":47,"Odd Mushroom":32,"Akabeko":41,"Dream Catcher":52,"Philosopher\u0027s Stone":38,"Art of War":55,"Bottled Lightning":87,"Toxic Egg 2":16,"Pan":97,"TungstenRod":87,"Meat on the Bone":18}],"TungstenRod":11,"Meat on the Bone":84},"card_choices":[{"not_picked":["Revamp","Rearm"],"picked":"Rewind","floor":1},{"not_picked":["Ricochet","Collapse","Replace"],"picked":"SKIP","floor":2},{"not_picked":["WasteNot","Ricochet","Rewind"],"picked":"SKIP","floor":4},{"not_picked":["Replace+1","FastForward+1"],"picked":"DoubleEdge","floor":6},{"not_picked":["Rearm+1","Potential"],"picked":"Rewind+1","floor":7},{"not_picked":["Initiator","ShatteredReality"],"picked":"Unruled","floor":10},{"not_picked":["FastForward+1","Read+1","SilverBlades"],"picked":"SKIP","floor":12},{"not_picked":["WasteNot","ShatteredReality"],"picked":"TimeTheft+1","floor":13},{"not_picked":["LightFlow","Solidify+1"],"picked":"Duplication+1","floor":16},{"not_picked":["Alleviate+1","Collapse","StarChef"],"picked":"SKIP","floor":18},{"not_picked":["Replace+1","Potential"],"picked":"Defy+1","floor":21},{"not_picked":["ShatteredReality","Shuttle+1","DoubleEdge+1"],"picked":"SKIP","floor":23},{"not_picked":["ShatteredReality","Shuttle+1","DoubleEdge+1"],"picked":"SKIP","floor":23},{"not_picked":["ShatteredReality","Shuttle+1","DoubleEdge+1"],"picked":"SKIP","floor":23},{"not_picked":["FanOfKnives","TimeTheft+1","Moonlight"],"picked":"SKIP","floor":24},{"not_picked":["Hightail+1","ShatteredReality"],"picked":"FlawlessForm","floor":27},{"not_picked":["Potential","Revamp+1","Defy+1"],"picked":"SKIP","floor":28},{"not_picked":["Spin","ShatteredReality","Moondial+1"],"picked":"SKIP","floor":31},{"not_picked":["ShatteredReality","SurpressingFire+1"],"picked":"Sabotage","floor":32},{"not_picked":["Spin+1","Starlight","InstantArmor+1"],"picked":"SKIP","floor":35},{"not_picked":["Revamp+1","TimeWarp","Barrier+1"],"picked":"SKIP","floor":37},{"not_picked":["Alleviate+1","FastForward+1"],"picked":"Gouge+1","floor":38},{"not_picked":["Swift Strike","Deep Breath+1"],"picked":"Finesse+1","floor":44},{"not_picked":["ShiftingGears+1","SilverBlades+1"],"picked":"Sabotage","floor":47}],"player_experience":181307,"relics_obtained":[{"floor":6,"key":"Toxic Egg 2"},{"floor":9,"key":"Meat on the Bone"},{"floor":10,"key":"Potion Belt"},{"floor":14,"key":"Odd Mushroom"},{"floor":23,"key":"Bag of Preparation"},{"floor":26,"key":"Dream Catcher"},{"floor":27,"key":"Art of War"},{"floor":38,"key":"TungstenRod"},{"floor":43,"key":"Bottled Lightning"},{"floor":47,"key":"StoneCalendar"}],"event_choices":[{"damage_healed":0,"gold_gain":0,"player_choice":"Donut","damage_taken":0,"max_hp_gain":5,"max_hp_loss":0,"event_name":"Big Fish","floor":3,"gold_loss":0},{"damage_healed":0,"gold_gain":0,"player_choice":"Forge","damage_taken":0,"max_hp_gain":0,"max_hp_loss":0,"event_name":"Accursed Blacksmith","floor":5,"gold_loss":0,"cards_upgraded":["LightFlow"]},{"damage_healed":0,"gold_gain":0,"player_choice":"Fought Mushrooms","damage_taken":0,"max_hp_gain":0,"max_hp_loss":0,"event_name":"Mushrooms","floor":14,"gold_loss":0},{"damage_healed":0,"gold_gain":0,"player_choice":"Shed Blood","damage_taken":18,"max_hp_gain":5,"max_hp_loss":0,"event_name":"Forgotten Altar","floor":20,"gold_loss":0},{"damage_healed":0,"gold_gain":0,"player_choice":"Upgraded Two","damage_taken":0,"max_hp_gain":0,"max_hp_loss":0,"event_name":"Designer","floor":22,"gold_loss":40,"cards_upgraded":["Defend_S","Strike_S"]},{"damage_healed":0,"gold_gain":90,"player_choice":"GOLD ","damage_taken":12,"max_hp_gain":0,"max_hp_loss":0,"event_name":"Knowing Skull","floor":30,"potions_obtained":[],"gold_loss":0,"cards_obtained":[]},{"damage_healed":0,"gold_gain":0,"player_choice":"Fight","damage_taken":0,"max_hp_gain":0,"max_hp_loss":0,"event_name":"Mysterious Sphere","floor":38,"gold_loss":0},{"cards_removed":["Exchange"],"damage_healed":0,"gold_gain":0,"player_choice":"Removed Skill","damage_taken":0,"max_hp_gain":0,"max_hp_loss":0,"event_name":"Falling","floor":39,"gold_loss":0},{"damage_healed":0,"gold_gain":0,"player_choice":"Ignored","damage_taken":0,"max_hp_gain":0,"max_hp_loss":0,"event_name":"Tomb of Lord Red Mask","floor":41,"gold_loss":0},{"damage_healed":0,"gold_gain":0,"player_choice":"Memory 1","damage_taken":0,"max_hp_gain":0,"max_hp_loss":0,"event_name":"SensoryStone","floor":44,"gold_loss":0},{"damage_healed":0,"gold_gain":0,"player_choice":"Fight","damage_taken":0,"max_hp_gain":0,"max_hp_loss":0,"event_name":"MindBloom","floor":45,"gold_loss":0},{"cards_removed":["Defend_S"],"damage_healed":0,"gold_gain":0,"player_choice":"Purged","damage_taken":0,"max_hp_gain":0,"max_hp_loss":0,"event_name":"Purifier","floor":46,"gold_loss":0}],"is_beta":false,"boss_relics":[{"not_picked":["Astrolabe","Calling Bell"],"picked":"Philosopher\u0027s Stone"},{"not_picked":["Velvet Choker","Snecko Eye","Runic Dome"]}],"items_purged_floors":[19,36,48],"is_endless":false,"potions_floor_spawned":[2,7,12,14,16,21,23,27,28,33,35,37],"ascension_level":3}}