{"host":"ELF","time":1613223420,"event":{"mods":["BaseMod","Bestiary","Minty Spire (QoL Compilation)","Relic Stats","Slay the Relics Exporter"],"gold_per_floor":[115,134,84,95,45,70,70,83,109,126,126,156,81,93,93,168,168,182,197,197,215,232,232,232,260,260,55,68,68,68],"floor_reached":29,"language":"ENG","playtime":1471,"items_purged":["Strike_R","Defend_R","Defend_R"],"score":501,"play_id":"8c44bef6-46a1-4c07-ba9c-e9cfaf52fe0d","local_time":"20210213073700","is_ascension_mode":true,"campfire_choices":[{"data":"Power Through","floor":7.0,"key":"SMITH"},{"floor":11.0,"key":"REST"},{"data":"Dark Embrace","floor":15,"key":"SMITH"},{"floor":23,"key":"REST"}],"circlet_count":0,"master_deck":["AscendersBane","Strike_R","Strike_R","Strike_R","Strike_R","Defend_R","Bash","Perfected Strike","Ghostly Armor","Pommel Strike","Power Through+1","Shockwave","Shrug It Off","Dark Embrace+1","Seeing Red","Juggernaut","Intimidate+1","Armaments","Body Slam","Rage","Offering","Barricade"],"relics":["Burning Blood","Smiling Mask","Regal Pillow","MealTicket","Art of War","Velvet Choker","Enchiridion","Shuriken"],"acts_visited":["TheCity"],"potions_floor_usage":[16,22,25,28,29],"damage_taken":[{"damage":7.0,"enemies":"Small Slimes","floor":1.0,"turns":4.0},{"damage":1.0,"enemies":"2 Louse","floor":2.0,"turns":3.0},{"damage":11.0,"enemies":"Jaw Worm","floor":4.0,"turns":7.0},{"damage":32.0,"enemies":"Gremlin Nob","floor":6.0,"turns":4.0},{"damage":20.0,"enemies":"Lots of Slimes","floor":8.0,"turns":7.0},{"damage":8.0,"enemies":"Blue Slaver","floor":10.0,"turns":4.0},{"damage":22.0,"enemies":"3 Sentries","floor":12.0,"turns":9.0},{"damage":3,"enemies":"Large Slime","floor":14,"turns":8},{"damage":38,"enemies":"Slime Boss","floor":16,"turns":8},{"damage":11,"enemies":"Chosen","floor":18,"turns":6},{"damage":37,"enemies":"Spheric Guardian","floor":19,"turns":6},{"damage":10,"enemies":"Centurion and Healer","floor":21,"turns":9},{"damage":15,"enemies":"Shelled Parasite and Fungi","floor":22,"turns":7},{"damage":24,"enemies":"Gremlin Leader","floor":25,"turns":10},{"damage":21,"enemies":"Snake Plant","floor":28,"turns":5},{"damage":16,"enemies":"Cultist and Chosen","floor":29,"turns":5}],"seed_played":"366551144799404049","potions_obtained":[{"floor":1.0,"key":"AttackPotion"},{"floor":2.0,"key":"PowerPotion"},{"floor":10.0,"key":"Fire Potion"},{"floor":14,"key":"Swift Potion"},{"floor":21,"key":"FearPotion"},{"floor":22,"key":"PowerPotion"},{"floor":25,"key":"ColorlessPotion"}],"is_trial":false,"path_per_floor":["M","M","$","M","$","E","R","M","T","M","R","E","?","M","R","B",null,"M","M","?","M","M","R","?","E","T","$","M","M"],"character_chosen":"IRONCLAD","items_purchased":["Barricade"],"campfire_rested":2,"item_purchase_floors":[27],"current_hp_per_floor":[67,72,72,67,67,41,41,27,27,25,62,46,46,49,49,17,61,56,25,25,21,12,49,28,10,10,25,10,0,0],"gold":68,"neow_bonus":"RANDOM_COMMON_RELIC","is_daily":false,"chose_seed":false,"campfire_upgraded":2,"win_rate":0.0,"timestamp":1613223420,"path_taken":["M","M","$","M","$","E","R","M","T","M","R","E","?","M","R","BOSS","M","M","?","M","M","R","?","E","T","$","M","M"],"items_purchased_type":["Card"],"build_version":"2020-12-18","purchased_purges":3,"victory":false,"max_hp_per_floor":[75,75,75,75,75,75,75,75,75,75,75,75,75,75,75,75,75,75,75,75,75,75,75,75,75,75,75,75,75,75],"relic_stats":{"Regal Pillow":30,"counters":[16,102],"Shuriken":[1],"MealTicket":15,"Art of War":[10],"Smiling Mask":150,"obtain_stats":[{"Regal Pillow":6,"Shuriken":25,"Velvet Choker":17,"Enchiridion":24,"MealTicket":9,"Art of War":12,"Smiling Mask":0,"Burning Blood":0},{"Regal Pillow":4,"Shuriken":14,"Velvet Choker":9,"Enchiridion":13,"MealTicket":5,"Art of War":7,"Smiling Mask":0,"Burning Blood":0},{"Regal Pillow":18,"Shuriken":92,"Velvet Choker":54,"Enchiridion":82,"MealTicket":25,"Art of War":38,"Smiling Mask":0,"Burning Blood":0}],"Burning Blood":90},"card_choices":[{"not_picked":["Carnage","Burning Pact"],"picked":"Perfected Strike","floor":1.0},{"not_picked":["Disarm","Seeing Red"],"picked":"Ghostly Armor","floor":2.0},{"not_picked":["Shrug It Off","Perfected Strike"],"picked":"Pommel Strike","floor":4.0},{"not_picked":["Shockwave","Cleave"],"picked":"Power Through","floor":6.0},{"not_picked":["True Grit","Clash"],"picked":"Shockwave","floor":8.0},{"not_picked":["Combust","Clash"],"picked":"Shrug It Off","floor":10.0},{"not_picked":["Sword Boomerang","Armaments"],"picked":"Dark Embrace","floor":12.0},{"not_picked":["Flex","Sever Soul"],"picked":"Seeing Red","floor":14},{"not_picked":["Corruption","Feed"],"picked":"Juggernaut","floor":16},{"not_picked":["Havoc","Headbutt"],"picked":"Intimidate+1","floor":18},{"not_picked":["Pommel Strike","Flex"],"picked":"Armaments","floor":19},{"not_picked":["Clothesline","Pummel"],"picked":"Body Slam","floor":21},{"not_picked":["Cleave+1","Clothesline"],"picked":"Rage","floor":22},{"not_picked":["Sword Boomerang","Rampage"],"picked":"Offering","floor":25},{"not_picked":["Iron Wave","Thunderclap+1","Body Slam"],"picked":"SKIP","floor":28}],"player_experience":3439478,"relics_obtained":[{"floor":6.0,"key":"Regal Pillow"},{"floor":9.0,"key":"MealTicket"},{"floor":12.0,"key":"Art of War"},{"floor":24,"key":"Enchiridion"},{"floor":25,"key":"Shuriken"}],"event_choices":[{"cards_removed":["Defend_R"],"damage_healed":0,"gold_gain":0,"player_choice":"Card Removal","damage_taken":0,"max_hp_gain":0,"max_hp_loss":0,"event_name":"The Cleric","floor":13,"gold_loss":75},{"damage_healed":0,"gold_gain":0,"player_choice":"Ignored","damage_taken":0,"max_hp_gain":0,"max_hp_loss":0,"event_name":"Vampires","floor":20,"gold_loss":0},{"damage_healed":0,"gold_gain":0,"player_choice":"Obtained Book","damage_taken":21,"max_hp_gain":0,"max_hp_loss":0,"event_name":"Cursed Tome","floor":24,"gold_loss":0}],"is_beta":true,"boss_relics":[{"not_picked":["Black Star","Black Blood"],"picked":"Velvet Choker"}],"items_purged_floors":[3,5,27],"is_endless":false,"potions_floor_spawned":[1,2,10,14,21,22,25],"killed_by":"Cultist and Chosen","ascension_level":19}}