{"host":"jaargy6ddac3k57q","time":1613226940,"event":{"mods":["BaseMod","Marisa£®ÏF”Í°°ƒß¿Ì…≥£©","Minty Spire (QoL Compilation)","Quick Restart","StSLib"],"gold_per_floor":[110,185,65,65,65,65,83,129,129,129,161,193,193,210,210,321,321,348,348,101,131,56,105,105,105,184,201,201,216,216,253,253,376,376,420,344,386,431,443,443,443,443,468,468,138,154,196,238,238,238],"floor_reached":51,"language":"ZHS","playtime":1674,"items_purged":["MilkyWay","EarthLightRay","Bandage Up"],"score":847,"play_id":"ba5dd16b-c12b-40bb-86b0-c7de4e109ce6","local_time":"20210213223540","daily_mods":["SealedDeck"],"is_ascension_mode":false,"campfire_choices":[{"data":"AlicesGift","floor":6.0,"key":"SMITH"},{"data":"PulseMagic","floor":10.0,"key":"SMITH"},{"data":"Acceleration","floor":13.0,"key":"SMITH"},{"data":"GrandCross","floor":15.0,"key":"SMITH"},{"data":"WitchOfGreed","floor":25,"key":"SMITH"},{"data":"GrandCross","floor":28,"key":"SMITH"},{"data":"GrandCross","floor":30,"key":"SMITH"},{"data":"GrandCross","floor":32,"key":"SMITH"},{"data":"Acceleration","floor":40,"key":"SMITH"},{"data":"SporeBomb","floor":44,"key":"SMITH"},{"data":"Acceleration","floor":49,"key":"SMITH"}],"circlet_count":0,"master_deck":["Acceleration+1","PulseMagic+1","GrandCross+1","SporeBomb+1","AlicesGift+1","GrandCross+1","GrandCross+1","WitchOfGreed+1","GrandCross+1","ShootTheMoon+1","Acceleration+1","WitchOfGreed","Finesse","Violence","Acceleration+1","EventHorizon","EarthLightRay+1","Singularity+1"],"relics":["MiniHakkero","HornCleat","Bird Faced Urn","SlaversCollar","MutagenicStrength","Toy Ornithopter","Pen Nib","Meat on the Bone","ExperimentalFamiliar","Potion Belt","Dream Catcher","Anchor"],"acts_visited":["Exordium","TheCity","TheBeyond"],"potions_floor_usage":[29,31,33,33,37,39,50,50],"damage_taken":[{"damage":0.0,"enemies":"2 Louse","floor":1.0,"turns":1.0},{"damage":0.0,"enemies":"Jaw Worm","floor":7.0,"turns":1.0},{"damage":0.0,"enemies":"Lagavulin","floor":8.0,"turns":2.0},{"damage":0.0,"enemies":"Small Slimes","floor":11.0,"turns":1.0},{"damage":0.0,"enemies":"Blue Slaver","floor":12.0,"turns":1.0},{"damage":0.0,"enemies":"3 Louse","floor":14.0,"turns":1.0},{"damage":28.0,"enemies":"Hexaghost","floor":16.0,"turns":3.0},{"damage":5.0,"enemies":"3 Byrds","floor":18.0,"turns":3.0},{"damage":0,"enemies":"2 Thieves","floor":21,"turns":1},{"damage":0,"enemies":"Book of Stabbing","floor":23,"turns":1},{"damage":0,"enemies":"Shelled Parasite and Fungi","floor":27,"turns":1},{"damage":10,"enemies":"Chosen and Byrds","floor":29,"turns":2},{"damage":21,"enemies":"Snake Plant","floor":31,"turns":2},{"damage":0,"enemies":"Champ","floor":33,"turns":3},{"damage":0,"enemies":"3 Darklings","floor":35,"turns":1},{"damage":10,"enemies":"3 Shapes","floor":37,"turns":2},{"damage":9,"enemies":"Sphere and 2 Shapes","floor":38,"turns":1},{"damage":3,"enemies":"4 Shapes","floor":39,"turns":1},{"damage":0,"enemies":"Jaw Worm Horde","floor":46,"turns":1},{"damage":0,"enemies":"Maw","floor":47,"turns":2},{"damage":0,"enemies":"Nemesis","floor":48,"turns":1},{"damage":11,"enemies":"Awakened One","floor":50,"turns":3}],"seed_played":"-4672169933753415921","potions_obtained":[{"floor":5.0,"key":"ColorlessPotion"},{"floor":5.0,"key":"Fruit Juice"},{"floor":5.0,"key":"AttackPotion"},{"floor":7.0,"key":"SteroidPotion"},{"floor":8.0,"key":"LiquidBronze"},{"floor":29,"key":"Fire Potion"},{"floor":31,"key":"Regen Potion"},{"floor":33,"key":"Ancient Potion"},{"floor":35,"key":"SteroidPotion"},{"floor":35,"key":"EssenceOfSteel"},{"floor":37,"key":"BottledSpark"},{"floor":38,"key":"BottledSpark"},{"floor":39,"key":"Energy Potion"},{"floor":46,"key":"DuplicationPotion"},{"floor":47,"key":"ShroomBrew"}],"is_trial":true,"path_per_floor":["M","?","$","?","?","R","M","E","T","R","M","M","R","M","R","B",null,"M","?","$","M","?","E","$","R","T","M","R","M","R","M","R","B",null,"M","$","M","M","M","R","?","?","T","R","$","M","M","E","R","B",null],"character_chosen":"MARISA","items_purchased":["WitchOfGreed","Toy Ornithopter","Acceleration","WitchOfGreed","Acceleration","Dream Catcher"],"campfire_rested":0,"item_purchase_floors":[3,20,36,36,45,45],"current_hp_per_floor":[75,64,64,57,62,62,62,66,66,66,68,74,74,74,74,52,80,77,77,77,80,80,80,80,80,80,80,80,75,75,61,61,78,80,80,80,75,70,72,72,62,62,62,62,62,62,66,76,76,80],"gold":238,"neow_bonus":"","is_daily":false,"chose_seed":false,"campfire_upgraded":11,"win_rate":0.0,"timestamp":1613226940,"path_taken":["M","?","$","?","?","R","?","E","T","R","?","M","R","M","R","BOSS","M","?","$","M","?","E","?","R","T","M","R","M","R","M","R","BOSS","M","$","M","M","M","R","?","?","T","R","$","M","M","E","R","BOSS"],"items_purchased_type":["Card","Relic","Card","Card","Card","Relic"],"build_version":"2020-12-22","purchased_purges":3,"victory":true,"max_hp_per_floor":[75,75,75,75,80,80,80,80,80,80,80,80,80,80,80,80,80,80,80,80,80,80,80,80,80,80,80,80,80,80,80,80,80,80,80,80,80,80,80,80,80,80,80,80,80,80,80,80,80,80],"card_choices":[{"not_picked":["MysteriousBeam","DarkSpark","OrrerysSun"],"picked":"SKIP","floor":1.0},{"not_picked":["GalacticHalo","PulseMagic","MeteoricShower"],"picked":"SKIP","floor":7.0},{"not_picked":["StarlightTyphoon","WitchLeyline"],"picked":"GrandCross","floor":8.0},{"not_picked":["IllusionStar","AsteroidBelt","6A"],"picked":"SKIP","floor":11.0},{"not_picked":["GravityBeat","6A","ShootingEcho"],"picked":"SKIP","floor":12.0},{"not_picked":["ChargeUpSpray","WitchLeyline","AsteroidBelt"],"picked":"SKIP","floor":14.0},{"not_picked":["MaximisePower","SatelliteIllusion"],"picked":"MillisecondPulsars","floor":16.0},{"not_picked":["ChargeUpSpray+1","DoubleSpark+1","DC"],"picked":"SKIP","floor":18},{"not_picked":["DC","GalacticHalo","LuminesStrike"],"picked":"SKIP","floor":21},{"not_picked":["Orbital","SporeBomb","EnergyFlow"],"picked":"SKIP","floor":23},{"not_picked":["LuminesStrike","WitchOfGreed","UnstableBomb"],"picked":"SKIP","floor":27},{"not_picked":["StarBarrage","6A","MilkyWay"],"picked":"SKIP","floor":29},{"not_picked":["RefractionSpark","GravityBeat+1","WitchOfGreed+1"],"picked":"SKIP","floor":31},{"not_picked":["Singularity","DragonMeteor"],"picked":"ShootTheMoon+1","floor":35},{"not_picked":["ShootingEcho","UnstableBomb","ChargeUpSpray"],"picked":"SKIP","floor":37},{"not_picked":["PowerUp","GravityBeat","EnergyRecoil+1"],"picked":"SKIP","floor":38},{"not_picked":["DoubleSpark","DarkSpark","MachineGunSpark"],"picked":"SKIP","floor":39},{"not_picked":["Secret Weapon","Trip"],"picked":"Finesse","floor":41},{"not_picked":["Swift Strike","Impatience"],"picked":"Bandage Up","floor":41},{"not_picked":["Metamorphosis","Swift Strike"],"picked":"Violence","floor":41},{"not_picked":["WitchLeyline+1","PowerUp+1"],"picked":"EventHorizon","floor":46},{"not_picked":["DC+1","WitchLeyline+1"],"picked":"EarthLightRay+1","floor":47},{"not_picked":["WitchOfGreed","DC+1"],"picked":"Singularity+1","floor":48}],"player_experience":19545,"relics_obtained":[{"floor":8.0,"key":"HornCleat"},{"floor":9.0,"key":"Bird Faced Urn"},{"floor":23,"key":"Pen Nib"},{"floor":26,"key":"Meat on the Bone"},{"floor":43,"key":"Potion Belt"},{"floor":48,"key":"Anchor"}],"event_choices":[{"damage_healed":0.0,"max_hp_gain":0.0,"max_hp_loss":0.0,"gold_gain":75.0,"event_name":"World of Goop","player_choice":"Gather Gold","floor":2.0,"gold_loss":0.0,"damage_taken":11.0},{"cards_removed":["MysteriousBeam"],"damage_healed":0.0,"max_hp_gain":0.0,"max_hp_loss":0.0,"gold_gain":0.0,"event_name":"Golden Wing","player_choice":"Card Removal","floor":4.0,"gold_loss":0.0,"damage_taken":7.0},{"damage_healed":0.0,"max_hp_gain":0.0,"max_hp_loss":0.0,"gold_gain":0.0,"event_name":"Lab","player_choice":"Got Potions","floor":5.0,"gold_loss":0.0,"damage_taken":0.0},{"damage_healed":0,"gold_gain":0,"player_choice":"Inject Mutagens","damage_taken":0,"relics_obtained":["MutagenicStrength"],"max_hp_gain":0,"max_hp_loss":0,"event_name":"Drug Dealer","floor":19,"gold_loss":0},{"cards_removed":["MillisecondPulsars"],"damage_healed":0,"gold_gain":0,"player_choice":"Gave Gold","damage_taken":0,"max_hp_gain":0,"max_hp_loss":0,"event_name":"Beggar","floor":22,"gold_loss":75},{"damage_healed":0,"gold_gain":0,"player_choice":"Memory 3","damage_taken":10,"max_hp_gain":0,"max_hp_loss":0,"event_name":"SensoryStone","floor":41,"gold_loss":0},{"damage_healed":0,"gold_gain":0,"player_choice":"Ignored","damage_taken":0,"max_hp_gain":0,"max_hp_loss":0,"event_name":"Tomb of Lord Red Mask","floor":42,"gold_loss":0}],"is_beta":false,"boss_relics":[{"not_picked":["Empty Cage","SacredBark"],"picked":"SlaversCollar"},{"not_picked":["Snecko Eye","Cursed Key"],"picked":"ExperimentalFamiliar"}],"items_purged_floors":[3,20,45],"is_endless":false,"potions_floor_spawned":[7,16,21,23,29,31,35,39,46,48],"ascension_level":0}}