{"host":"c2p2isezsqpgoqg6","time":1613222948,"event":{"mods":["BaseMod","BetterRewards","Colored Map","DeckTracker","Downfall","Infinite Spire","Minty Spire (QoL Compilation)","Quick Restart","StSLib","SuperFastMode"],"gold_per_floor":[0,18,32,45,45,77,101,201,201,22,36,56,56,74,84,188,188,188,202,202,202,30,15,68,146,146,159,177,177,187,187,220,240,339,339,339,353,74,91,109,109,158,158,158,158,158,171,218,218,230,256,267,267,267,267],"floor_reached":53,"language":"ENG","playtime":2452,"items_purged":["hexamod:Strike","hexamod:Strike"],"score":686,"play_id":"e1c98f6a-d836-4ec4-aa5b-21e7022b0736","local_time":"20210213142908","is_ascension_mode":false,"campfire_choices":[{"data":"hexamod:TimeOfNeed","floor":1.0,"key":"SMITH"},{"floor":13.0,"key":"REST"},{"data":"hexamod:HexaLevel","floor":18.0,"key":"SMITH"},{"data":"hexamod:EtherealExpedition","floor":29,"key":"SMITH"},{"data":"infinitespire:Oblivion","floor":31,"key":"SMITH"},{"data":"infinitespire:Punishment","floor":36,"key":"SMITH"},{"data":"hexamod:ChargedBarrage","floor":41,"key":"SMITH"},{"data":"hexamod:PhantomFireball","floor":44,"key":"SMITH"},{"data":"hexamod:RadiantFlame","floor":46,"key":"SMITH"}],"circlet_count":0,"master_deck":["hexamod:Defend","hexamod:Defend","hexamod:Defend","hexamod:Defend","hexamod:Sear","hexamod:Float","hexamod:TimeOfNeed+1","hexamod:GhostOfSpireFuture+1","hexamod:Firestarter","hexamod:RadiantFlame+1","hexamod:SwordOfDarkness","hexamod:Hexaguard","hexamod:ShieldOfDarkness","hexamod:EtherealExpedition+1","hexamod:SpectersWail","hexamod:ThirdSeal","hexamod:NightmareStrike","hexamod:ExtraCrispy","hexamod:ShieldOfDarkness","hexamod:SpectersWail","hexamod:Incineration","hexamod:InspiringFlames","hexamod:FirstSeal","hexamod:HexaLevel+1","hexamod:TimeWarp","hexamod:BurningTouch","infinitespire:Punishment+1","infinitespire:Oblivion+1","hexamod:BurningTouch","hexamod:Incineration","hexamod:NightmareGuise","hexamod:ShieldOfDarkness+1","hexamod:SoulSteal+1","hexamod:SkipABeat+1","hexamod:FastForward","hexamod:ExtraCrispy","hexamod:EmpoweredFlame+1","hexamod:CatchUp","hexamod:Hexaguard+1","hexamod:UnleashSpirits","hexamod:ThermalTransfer+1","infinitespire:Punishment+1","hexamod:PhantomFireball+1","hexamod:ChargedBarrage+1","infinitespire:Oblivion","hexamod:EtherealExpedition+1","hexamod:GhostOfSpireFuture"],"relics":["hexamod:SpiritBrand","Bag of Preparation","infinitespire:Satchel","bronze:MakeshiftBattery","downfall:KnowingSkull","Bronze Scales","PreservedInsect","Toy Ornithopter","Singing Bowl","infinitespire:WardingShard","Busted Crown","DollysMirror","Bottled Flame","infinitespire:Lucky Rock","Smiling Mask","Pen Nib","Boot","infinitespire:Eraser","Lantern"],"acts_visited":["Exordium","TheCity","TheBeyond"],"potions_floor_usage":[53,53,53,53,53],"damage_taken":[{"damage":2.0,"enemies":"2 Louse","floor":2.0,"turns":3.0},{"damage":1.0,"enemies":"Small Slimes","floor":3.0,"turns":4.0},{"damage":1.0,"enemies":"Jaw Worm","floor":4.0,"turns":3.0},{"damage":31.0,"enemies":"Lagavulin","floor":6.0,"turns":9.0},{"damage":32.0,"enemies":"downfall:Heads","floor":8.0,"turns":7.0},{"damage":0.0,"enemies":"downfall:FleeingMerchant","floor":10.0,"turns":4.0},{"damage":9.0,"enemies":"Gremlin Gang","floor":11.0,"turns":5.0},{"damage":5.0,"enemies":"Exordium Thugs","floor":12.0,"turns":4.0},{"damage":0.0,"enemies":"Blue Slaver","floor":14.0,"turns":3.0},{"damage":7.0,"enemies":"Red Slaver","floor":15.0,"turns":4.0},{"damage":25.0,"enemies":"DF_ARCHETYPE_STREAMLINE","floor":16.0,"turns":13.0},{"damage":5.0,"enemies":"Chosen","floor":19.0,"turns":4.0},{"damage":1.0,"enemies":"downfall:FleeingMerchant","floor":22.0,"turns":4.0},{"damage":3.0,"enemies":"downfall:FleeingMerchant","floor":23.0,"turns":4.0},{"damage":0.0,"enemies":"Centurion and Healer","floor":27.0,"turns":6.0},{"damage":0.0,"enemies":"Chosen and Byrds","floor":28.0,"turns":3.0},{"damage":0,"enemies":"3 Cultists","floor":30,"turns":4},{"damage":4,"enemies":"Slavers","floor":32,"turns":4},{"damage":0,"enemies":"Centurion and Healer","floor":33,"turns":3},{"damage":1,"enemies":"WA_ARCHETYPE_CALM","floor":34,"turns":5},{"damage":16,"enemies":"3 Darklings","floor":37,"turns":6},{"damage":9,"enemies":"downfall:FleeingMerchant","floor":38,"turns":3},{"damage":0,"enemies":"Orb Walker","floor":39,"turns":1},{"damage":8,"enemies":"Transient","floor":40,"turns":5},{"damage":8,"enemies":"4 Shapes","floor":47,"turns":4},{"damage":1,"enemies":"3 Darklings","floor":50,"turns":2},{"damage":1,"enemies":"Nemesis","floor":51,"turns":1},{"damage":0,"enemies":"Jaw Worm Horde","floor":52,"turns":3},{"damage":92,"enemies":"SI_POISON_ARCHETYPE","floor":53,"turns":5}],"seed_played":"414700970149203803","potions_obtained":[{"floor":4.0,"key":"Energy Potion"},{"floor":11.0,"key":"sneckomod:MuddlingPotion"},{"floor":14.0,"key":"Block Potion"},{"floor":15.0,"key":"bronze:BurnAndBuffPotion"},{"floor":19.0,"key":"EntropicBrew"},{"floor":32,"key":"AttackPotion"},{"floor":33,"key":"Slimebound:ThreeZeroPotion"},{"floor":40,"key":"Fire Potion"}],"is_trial":false,"path_per_floor":["R","M","M","M","?","E","T","?","?","$","M","M","R","M","M","B",null,"R","M","?","AVR","$","$","T","T","?","M","M","R","M","R","E","M","B",null,"R","M","?","M","M","R","T","T","R","?","R","M","T","AVR","M","E","M","B"],"character_chosen":"THE_SPIRIT","items_purchased":["hexamod:SpectersWail","hexamod:ThirdSeal","PreservedInsect","DollysMirror","Bottled Flame","hexamod:PhantomFireball","infinitespire:Lucky Rock"],"campfire_rested":1,"item_purchase_floors":[10,10,22,38,38,38,38],"current_hp_per_floor":[70,68,67,66,66,35,35,3,26,26,17,12,33,33,26,1,70,70,65,58,58,57,61,61,61,70,70,70,70,70,70,70,70,69,70,70,56,56,58,59,59,59,59,59,59,59,62,62,62,65,64,66,0,0,0],"gold":267,"neow_bonus":"THREE_RARE_CARDS","is_daily":false,"chose_seed":false,"campfire_upgraded":8,"win_rate":0.0,"timestamp":1613222948,"path_taken":["R","M","M","M","?","E","T","?","?","$","M","?","R","?","M","BOSS","R","M","?","AVR","?","$","T","T","?","?","M","R","M","R","E","M","BOSS","R","M","?","M","M","R","T","T","R","?","R","M","?","AVR","M","E","M","BOSS"],"items_purchased_type":["Card","Card","Relic","Relic","Relic","Card","Relic"],"build_version":"2020-12-22","purchased_purges":2,"victory":false,"max_hp_per_floor":[70,70,70,70,70,70,70,70,70,70,70,70,70,70,70,70,70,70,70,70,70,70,70,70,70,70,70,70,70,70,70,70,70,70,70,70,72,74,76,78,78,78,78,78,78,78,82,82,82,86,86,88,88,88,88],"card_choices":[{"not_picked":["hexamod:UnleashSpirits","hexamod:HexaLevel"],"picked":"hexamod:TimeOfNeed","floor":0.0},{"not_picked":["hexamod:GhostflameBarrier","hexamod:HeatMetal"],"picked":"hexamod:GhostOfSpireFuture","floor":2.0},{"not_picked":["hexamod:SpectralAdrenaline","hexamod:GhostShield"],"picked":"hexamod:Firestarter","floor":3.0},{"not_picked":["hexamod:AdvancingGuard","hexamod:Firestarter"],"picked":"hexamod:RadiantFlame","floor":4.0},{"not_picked":["hexamod:FastForward","hexamod:NightmareGuise"],"picked":"hexamod:SwordOfDarkness","floor":6.0},{"not_picked":["hexamod:HeatMetal","hexamod:RainOfEmbers"],"picked":"hexamod:ShieldOfDarkness","floor":8.0},{"not_picked":["hexamod:UnlimitedPower","hexamod:AdvancingGuard"],"picked":"hexamod:EtherealExpedition","floor":10.0},{"not_picked":["hexamod:BacktrackSmack","hexamod:HeatMetal"],"picked":"hexamod:NightmareStrike","floor":11.0},{"not_picked":["hexamod:PhantomFireball","hexamod:BurningTouch"],"picked":"hexamod:ExtraCrispy","floor":12.0},{"not_picked":["hexamod:Hexaguard","hexamod:RetreatToShadows"],"picked":"hexamod:ShieldOfDarkness","floor":12.0},{"not_picked":["hexamod:NightmareGuise","hexamod:Hexaguard"],"picked":"hexamod:SpectersWail","floor":14.0},{"not_picked":["hexamod:FourthSeal","hexamod:ShieldOfDarkness"],"picked":"hexamod:Incineration","floor":14.0},{"not_picked":["hexamod:PhantomCloak","hexamod:HeatShield"],"picked":"hexamod:InspiringFlames","floor":15.0},{"not_picked":["hexamod:HauntingEcho","hexamod:RecurringNightmare"],"picked":"hexamod:FirstSeal","floor":15.0},{"not_picked":["hexamod:FifthSeal","hexamod:UnlimitedPower"],"picked":"hexamod:HexaLevel","floor":16.0},{"not_picked":["hexamod:SearingWound","hexamod:HexaLevel"],"picked":"hexamod:TimeWarp","floor":16.0},{"not_picked":["hexamod:Firestarter","hexamod:RainOfEmbers"],"picked":"hexamod:BurningTouch","floor":19.0},{"not_picked":["hexamod:ExtraCrispy","hexamod:CatchUp"],"picked":"hexamod:BurningTouch","floor":22.0},{"not_picked":["hexamod:FastForward","hexamod:Firestarter"],"picked":"hexamod:Incineration","floor":22.0},{"not_picked":["hexamod:AdvancingGuard","hexamod:TurnItUp"],"picked":"hexamod:NightmareGuise","floor":23.0},{"not_picked":["hexamod:BacktrackSmack","hexamod:RetreatToShadows"],"picked":"hexamod:ShieldOfDarkness+1","floor":23.0},{"not_picked":["hexamod:FirstSeal","hexamod:InspiringFlames"],"picked":"hexamod:SoulSteal+1","floor":27.0},{"not_picked":["hexamod:GhostOfSpireFuture","hexamod:Rewind"],"picked":"hexamod:SkipABeat+1","floor":27.0},{"not_picked":["hexamod:RainOfEmbers","hexamod:HeatCrush+1"],"picked":"hexamod:FastForward","floor":28},{"not_picked":["hexamod:PhantomCloak","hexamod:NecessarySacrifice+1"],"picked":"hexamod:ExtraCrispy","floor":30},{"not_picked":["hexamod:Haunt","hexamod:DynamicBlow"],"picked":"hexamod:EmpoweredFlame+1","floor":32},{"not_picked":["hexamod:SkipABeat","hexamod:ThermalTransfer"],"picked":"hexamod:CatchUp","floor":33},{"not_picked":["hexamod:NightmareStrike","hexamod:NecessarySacrifice"],"picked":"hexamod:Hexaguard+1","floor":33},{"not_picked":["hexamod:TimeWarp","hexamod:TimeOfNeed"],"picked":"hexamod:UnleashSpirits","floor":34},{"not_picked":[],"picked":"hexamod:ThermalTransfer+1","floor":37},{"not_picked":["hexamod:SwordOfDarkness"],"picked":"Singing Bowl","floor":37},{"not_picked":["hexamod:BacktrackSmack+1"],"picked":"Singing Bowl","floor":38},{"not_picked":["hexamod:NightmareGuise+1"],"picked":"Singing Bowl","floor":39},{"not_picked":[],"picked":"hexamod:ChargedBarrage","floor":40},{"not_picked":["hexamod:FastForward+1"],"picked":"Singing Bowl","floor":40},{"not_picked":["hexamod:Haunt+1"],"picked":"Singing Bowl","floor":47},{"not_picked":["hexamod:GhostShield"],"picked":"Singing Bowl","floor":47},{"not_picked":["hexamod:FourthSeal"],"picked":"Singing Bowl","floor":50},{"not_picked":["hexamod:FastForward"],"picked":"Singing Bowl","floor":50},{"not_picked":[],"picked":"hexamod:EtherealExpedition+1","floor":51},{"not_picked":["hexamod:SecondSeal"],"picked":"Singing Bowl","floor":52},{"not_picked":[],"picked":"hexamod:GhostOfSpireFuture","floor":52}],"player_experience":487019,"relics_obtained":[{"floor":6.0,"key":"Bag of Preparation"},{"floor":7.0,"key":"infinitespire:Satchel"},{"floor":24.0,"key":"Toy Ornithopter"},{"floor":25.0,"key":"Singing Bowl"},{"floor":32,"key":"infinitespire:WardingShard"},{"floor":42,"key":"Smiling Mask"},{"floor":43,"key":"Pen Nib"},{"floor":48,"key":"Boot"},{"floor":51,"key":"Lantern"}],"event_choices":[{"damage_healed":23.0,"max_hp_gain":0.0,"max_hp_loss":0.0,"gold_gain":0.0,"event_name":"Big Fish","player_choice":"Banana","floor":9.0,"gold_loss":0.0,"damage_taken":0.0},{"damage_healed":9.0,"max_hp_gain":0.0,"max_hp_loss":0.0,"gold_gain":0.0,"event_name":"Wheel of Change","player_choice":"Full Heal","floor":26.0,"gold_loss":0.0,"damage_taken":0.0}],"is_beta":false,"boss_relics":[{"not_picked":["Snecko Eye","SlaversCollar"],"picked":"bronze:MakeshiftBattery"},{"not_picked":["Runic Pyramid","Philosopher\u0027s Stone"],"picked":"Busted Crown"}],"items_purged_floors":[10,21],"is_endless":false,"potions_floor_spawned":[4,11,14,15,19,27,32,33,40,47,52],"killed_by":"SI_POISON_ARCHETYPE","ascension_level":0}}