{"host":"yqm","time":1613231089,"event":{"mods":["ATMod(°¢èªMod)","BaseMod","Challenge The Spire","Colored Map","Colored Powertips","DeckTracker","Good Game Mod","Minty Spire (QoL Compilation)","MostiFishMod","Quick Restart","Relic Filter","Relic Filter Mod","Relic Stats","Remove Card Discount Mod","StSLib","TestMod","noobMod","óô»ðÖ¸ÄÏ"],"gold_per_floor":[119,136,148,128,148,148,176,176,176,202,202,227,252,252,252,326,326,341,175,188,202,222,222,250,261,287,318,318,345,80,99,99,177,177,189,189,207,232,249,280,397,450,450,553,688,739,777,870,870,920,945,945,773,483,559,584],"floor_reached":57,"language":"ZHS","playtime":4634,"items_purged":["Strike_G","Strike_G","Strike_G","Strike_G","Strike_G","Defend_G","Defend_G","Defend_G","Defend_G","Defend_G","Backflip+1","Survivor+1","Tools of the Trade+1","Neutralize+1","Expertise+1"],"score":4033,"play_id":"0cb7b130-5d5e-4dc7-813f-dde6072de63c","local_time":"20210213234449","is_ascension_mode":true,"campfire_choices":[{"data":"AT_KneejerkReflex","floor":6.0,"key":"SMITH"},{"data":"Tactician","floor":8.0,"key":"SMITH"},{"data":"Bouncing Flask","floor":11.0,"key":"SMITH"},{"data":"Acrobatics","floor":15.0,"key":"SMITH"},{"data":"Tools of the Trade","floor":23.0,"key":"SMITH"},{"data":"Neutralize","floor":28.0,"key":"SMITH"},{"data":"A Thousand Cuts","floor":32,"key":"SMITH"},{"floor":49,"key":"RECALL"}],"circlet_count":0,"master_deck":["AscendersBane","AT_KneejerkReflex+1","Tactician+1","Bouncing Flask+1","Acrobatics+1","Calculated Gamble+1","Blur+1","Backflip+1","A Thousand Cuts+1","Impatience+1","Catalyst+1","MostiFishMod:AdrenalineArouse+1","MostiFishMod:Dislodge+1"],"relics":["Ring of the Snake","REME:ComplimentaryCards","ice","DaveBox","AT_ATBox","testmod-TestBox","NeowsBlessing","JellyFishMachine","testmod-FatalChain","SynthV:TestCard","Smiling Mask","testmod-ArcanaOfDestiny","Shuriken","Toxic Egg 2","Odd Mushroom","AT_SeraphEmbrace","Black Star","Tiny Chest","The Specimen","AT_EbonyIvory","Art of War","Vajra","Kunai","testmod-Justice","War Paint","Frozen Eye","FeatherPendant","AT_SunfireAegis","AT_MibuBalloonWealth","Toy Ornithopter","testmod-Antiphasic","Dream Catcher","Bag of Marbles","testmod-Brilliant","Boot","Bag of Preparation","Dodecahedron","Membership Card","Akabeko","testmod-IndustrialRevolution","InkBottle"],"acts_visited":["Exordium","TheCity","TheBeyond","TheEnding"],"potions_floor_usage":[56,56,56,56],"damage_taken":[{"damage":0.0,"enemies":"2 Louse","floor":1.0,"turns":1.0},{"damage":0.0,"enemies":"Small Slimes","floor":2.0,"turns":1.0},{"damage":0.0,"enemies":"Cultist","floor":3.0,"turns":1.0},{"damage":0.0,"enemies":"Gremlin Gang","floor":5.0,"turns":3.0},{"damage":0.0,"enemies":"Lagavulin","floor":7.0,"turns":4.0},{"damage":0.0,"enemies":"Gremlin Nob","floor":10.0,"turns":3.0},{"damage":0.0,"enemies":"Lagavulin","floor":12.0,"turns":3.0},{"damage":0.0,"enemies":"The Mushroom Lair","floor":13.0,"turns":2.0},{"damage":0.0,"enemies":"The Guardian","floor":16.0,"turns":4.0},{"damage":0.0,"enemies":"Chosen","floor":18.0,"turns":3.0},{"damage":0.0,"enemies":"3 Byrds","floor":20.0,"turns":2.0},{"damage":0.0,"enemies":"Snake Plant","floor":21.0,"turns":3.0},{"damage":0.0,"enemies":"Shelled Parasite and Fungi","floor":22.0,"turns":3.0},{"damage":0.0,"enemies":"Slavers","floor":24.0,"turns":1.0},{"damage":0.0,"enemies":"Centurion and Healer","floor":25.0,"turns":2.0},{"damage":0.0,"enemies":"Gremlin Leader","floor":27.0,"turns":1.0},{"damage":0,"enemies":"Slavers","floor":29,"turns":1},{"damage":0,"enemies":"Snake Plant","floor":31,"turns":1},{"damage":0,"enemies":"Champ","floor":33,"turns":1},{"damage":0,"enemies":"Orb Walker","floor":35,"turns":2},{"damage":0,"enemies":"3 Shapes","floor":37,"turns":1},{"damage":0,"enemies":"Spire Growth","floor":39,"turns":1},{"damage":0,"enemies":"Reptomancer","floor":40,"turns":1},{"damage":0,"enemies":"4 Shapes","floor":41,"turns":1},{"damage":0,"enemies":"Giant Head","floor":42,"turns":1},{"damage":0,"enemies":"Reptomancer","floor":44,"turns":1},{"damage":0,"enemies":"3 Darklings","floor":45,"turns":1},{"damage":0,"enemies":"Nemesis","floor":46,"turns":1},{"damage":0,"enemies":"Spire Growth","floor":47,"turns":1},{"damage":0,"enemies":"Sphere and 2 Shapes","floor":48,"turns":1},{"damage":0,"enemies":"Donu and Deca","floor":50,"turns":1},{"damage":0,"enemies":"Time Eater","floor":51,"turns":2},{"damage":0,"enemies":"Shield and Spear","floor":55,"turns":1},{"damage":0,"enemies":"The Heart","floor":56,"turns":2}],"seed_played":"2673209369038419112","potions_obtained":[{"floor":1.0,"key":"ColorlessPotion"},{"floor":5.0,"key":"SpeedPotion"},{"floor":7.0,"key":"Swift Potion"},{"floor":10.0,"key":"Block Potion"},{"floor":16.0,"key":"CunningPotion"},{"floor":20.0,"key":"DistilledChaos"},{"floor":22.0,"key":"LiquidBronze"},{"floor":24.0,"key":"EssenceOfSteel"},{"floor":29,"key":"Energy Potion"},{"floor":45,"key":"DistilledChaos"},{"floor":47,"key":"testmod-TimePotion"}],"is_trial":false,"path_per_floor":["M","M","M","$","M","R","E","R","T","E","R","E","?","?","R","B",null,"M","$","M","M","M","R","E","M","T","E","R","E","$","M","R","B",null,"M","?","M","T","M","E","M","E","T","E","M","E","M","M","R","B","B",null,"R","$","E","B",null],"character_chosen":"THE_SILENT","items_purchased":["Tiny Chest","Impatience+1","Frozen Eye","Dodecahedron","Membership Card","Akabeko","DistilledChaos"],"campfire_rested":0,"item_purchase_floors":[19,30,30,53,54,54,54],"current_hp_per_floor":[59,59,59,59,59,59,59,59,59,59,59,59,59,59,59,59,64,64,64,64,64,64,64,64,64,64,64,64,64,64,64,64,64,66,66,66,66,66,66,66,66,66,66,66,66,66,66,66,66,66,66,66,66,66,66,66],"gold":584,"neow_bonus":"THREE_ENEMY_KILL","is_daily":false,"chose_seed":false,"campfire_upgraded":7,"win_rate":0.0,"timestamp":1613231089,"path_taken":["M","M","M","$","M","R","E","R","T","E","R","E","?","?","R","BOSS","M","?","M","?","M","R","E","M","T","E","R","E","$","M","R","BOSS","M","?","?","?","M","E","M","E","T","E","M","E","M","M","R","BOSS","BOSS","R","$","E","BOSS"],"items_purchased_type":["Relic","Card","Relic","Relic","Relic","Relic","Potion"],"build_version":"2020-12-18","purchased_purges":15,"victory":true,"max_hp_per_floor":[66,66,66,66,66,66,66,66,66,66,66,66,66,66,66,66,66,66,66,66,66,66,66,66,66,66,66,66,66,66,66,66,66,66,66,66,66,66,66,66,66,66,66,66,66,66,66,66,66,66,66,66,66,66,66,66],"relic_stats":{"counters":[34,58],"Bag of Preparation":[12],"War Paint":["Survivor","Backflip"],"Smiling Mask":-240,"Boot":[0],"Dream Catcher":0,"Shuriken":[35],"Tiny Chest":1,"Black Star":8,"Art of War":[3],"Kunai":[18],"obtain_stats":[{"AT_SeraphEmbrace":31,"AT_ATBox":0,"DaveBox":0,"AT_MibuBalloonWealth":40,"Vajra":27,"ice":0,"Bag of Preparation":46,"Smiling Mask":7,"AT_ArchangelStaff":14,"Boot":46,"Frozen Eye":30,"testmod-Brilliant":44,"Dream Catcher":42,"Tiny Chest":19,"Kunai":27,"Toxic Egg 2":12,"testmod-ArcanaOfDestiny":9,"InkBottle":55,"Ring of the Snake":0,"testmod-TestBox":0,"NeowsBlessing":0,"The Specimen":24,"Dodecahedron":53,"JellyFishMachine":0,"testmod-FatalChain":0,"AT_EbonyIvory":24,"Odd Mushroom":13,"testmod-Justice":29,"War Paint":29,"testmod-IndustrialRevolution":55,"Akabeko":54,"testmod-Antiphasic":42,"REME:ComplimentaryCards":0,"SynthV:TestCard":1,"Shuriken":10,"FeatherPendant":34,"Black Star":17,"Art of War":26,"Bag of Marbles":44,"Membership Card":54,"AT_SunfireAegis":38,"Toy Ornithopter":40},{"AT_SeraphEmbrace":18,"AT_ATBox":0,"DaveBox":0,"AT_MibuBalloonWealth":23,"Vajra":16,"ice":0,"Bag of Preparation":28,"Smiling Mask":5,"AT_ArchangelStaff":8,"Boot":28,"Frozen Eye":17,"testmod-Brilliant":26,"Dream Catcher":25,"Tiny Chest":10,"Kunai":16,"Toxic Egg 2":7,"testmod-ArcanaOfDestiny":5,"InkBottle":33,"Ring of the Snake":0,"testmod-TestBox":0,"NeowsBlessing":0,"The Specimen":14,"Dodecahedron":32,"JellyFishMachine":0,"testmod-FatalChain":0,"AT_EbonyIvory":14,"Odd Mushroom":8,"testmod-Justice":17,"War Paint":17,"testmod-IndustrialRevolution":33,"Akabeko":32,"testmod-Antiphasic":25,"REME:ComplimentaryCards":0,"SynthV:TestCard":1,"Shuriken":6,"FeatherPendant":19,"Black Star":9,"Art of War":15,"Bag of Marbles":26,"Membership Card":32,"AT_SunfireAegis":21,"Toy Ornithopter":23},{"AT_SeraphEmbrace":39,"AT_ATBox":0,"DaveBox":0,"AT_MibuBalloonWealth":45,"Vajra":37,"ice":0,"Bag of Preparation":50,"Smiling Mask":10,"AT_ArchangelStaff":18,"Boot":50,"Frozen Eye":38,"testmod-Brilliant":48,"Dream Catcher":47,"Tiny Chest":25,"Kunai":37,"Toxic Egg 2":16,"testmod-ArcanaOfDestiny":10,"InkBottle":56,"Ring of the Snake":0,"testmod-TestBox":0,"NeowsBlessing":0,"The Specimen":34,"Dodecahedron":55,"JellyFishMachine":0,"testmod-FatalChain":0,"AT_EbonyIvory":34,"Odd Mushroom":18,"testmod-Justice":38,"War Paint":38,"testmod-IndustrialRevolution":56,"Akabeko":55,"testmod-Antiphasic":47,"REME:ComplimentaryCards":0,"SynthV:TestCard":1,"Shuriken":13,"FeatherPendant":40,"Black Star":22,"Art of War":36,"Bag of Marbles":48,"Membership Card":55,"AT_SunfireAegis":43,"Toy Ornithopter":45}],"Toy Ornithopter":0,"InkBottle":[4],"Ring of the Snake":[68]},"card_choices":[{"not_picked":["Sucker Punch","Backflip"],"picked":"Tactician","floor":1.0},{"not_picked":["MostiFishMod:VineMother","MostiFishMod:FrostNova","Flying Knee","Poisoned Stab"],"picked":"Bouncing Flask","floor":2.0},{"not_picked":["Prepared","Well Laid Plans","Outmaneuver","A Thousand Cuts"],"picked":"Backflip","floor":3.0},{"not_picked":["Outmaneuver","AT_WindFlip","Flying Knee","Calculated Gamble"],"picked":"Acrobatics","floor":5.0},{"not_picked":["Sucker Punch","Deadly Poison","Poisoned Stab","MostiFishMod:PerfectParry","Acrobatics"],"picked":"SKIP","floor":7.0},{"not_picked":["AT_MyraUnstableElement","Flying Knee","Predator","Poisoned Stab","Acrobatics"],"picked":"SKIP","floor":10.0},{"not_picked":["Tactician+1","MostiFishMod:PerfectParry+1","Backflip+1","Sucker Punch"],"picked":"Calculated Gamble+1","floor":12.0},{"not_picked":["Envenom","Die Die Die","Unload","AT_MyraUnstableElement+1"],"picked":"Tools of the Trade","floor":16.0},{"not_picked":["Slice","Cloak And Dagger+1","AT_WindRun+1","Dagger Throw","Finisher"],"picked":"SKIP","floor":18.0},{"not_picked":["Cloak And Dagger+1","Backstab+1","Infinite Blades+1","Terror+1"],"picked":"Blur+1","floor":20.0},{"not_picked":["Flying Knee+1","Outmaneuver+1","Sucker Punch+1","Dagger Throw"],"picked":"Backflip+1","floor":21.0},{"not_picked":["Backflip+1","Concentrate+1","Slice","PiercingWail+1","Dagger Throw"],"picked":"SKIP","floor":22.0},{"not_picked":["Cloak And Dagger+1","MostiFishMod:FrostNova+1","AT_Desolate","MostiFishMod:Opportunism+1","MostiFishMod:Confrontation+1"],"picked":"SKIP","floor":24.0},{"not_picked":["Dodge and Roll+1","Prepared+1","Sucker Punch","Accuracy"],"picked":"Expertise+1","floor":25.0},{"not_picked":["Acrobatics+1","Infinite Blades+1","Sucker Punch","Dagger Throw","Distraction+1"],"picked":"SKIP","floor":27.0},{"not_picked":["Backflip+1","Flying Knee","MostiFishMod:PoisonShield+1","Deflect+1"],"picked":"A Thousand Cuts","floor":29},{"not_picked":["Blade Dance+1","Deadly Poison+1","Footwork","Sucker Punch"],"picked":"Catalyst+1","floor":31},{"not_picked":["Die Die Die","Malaise+1","Venomology+1","Envenom"],"picked":"MostiFishMod:AdrenalineArouse+1","floor":33},{"not_picked":["Riddle With Holes","Underhanded Strike","Blur+1","Footwork","Bane"],"picked":"SKIP","floor":35},{"not_picked":["Dodge and Roll+1","MostiFishMod:PoisonShield+1","Cloak And Dagger+1","Bane","MostiFishMod:FrostNova+1"],"picked":"SKIP","floor":37},{"not_picked":["AT_WindFlip","MostiFishMod:VineMother","MostiFishMod:FrostNova+1","Terror+1","Expertise+1"],"picked":"SKIP","floor":39},{"not_picked":["Underhanded Strike+1","AT_MyraUnstableElement+1","All Out Attack","Deadly Poison+1","Accuracy+1"],"picked":"SKIP","floor":40},{"not_picked":["Outmaneuver+1","MostiFishMod:PerfectParry+1","Backflip+1","Heel Hook","Prepared+1"],"picked":"SKIP","floor":41},{"not_picked":["AT_ArcaneSupremacy","MostiFishMod:ShivMaster","Backflip+1","Infinite Blades","Grand Finale"],"picked":"SKIP","floor":42},{"not_picked":["AT_FocusSwordFire+1","Flying Knee+1","Dodge and Roll+1","Acrobatics+1","Deflect+1"],"picked":"SKIP","floor":44},{"not_picked":["Footwork","Dodge and Roll+1","Poisoned Stab","AT_WindFlip+1","Choke"],"picked":"SKIP","floor":45},{"not_picked":["MostiFishMod:PerfectParry+1","MostiFishMod:InvigoratingSolution+1","MostiFishMod:FrostNova+1","Riddle With Holes","Outmaneuver+1"],"picked":"SKIP","floor":46},{"not_picked":["Slice","Dagger Throw+1","Dagger Spray","Acrobatics+1","AT_WindFlip"],"picked":"SKIP","floor":47},{"not_picked":["Dagger Spray+1","Blade Dance+1","Deflect+1","Flying Knee"],"picked":"MostiFishMod:Dislodge+1","floor":48},{"not_picked":["Blade Dance+1","Unload","MostiFishMod:VineMother","AT_ShadowStep+1","Acrobatics+1"],"picked":"SKIP","floor":55}],"player_experience":900629,"relics_obtained":[{"floor":1.0,"key":"SynthV:TestCard"},{"floor":7.0,"key":"Smiling Mask"},{"floor":9.0,"key":"testmod-ArcanaOfDestiny"},{"floor":10.0,"key":"Shuriken"},{"floor":12.0,"key":"Toxic Egg 2"},{"floor":13.0,"key":"Odd Mushroom"},{"floor":24.0,"key":"The Specimen"},{"floor":24.0,"key":"AT_EbonyIvory"},{"floor":26.0,"key":"Art of War"},{"floor":27.0,"key":"Vajra"},{"floor":27.0,"key":"Kunai"},{"floor":29,"key":"testmod-Justice"},{"floor":29,"key":"War Paint"},{"floor":38,"key":"AT_SunfireAegis"},{"floor":40,"key":"AT_MibuBalloonWealth"},{"floor":40,"key":"Toy Ornithopter"},{"floor":42,"key":"testmod-Antiphasic"},{"floor":42,"key":"Dream Catcher"},{"floor":44,"key":"Bag of Marbles"},{"floor":44,"key":"testmod-Brilliant"},{"floor":46,"key":"Boot"},{"floor":46,"key":"Bag of Preparation"},{"floor":55,"key":"testmod-IndustrialRevolution"},{"floor":55,"key":"InkBottle"}],"event_choices":[{"damage_healed":0.0,"max_hp_gain":0.0,"max_hp_loss":0.0,"gold_gain":0.0,"event_name":"Mushrooms","player_choice":"Fought Mushrooms","floor":13.0,"gold_loss":0.0,"damage_taken":0.0},{"damage_healed":0.0,"max_hp_gain":0.0,"max_hp_loss":0.0,"gold_gain":0.0,"event_name":"WeMeetAgain","player_choice":"Gave Potion","floor":14.0,"gold_loss":0.0,"damage_taken":0.0,"relics_obtained":["AT_ArchangelStaff"]},{"damage_healed":0,"gold_gain":0,"player_choice":"Ignored","damage_taken":0,"max_hp_gain":0,"max_hp_loss":0,"event_name":"SecretPortal","floor":36,"gold_loss":0}],"is_beta":true,"boss_relics":[{"not_picked":["Runic Pyramid","Transparent"],"picked":"Black Star"},{"not_picked":["WristBlade","RhineSuit"],"picked":"FeatherPendant"}],"items_purged_floors":[4,4,4,4,4,4,4,4,4,4,30,53,53,53,53],"is_endless":false,"potions_floor_spawned":[1,5,7,10,13,16,20,22,24,29,31,39,42,44,45,47,48],"ascension_level":20}}