{"host":"88sw61cmk1203zgj","time":1613196748,"event":{"mods":["BaseMod","Minty Spire (QoL Compilation)"],"gold_per_floor":[109,109,109,32,50,50,68,78,78,155,173,173,98,126,126,204,204,222,222,238,238,238],"floor_reached":21,"language":"ENG","playtime":869,"items_purged":["Strike_B"],"score":320,"play_id":"20235cbe-bdbd-4613-9ef0-72e68f21a858","local_time":"20210213011228","is_ascension_mode":true,"campfire_choices":[{"data":"Doom and Gloom","floor":6.0,"key":"SMITH"},{"data":"Beam Cell","floor":12.0,"key":"SMITH"},{"data":"Rebound","floor":15.0,"key":"SMITH"}],"circlet_count":0,"master_deck":["AscendersBane","Strike_B","Strike_B","Strike_B","Defend_B","Defend_B","Defend_B","Defend_B","Zap","Dualcast","Leap+1","Doom and Gloom+1","Rebound+1","Beam Cell+1","Machine Learning","Writhe","Cold Snap"],"relics":["Cracked Core","NeowsBlessing","Singing Bowl","Pear","Pantograph","Nuclear Battery","Peace Pipe"],"acts_visited":["Exordium","TheCity"],"potions_floor_usage":[],"damage_taken":[{"damage":0.0,"enemies":"2 Louse","floor":1.0,"turns":1.0},{"damage":0.0,"enemies":"Jaw Worm","floor":5.0,"turns":1.0},{"damage":0.0,"enemies":"Small Slimes","floor":7.0,"turns":1.0},{"damage":4.0,"enemies":"2 Fungi Beasts","floor":8.0,"turns":2.0},{"damage":6.0,"enemies":"Red Slaver","floor":11.0,"turns":4.0},{"damage":25.0,"enemies":"3 Sentries","floor":14.0,"turns":6.0},{"damage":41.0,"enemies":"Hexaghost","floor":16.0,"turns":7.0},{"damage":21,"enemies":"2 Thieves","floor":18,"turns":4},{"damage":27,"enemies":"Spheric Guardian","floor":20,"turns":4},{"damage":33,"enemies":"Snake Plant","floor":21,"turns":2}],"seed_played":"6829634096546581070","potions_obtained":[{"floor":7.0,"key":"Weak Potion"},{"floor":8.0,"key":"FocusPotion"},{"floor":16.0,"key":"ColorlessPotion"}],"is_trial":false,"path_per_floor":["M","?","?","$","M","R","M","M","T","T","M","R","$","E","R","B",null,"M","?","M","M"],"character_chosen":"DEFECT","items_purchased":["Doom and Gloom"],"campfire_rested":0,"item_purchase_floors":[4],"current_hp_per_floor":[68,68,68,68,68,68,68,64,64,74,70,70,70,47,47,31,75,56,56,29,0,0],"gold":238,"neow_bonus":"THREE_ENEMY_KILL","is_daily":false,"chose_seed":false,"campfire_upgraded":3,"win_rate":0.0,"timestamp":1613196748,"path_taken":["M","?","?","$","M","R","M","M","T","?","?","R","$","E","R","BOSS","M","?","M","M"],"items_purchased_type":["Card"],"build_version":"2020-12-22","purchased_purges":1,"victory":false,"max_hp_per_floor":[75,75,75,75,75,75,75,75,75,85,87,87,87,89,89,89,89,91,91,91,91,91],"card_choices":[{"not_picked":["Beam Cell","Scrape"],"picked":"Leap","floor":1.0},{"not_picked":["Chaos","Stack"],"picked":"Rebound","floor":5.0},{"not_picked":["Sweeping Beam","Cold Snap"],"picked":"Beam Cell","floor":7.0},{"not_picked":["Barrage","Chaos","Gash"],"picked":"SKIP","floor":8.0},{"not_picked":["Sweeping Beam","Rebound","Gash"],"picked":"Singing Bowl","floor":11.0},{"not_picked":["Chill","Darkness","Sweeping Beam"],"picked":"Singing Bowl","floor":14.0},{"not_picked":["Reboot","Rainbow"],"picked":"Machine Learning","floor":16.0},{"not_picked":["Rebound+1","Consume","Self Repair"],"picked":"Singing Bowl","floor":18},{"not_picked":["Rip and Tear","Hello World"],"picked":"Cold Snap","floor":20}],"player_experience":1602244,"relics_obtained":[{"floor":9.0,"key":"Singing Bowl"},{"floor":10.0,"key":"Pear"},{"floor":14.0,"key":"Pantograph"}],"event_choices":[{"damage_healed":0.0,"max_hp_gain":0.0,"max_hp_loss":0.0,"gold_gain":0.0,"event_name":"Living Wall","player_choice":"Grow","floor":2.0,"gold_loss":0.0,"damage_taken":0.0,"cards_upgraded":["Leap"]},{"damage_healed":0.0,"max_hp_gain":0.0,"max_hp_loss":0.0,"gold_gain":0.0,"event_name":"The Cleric","player_choice":"Leave","floor":3.0,"gold_loss":0.0,"damage_taken":0.0},{"damage_healed":0,"gold_gain":0,"player_choice":"Opened","damage_taken":0,"relics_obtained":["Peace Pipe"],"max_hp_gain":0,"max_hp_loss":0,"event_name":"The Mausoleum","floor":19,"gold_loss":0,"cards_obtained":["Writhe"]}],"is_beta":false,"boss_relics":[{"not_picked":["Runic Dome","Philosopher\u0027s Stone"],"picked":"Nuclear Battery"}],"items_purged_floors":[13],"is_endless":false,"potions_floor_spawned":[7,8,11,16],"killed_by":"Snake Plant","ascension_level":13}}