{"host":"8nctav4lo34mnono","time":1613198423,"event":{"mods":["BaseMod","Bestiary","Highlight Path","Minty Spire (QoL Compilation)","Relic Stats","Slay the Relics Exporter"],"gold_per_floor":[113,113,113,127,202,246,246,286,286,325,325,350,363,463,463,561,561,586,599,599,599],"floor_reached":20,"language":"ENG","playtime":853,"items_purged":[],"score":317,"play_id":"5d05faca-0d97-485f-a443-8a008f8f4748","local_time":"20210213064023","is_ascension_mode":true,"campfire_choices":[{"floor":7,"key":"REST"},{"data":"Bash","floor":11,"key":"SMITH"},{"floor":15,"key":"REST"}],"circlet_count":0,"master_deck":["AscendersBane","Strike_R","Strike_R","Strike_R","Strike_R","Strike_R","Defend_R","Defend_R","Defend_R","Defend_R","Bash+1","Offering","Anger","Perfected Strike","Spot Weakness","Pommel Strike","Rampage","Exhume","Spot Weakness"],"relics":["Burning Blood","Golden Idol","Mummified Hand","PreservedInsect","Potion Belt","Shuriken","Snecko Eye"],"acts_visited":["Exordium","TheCity"],"potions_floor_usage":[13,16,18,20],"damage_taken":[{"damage":9,"enemies":"2 Louse","floor":1,"turns":3},{"damage":6,"enemies":"Small Slimes","floor":4,"turns":2},{"damage":43,"enemies":"Lagavulin","floor":6,"turns":7},{"damage":14,"enemies":"Gremlin Nob","floor":8,"turns":3},{"damage":20,"enemies":"3 Sentries","floor":10,"turns":4},{"damage":0,"enemies":"Cultist","floor":12,"turns":2},{"damage":11,"enemies":"Lots of Slimes","floor":13,"turns":3},{"damage":24,"enemies":"Slime Boss","floor":16,"turns":8},{"damage":17,"enemies":"Spheric Guardian","floor":18,"turns":3},{"damage":25,"enemies":"Chosen","floor":19,"turns":4},{"damage":42,"enemies":"3 Cultists","floor":20,"turns":4}],"seed_played":"2847636754470082763","potions_obtained":[{"floor":8,"key":"SpeedPotion"},{"floor":12,"key":"Energy Potion"},{"floor":16,"key":"AttackPotion"},{"floor":18,"key":"SpeedPotion"}],"is_trial":false,"path_per_floor":["M","?","?","M","?","E","R","E","T","E","R","M","M","?","R","B",null,"M","M","M"],"character_chosen":"IRONCLAD","items_purchased":[],"campfire_rested":2,"item_purchase_floors":[],"current_hp_per_floor":[69,69,74,74,63,26,49,41,41,27,27,33,28,28,51,33,68,57,38,0,0],"gold":599,"neow_bonus":"ONE_RANDOM_RARE_CARD","is_daily":false,"chose_seed":false,"campfire_upgraded":1,"win_rate":0.0,"timestamp":1613198423,"path_taken":["M","?","?","M","?","E","R","E","T","E","R","M","M","?","R","BOSS","M","M","M"],"items_purchased_type":[],"build_version":"2020-12-22","purchased_purges":0,"victory":false,"max_hp_per_floor":[80,74,79,79,79,79,79,79,79,79,79,79,79,79,79,79,79,79,79,79,79],"relic_stats":{"counters":[11,43],"Golden Idol":64,"Mummified Hand":[0],"Shuriken":[10],"Snecko Eye":[14,27,26,19],"PreservedInsect":32,"obtain_stats":[{"Potion Belt":9,"Golden Idol":2,"Mummified Hand":6,"Shuriken":10,"Snecko Eye":17,"PreservedInsect":8,"Burning Blood":0},{"Potion Belt":4,"Golden Idol":1,"Mummified Hand":3,"Shuriken":5,"Snecko Eye":8,"PreservedInsect":4,"Burning Blood":0},{"Potion Belt":15,"Golden Idol":3,"Mummified Hand":12,"Shuriken":19,"Snecko Eye":32,"PreservedInsect":15,"Burning Blood":0}],"Burning Blood":60},"card_choices":[{"not_picked":["Clothesline","Cleave"],"picked":"Anger","floor":1},{"not_picked":["Clothesline","Rage","Flex"],"picked":"SKIP","floor":4},{"not_picked":["Warcry","Bloodletting"],"picked":"Perfected Strike","floor":6},{"not_picked":["Limit Break","Body Slam"],"picked":"Spot Weakness","floor":8},{"not_picked":["Warcry","Uppercut"],"picked":"Pommel Strike","floor":10},{"not_picked":["Body Slam","Headbutt","Blood for Blood"],"picked":"SKIP","floor":12},{"not_picked":["Perfected Strike","Twin Strike"],"picked":"Rampage","floor":13},{"not_picked":["Fiend Fire","Immolate"],"picked":"Exhume","floor":16},{"not_picked":["Cleave","Warcry","Havoc"],"picked":"SKIP","floor":18},{"not_picked":["Pommel Strike","Reckless Charge+1"],"picked":"Spot Weakness","floor":19}],"player_experience":389663,"relics_obtained":[{"floor":6,"key":"Mummified Hand"},{"floor":8,"key":"PreservedInsect"},{"floor":9,"key":"Potion Belt"},{"floor":10,"key":"Shuriken"}],"event_choices":[{"damage_healed":0,"gold_gain":0,"player_choice":"Lose Max HP","damage_taken":0,"relics_obtained":["Golden Idol"],"max_hp_gain":0,"max_hp_loss":6,"event_name":"Golden Idol","floor":2,"gold_loss":0},{"damage_healed":0,"gold_gain":0,"player_choice":"Donut","damage_taken":0,"max_hp_gain":5,"max_hp_loss":0,"event_name":"Big Fish","floor":3,"gold_loss":0},{"damage_healed":0,"gold_gain":75,"player_choice":"Gather Gold","damage_taken":11,"max_hp_gain":0,"max_hp_loss":0,"event_name":"World of Goop","floor":5,"gold_loss":0},{"damage_healed":0,"gold_gain":100,"player_choice":"Pray","damage_taken":0,"max_hp_gain":0,"max_hp_loss":0,"event_name":"Golden Shrine","floor":14,"gold_loss":0}],"is_beta":false,"boss_relics":[{"not_picked":["Mark of Pain","Runic Pyramid"],"picked":"Snecko Eye"}],"items_purged_floors":[],"is_endless":false,"potions_floor_spawned":[8,12,16,18],"killed_by":"3 Cultists","ascension_level":13}}