{"host":"njb27ds59h4j3ikk","time":1613253107,"event":{"mods":["AchievementEnabler","BaseMod","Better Altar","Better Match","Better Note","Better Sensory Stone","Better Skull","Better Third Choice","BetterRewards","Downfall","Hermit","Hubris","Minty Spire (QoL Compilation)","Permanent Neow","Quarter Circle Forward PUNCH!","Quick Restart","Rare Cards Sparkle","Replay The Spire","Shop Mod","StSLib","Trackpad","Transform Curses"],"gold_per_floor":[114,114,389,406,460,490,501,532,578,578,596,596,573,600,600,696,696,714,198,211,229,229,229,229,255,255,255,255],"floor_reached":27,"language":"ENG","playtime":1170,"items_purged":[],"score":383,"play_id":"b8041fc7-43d2-4d84-aac9-8979f8ce2b03","local_time":"20210213165147","is_ascension_mode":true,"campfire_choices":[{"floor":12,"key":"REST"},{"data":"hermit:HighNoon","floor":15,"key":"SMITH"},{"floor":23,"key":"REST"}],"circlet_count":0,"master_deck":["hermit:Strike_Hermit+1","hermit:Strike_Hermit+1","hermit:Strike_Hermit+1","hermit:Strike_Hermit+1","hermit:Defend_Hermit","hermit:Defend_Hermit","hermit:Defend_Hermit","hermit:Defend_Hermit","hermit:Snapshot","hermit:Covet","hermit:PistolWhip","ReplayTheSpireMod:Private Reserves","hermit:Showdown","hermit:Shortfuse","hermit:Glare","Deep Breath","hermit:BigShot","Midas Touch","hermit:CursedWeapon","Regret","Regret","hermit:Combo","hermit:Headshot","hermit:Snipe","hermit:HighNoon+1","hermit:Feint","hermit:WideOpen","hermit:Quickdraw","hermit:Magnum","hermit:CalledShot","hermit:Maintenance","hermit:LowProfile","hermit:Maintenance+1","Pain","hermit:Grudge"],"relics":["hermit:Momento","Du-Vu Doll","hubris:SlimyHat","BargainBundle","Potion Belt","hermit:RyeStalk","trackpad:BottledShadow","Lantern","trackpad:IceCube","ReplayTheSpireMod:Shallot","CultistMask","Black Star","trackpad:ByrdCharm","Replay:Bottled Eggs","Replay:Mystery Machine","Ancient Tea Set","Juzu Bracelet","qcfpunch:Red_Gi"],"acts_visited":["Exordium","TheCity"],"potions_floor_usage":[16,18,25,25],"damage_taken":[{"damage":8,"enemies":"Jaw Worm","floor":1,"turns":3},{"damage":2,"enemies":"Cultist","floor":4,"turns":2},{"damage":4,"enemies":"Gremlin Nob","floor":6,"turns":3},{"damage":7,"enemies":"Small Slimes","floor":7,"turns":2},{"damage":19,"enemies":"Replay:BlueRogue","floor":8,"turns":3},{"damage":3,"enemies":"Exordium Wildlife","floor":11,"turns":2},{"damage":4,"enemies":"Blue Slaver","floor":14,"turns":2},{"damage":31,"enemies":"Hexaghost","floor":16,"turns":8},{"damage":19,"enemies":"Shell Parasite","floor":18,"turns":3},{"damage":2,"enemies":"Spheric Guardian","floor":20,"turns":3},{"damage":23,"enemies":"3 Cultists","floor":21,"turns":5},{"damage":51,"enemies":"Gremlin Leader","floor":25,"turns":5},{"damage":6,"enemies":"Snecko","floor":27,"turns":3}],"seed_played":"-5076548311769594238","potions_obtained":[{"floor":4,"key":"hermit:Tonic"},{"floor":11,"key":"SpeedPotion"},{"floor":20,"key":"hermit:BlackBile"}],"is_trial":false,"path_per_floor":["M","?","?","M","T","E","M","E","T","?","M","R","$","M","R","B",null,"M","$","M","M","?","R","?","E","T","M"],"character_chosen":"HERMIT","items_purchased":["hermit:PistolWhip","ReplayTheSpireMod:Private Reserves","hubris:SlimyHat","BargainBundle","Potion Belt","hermit:RyeStalk","hermit:Showdown","hermit:Shortfuse","hermit:Glare","Deep Breath","hermit:BigShot","SteroidPotion","Adrenaline Potion","Explosive Potion","Midas Touch","hermit:WideOpen","trackpad:ByrdCharm","Replay:Bottled Eggs"],"campfire_rested":2,"item_purchase_floors":[0,0,0,0,0,0,0,0,0,0,0,0,0,0,0,13,19,19],"current_hp_per_floor":[67,67,67,65,65,61,54,35,35,35,32,54,54,50,50,19,75,56,56,54,31,31,53,53,2,2,0,0],"gold":255,"neow_bonus":"","is_daily":false,"chose_seed":false,"campfire_upgraded":1,"win_rate":0.0,"timestamp":1613253107,"path_taken":["M","?","?","?","?","E","M","E","T","?","?","R","$","M","R","BOSS","M","$","M","M","?","R","?","E","T","M"],"items_purchased_type":["Card","Card","Relic","Relic","Relic","Relic","Card","Card","Card","Card","Card","Potion","Potion","Potion","Card","Card","Relic","Relic"],"build_version":"2020-12-22","purchased_purges":0,"victory":false,"max_hp_per_floor":[75,75,75,75,75,75,75,75,75,75,75,75,75,75,75,75,75,75,75,75,75,75,75,75,75,75,75,75],"card_choices":[{"not_picked":["hermit:Glare","hermit:Roulette"],"picked":"hermit:CursedWeapon","floor":1},{"not_picked":["hermit:ItchyTrigger","hermit:Showdown"],"picked":"hermit:Combo","floor":4},{"not_picked":["hermit:TrackingShot","hermit:BodyArmor"],"picked":"hermit:Headshot","floor":6},{"not_picked":["hermit:Roulette","hermit:Malice"],"picked":"hermit:Snipe","floor":7},{"not_picked":["hermit:BigShot","hermit:Spite"],"picked":"hermit:HighNoon","floor":8},{"not_picked":["hermit:Desperado","hermit:Dive"],"picked":"hermit:Feint","floor":11},{"not_picked":["hermit:LuckOfTheDraw","hermit:Dive"],"picked":"hermit:Quickdraw","floor":14},{"not_picked":["hermit:BlackWind","hermit:Adapt"],"picked":"hermit:Magnum","floor":16},{"not_picked":["hermit:Quickdraw","hermit:Feint"],"picked":"hermit:CalledShot","floor":18},{"not_picked":["hermit:Feint+1","hermit:Ricochet"],"picked":"hermit:Maintenance","floor":20},{"not_picked":["hermit:ItchyTrigger","hermit:WideOpen+1"],"picked":"hermit:LowProfile","floor":21},{"not_picked":["hermit:FullyLoaded","hermit:TrackingShot"],"picked":"hermit:Grudge","floor":25}],"player_experience":1361932,"relics_obtained":[{"floor":5,"key":"Lantern"},{"floor":6,"key":"trackpad:IceCube"},{"floor":8,"key":"ReplayTheSpireMod:Shallot"},{"floor":25,"key":"Ancient Tea Set"},{"floor":25,"key":"Juzu Bracelet"},{"floor":26,"key":"qcfpunch:Red_Gi"}],"event_choices":[{"damage_healed":0,"gold_gain":0,"player_choice":"Box","damage_taken":0,"relics_obtained":["trackpad:BottledShadow"],"max_hp_gain":0,"max_hp_loss":0,"event_name":"Big Fish","floor":2,"gold_loss":0,"cards_obtained":["Regret"]},{"damage_healed":0,"gold_gain":275,"player_choice":"Desecrate","damage_taken":0,"max_hp_gain":0,"max_hp_loss":0,"event_name":"Golden Shrine","floor":3,"gold_loss":0,"cards_obtained":["Regret"]},{"damage_healed":0,"gold_gain":0,"player_choice":"Trade","damage_taken":0,"relics_obtained":["CultistMask"],"max_hp_gain":0,"max_hp_loss":0,"event_name":"FaceTrader","floor":10,"gold_loss":0},{"cards_removed":["hermit:HighNoon"],"damage_healed":0,"gold_gain":0,"player_choice":"Take \u0026 Give","damage_taken":0,"max_hp_gain":0,"max_hp_loss":0,"event_name":"betterNote:BetterNote","floor":22,"gold_loss":0,"cards_obtained":["hermit:Maintenance"]}],"is_beta":false,"boss_relics":[{"not_picked":["Velvet Choker","Empty Cage"],"picked":"Black Star"}],"items_purged_floors":[],"is_endless":false,"potions_floor_spawned":[4,11,20],"killed_by":"Snecko","ascension_level":1}}