{"host":"qrt7o4dq2qslzw13","time":1613250617,"event":{"mods":["AchievementEnabler","BaseMod","Colored Map","Colored Powertips","Minty Spire (QoL Compilation)","Quick Restart","StSLib","SuperFastMode"],"gold_per_floor":[16,16,91,16,16,16,41,41,88,107,128,33,133,57,57,155,155,170,183,10,10,10],"floor_reached":21,"language":"ENG","playtime":209,"items_purged":["Injury"],"score":334,"play_id":"72ec8f2b-13c3-4605-b569-6ae056f6fbe2","local_time":"20210213161017","is_ascension_mode":true,"campfire_choices":[{"data":"Immolate","floor":6.0,"key":"SMITH"},{"data":"Dropkick","floor":8.0,"key":"SMITH"},{"data":"Spot Weakness","floor":15.0,"key":"SMITH"}],"circlet_count":0,"master_deck":["AscendersBane","Strike_R","Strike_R","Strike_R","Strike_R","Strike_R","Defend_R","Defend_R","Defend_R","Defend_R","Bash","Immolate+1","Thunderclap","Dropkick+1","Disarm","Blood for Blood","Trip","Spot Weakness+1","Impervious","Pummel+1","Iron Wave"],"relics":["Burning Blood","Golden Idol","Kunai","Nunchaku","Sozu","Oddly Smooth Stone"],"acts_visited":["Exordium","TheCity"],"potions_floor_usage":[18],"damage_taken":[{"damage":0.0,"enemies":"Small Slimes","floor":1.0,"turns":2.0},{"damage":7.0,"enemies":"Jaw Worm","floor":7.0,"turns":3.0},{"damage":0.0,"enemies":"Cultist","floor":10.0,"turns":2.0},{"damage":1.0,"enemies":"Looter","floor":11.0,"turns":4.0},{"damage":11.0,"enemies":"Hexaghost","floor":16.0,"turns":6.0},{"damage":22,"enemies":"Spheric Guardian","floor":18,"turns":5},{"damage":24,"enemies":"Shell Parasite","floor":19,"turns":4},{"damage":43,"enemies":"Cultist and Chosen","floor":21,"turns":4}],"seed_played":"8385771943541350950","potions_obtained":[{"floor":7.0,"key":"SkillPotion"},{"floor":10.0,"key":"DistilledChaos"},{"floor":16.0,"key":"Ancient Potion"}],"is_trial":false,"path_per_floor":["M","?","?","$","T","R","M","R","T","M","M","$","?","$","R","B",null,"M","M","$","M"],"character_chosen":"IRONCLAD","items_purchased":["Trip","Spot Weakness","Oddly Smooth Stone"],"campfire_rested":0,"item_purchase_floors":[12,14,20],"current_hp_per_floor":[74,74,63,63,63,63,62,62,62,68,73,73,73,73,73,68,73,57,39,39,0,0],"gold":10,"neow_bonus":"THREE_RARE_CARDS","is_daily":false,"chose_seed":false,"campfire_upgraded":3,"win_rate":0.0,"timestamp":1613250617,"path_taken":["M","?","?","$","?","R","?","R","T","M","M","$","?","$","R","BOSS","M","?","?","M"],"items_purchased_type":["Card","Card","Relic"],"build_version":"2020-12-22","purchased_purges":1,"victory":false,"max_hp_per_floor":[75,75,75,75,75,75,75,75,75,75,75,75,75,75,75,75,75,75,75,75,75,75],"card_choices":[{"not_picked":["Impervious","Limit Break"],"picked":"Immolate","floor":0.0},{"not_picked":["Wild Strike","Armaments"],"picked":"Thunderclap","floor":1.0},{"not_picked":["Thunderclap","Dark Embrace"],"picked":"Dropkick","floor":7.0},{"not_picked":["Clash","Sword Boomerang"],"picked":"Disarm","floor":10.0},{"not_picked":["Headbutt","Twin Strike"],"picked":"Blood for Blood","floor":11.0},{"not_picked":["Immolate","Demon Form"],"picked":"Impervious","floor":16.0},{"not_picked":["Cleave","True Grit"],"picked":"Pummel+1","floor":18},{"not_picked":["Blood for Blood","Clash"],"picked":"Iron Wave","floor":19}],"player_experience":636419,"relics_obtained":[{"floor":5.0,"key":"Kunai"},{"floor":9.0,"key":"Nunchaku"}],"event_choices":[{"damage_healed":0.0,"max_hp_gain":0.0,"max_hp_loss":0.0,"gold_gain":0.0,"event_name":"Golden Idol","player_choice":"Take Wound","floor":2.0,"gold_loss":0.0,"damage_taken":0.0,"relics_obtained":["Golden Idol"],"cards_obtained":["Injury"]},{"damage_healed":0.0,"max_hp_gain":0.0,"max_hp_loss":0.0,"gold_gain":75.0,"event_name":"World of Goop","player_choice":"Gather Gold","floor":3.0,"gold_loss":0.0,"damage_taken":11.0},{"damage_healed":0.0,"max_hp_gain":0.0,"max_hp_loss":0.0,"gold_gain":100.0,"event_name":"Wheel of Change","player_choice":"Gold","floor":13.0,"gold_loss":0.0,"damage_taken":0.0}],"is_beta":false,"boss_relics":[{"not_picked":["Astrolabe","Snecko Eye"],"picked":"Sozu"}],"items_purged_floors":[4],"is_endless":false,"potions_floor_spawned":[7,10,11,16,18],"killed_by":"Cultist and Chosen","ascension_level":20}}