{"host":"p0hktren06injwdf","time":1613192580,"event":{"mods":["AchievementEnabler","BaseMod","Colored Map","DeckTracker","Minty Spire (QoL Compilation)","Permanent Neow","StSLib","SuperFastMode"],"gold_per_floor":[118,129,146,163,163,163,213,224,279,279,279],"floor_reached":10,"language":"KOR","playtime":146,"items_purged":[],"score":120,"play_id":"10840ce5-9970-4bc6-b7e3-1339b0206b26","local_time":"20210213140300","is_ascension_mode":true,"campfire_choices":[{"data":"Eruption","floor":6,"key":"SMITH"}],"circlet_count":0,"master_deck":["AscendersBane","Strike_P","Strike_P","Strike_P","Strike_P","Defend_P","Defend_P","Defend_P","Eruption+1","Vigilance","SandsOfTime","WheelKick"],"relics":["PureWater","Boot"],"acts_visited":["Exordium"],"potions_floor_usage":[4],"damage_taken":[{"damage":0,"enemies":"Cultist","floor":1,"turns":2},{"damage":7,"enemies":"Jaw Worm","floor":2,"turns":3},{"damage":3,"enemies":"2 Louse","floor":3,"turns":3},{"damage":5,"enemies":"Gremlin Gang","floor":4,"turns":3},{"damage":18,"enemies":"Exordium Thugs","floor":8,"turns":3},{"damage":47,"enemies":"3 Sentries","floor":10,"turns":4}],"seed_played":"-7685090066459971980","potions_obtained":[{"floor":1,"key":"BlessingOfTheForge"},{"floor":2,"key":"Fire Potion"},{"floor":3,"key":"FairyPotion"}],"is_trial":false,"path_per_floor":["M","M","M","M","?","R","?","M","T","E"],"character_chosen":"WATCHER","items_purchased":[],"campfire_rested":0,"item_purchase_floors":[],"current_hp_per_floor":[61,54,51,46,46,46,40,22,22,0,0],"gold":279,"neow_bonus":"REMOVE_CARD","is_daily":false,"chose_seed":false,"campfire_upgraded":1,"win_rate":0.0,"timestamp":1613192580,"path_taken":["M","M","M","?","?","R","?","M","T","E"],"items_purchased_type":[],"build_version":"2020-12-22","purchased_purges":0,"victory":false,"max_hp_per_floor":[68,68,68,68,68,68,68,68,68,68,68],"card_choices":[{"not_picked":["FollowUp","Halt"],"picked":"SandsOfTime","floor":1},{"not_picked":["Perseverance","ThirdEye","Vengeance"],"picked":"SKIP","floor":2},{"not_picked":["Protect","FollowUp","EmptyBody"],"picked":"SKIP","floor":3},{"not_picked":["EmptyFist","WindmillStrike"],"picked":"WheelKick","floor":4},{"not_picked":["Prostrate","FollowUp","Wish"],"picked":"SKIP","floor":8}],"player_experience":1048775,"relics_obtained":[{"floor":9,"key":"Boot"}],"event_choices":[{"damage_healed":0,"gold_gain":0,"player_choice":"Ignored","damage_taken":0,"max_hp_gain":0,"max_hp_loss":0,"event_name":"Liars Game","floor":5,"gold_loss":0},{"damage_healed":0,"gold_gain":50,"player_choice":"Touch","damage_taken":6,"max_hp_gain":0,"max_hp_loss":0,"event_name":"FaceTrader","floor":7,"gold_loss":0}],"is_beta":false,"boss_relics":[],"items_purged_floors":[],"is_endless":false,"potions_floor_spawned":[1,2,3],"killed_by":"3 Sentries","ascension_level":20}}