{"host":"sxnl403xm2xmiyj1","time":1613219873,"event":{"mods":["AchievementEnabler","BaseMod","Colored Map","Keyboard Shortcuts","Minty Spire (QoL Compilation)","Quick Restart","StSLib","SuperFastMode"],"gold_per_floor":[115,132,207,207,4,35,55,55,55,89,99,134,134,23,23,23,23],"floor_reached":16,"language":"KOR","playtime":617,"items_purged":["Strike_R"],"score":201,"play_id":"e04ee173-8361-4fcf-8d73-c460bdf01a42","local_time":"20210213213753","is_ascension_mode":true,"campfire_choices":[{"data":"Armaments","floor":8.0,"key":"SMITH"},{"floor":13.0,"key":"REST"},{"data":"Pummel","floor":15.0,"key":"SMITH"}],"circlet_count":0,"master_deck":["AscendersBane","Strike_R","Strike_R","Defend_R","Defend_R","Defend_R","Bash","Shrug It Off","Flex","Heavy Blade","Armaments+1","Pommel Strike","Pummel+1","Sword Boomerang","Uppercut"],"relics":["Burning Blood","Lee\u0027s Waffle","InkBottle","Sundial","Regal Pillow","PreservedInsect"],"acts_visited":["Exordium"],"potions_floor_usage":[16,16],"damage_taken":[{"damage":16.0,"enemies":"2 Louse","floor":1.0,"turns":2.0},{"damage":9.0,"enemies":"Small Slimes","floor":2.0,"turns":5.0},{"damage":40.0,"enemies":"Gremlin Nob","floor":6.0,"turns":4.0},{"damage":2.0,"enemies":"Jaw Worm","floor":7.0,"turns":3.0},{"damage":30.0,"enemies":"3 Sentries","floor":10.0,"turns":13.0},{"damage":3.0,"enemies":"Blue Slaver","floor":11.0,"turns":3.0},{"damage":20.0,"enemies":"Lagavulin","floor":12.0,"turns":5.0},{"damage":49,"enemies":"Slime Boss","floor":16,"turns":12}],"seed_played":"528073640340266959","potions_obtained":[{"floor":2.0,"key":"ElixirPotion"},{"floor":10.0,"key":"Dexterity Potion"},{"floor":12.0,"key":"DuplicationPotion"}],"is_trial":false,"path_per_floor":["M","M","?","?","$","E","M","R","T","E","M","E","R","$","R","B"],"character_chosen":"IRONCLAD","items_purchased":["Lee\u0027s Waffle","Heavy Blade","Uppercut"],"campfire_rested":1,"item_purchase_floors":[5,5,14],"current_hp_per_floor":[40,37,26,19,82,48,52,52,52,28,31,17,56,56,56,7,7],"gold":23,"neow_bonus":"REMOVE_TWO","is_daily":false,"chose_seed":false,"campfire_upgraded":2,"win_rate":0.0,"timestamp":1613219873,"path_taken":["M","M","?","?","$","E","M","R","T","E","M","E","R","?","R","BOSS"],"items_purchased_type":["Relic","Card","Card"],"build_version":"2020-12-22","purchased_purges":1,"victory":false,"max_hp_per_floor":[75,75,75,75,82,82,82,82,82,82,82,82,82,82,82,82,82],"card_choices":[{"not_picked":["Heavy Blade","Thunderclap"],"picked":"Shrug It Off","floor":1.0},{"not_picked":["Headbutt","Shrug It Off"],"picked":"Flex","floor":2.0},{"not_picked":["Dual Wield","Clothesline","Perfected Strike"],"picked":"SKIP","floor":6.0},{"not_picked":["Fiend Fire","Clash"],"picked":"Armaments","floor":7.0},{"not_picked":["Body Slam","Carnage"],"picked":"Pommel Strike","floor":10.0},{"not_picked":["Hemokinesis","Dual Wield"],"picked":"Pummel","floor":11.0},{"not_picked":["Perfected Strike","Entrench"],"picked":"Sword Boomerang","floor":12.0}],"player_experience":214072,"relics_obtained":[{"floor":6.0,"key":"InkBottle"},{"floor":9.0,"key":"Sundial"},{"floor":10.0,"key":"Regal Pillow"},{"floor":12.0,"key":"PreservedInsect"}],"event_choices":[{"damage_healed":0.0,"max_hp_gain":0.0,"max_hp_loss":0.0,"gold_gain":75.0,"event_name":"World of Goop","player_choice":"Gather Gold","floor":3.0,"gold_loss":0.0,"damage_taken":11.0},{"cards_removed":["Strike_R"],"damage_healed":0.0,"max_hp_gain":0.0,"max_hp_loss":0.0,"gold_gain":0.0,"event_name":"Golden Wing","player_choice":"Card Removal","floor":4.0,"gold_loss":0.0,"damage_taken":7.0}],"is_beta":false,"boss_relics":[],"items_purged_floors":[14],"is_endless":false,"potions_floor_spawned":[2,10,12],"killed_by":"Slime Boss","ascension_level":14}}