{"host":"bzhipxc86snvtg8p","time":1613252356,"event":{"mods":["BaseMod","Minty Spire (QoL Compilation)"],"gold_per_floor":[109,38,52,52,67,99,10,20,20,20,38,52,52,52,52,152,152,164,12,102,113,212,212,212],"floor_reached":23,"language":"ENG","playtime":1629,"items_purged":[],"score":191,"play_id":"2292a953-2f1e-4e5e-92cf-f337dfe84e72","local_time":"20210213143916","is_ascension_mode":false,"campfire_choices":[{"floor":13,"key":"REST"},{"floor":15,"key":"REST"}],"circlet_count":0,"master_deck":["Strike_B","Strike_B","Strike_B","Defend_B","Defend_B","Defend_B","Zap","Dualcast","Coolheaded","Rebound","Capacitor","Lockon","Static Discharge","Redo","Leap","Redo","Tempest","Thunder Strike","Redo+1","Darkness","Storm","Rebound","Forethought","Leap+1"],"relics":["Cracked Core","NeowsBlessing","Matryoshka","PreservedInsect","Omamori","Meat on the Bone","Empty Cage"],"acts_visited":["Exordium","TheCity"],"potions_floor_usage":[18,23],"damage_taken":[{"damage":0,"enemies":"Small Slimes","floor":1,"turns":1},{"damage":0,"enemies":"Cultist","floor":3,"turns":1},{"damage":0,"enemies":"Jaw Worm","floor":5,"turns":1},{"damage":41,"enemies":"Gremlin Nob","floor":6,"turns":5},{"damage":13,"enemies":"Looter","floor":8,"turns":2},{"damage":12,"enemies":"2 Fungi Beasts","floor":11,"turns":3},{"damage":13,"enemies":"Gremlin Gang","floor":12,"turns":4},{"damage":43,"enemies":"Slime Boss","floor":16,"turns":11},{"damage":18,"enemies":"Spheric Guardian","floor":18,"turns":5},{"damage":10,"enemies":"3 Byrds","floor":21,"turns":2},{"damage":43,"enemies":"Gremlin Leader","floor":23,"turns":7}],"seed_played":"-9156476126365351430","potions_obtained":[{"floor":6,"key":"Dexterity Potion"},{"floor":11,"key":"SteroidPotion"},{"floor":12,"key":"FearPotion"},{"floor":18,"key":"SmokeBomb"}],"is_trial":false,"path_per_floor":["M","?","M","?","M","E","$","M","T","?","M","M","R","$","R","B",null,"M","$","?","M","?","E"],"character_chosen":"DEFECT","items_purchased":["Static Discharge","Redo","Darkness","Storm","Rebound"],"campfire_rested":2,"item_purchase_floors":[7,7,19,19,19],"current_hp_per_floor":[75,75,75,75,75,34,34,21,21,21,21,20,42,42,64,33,75,57,57,39,41,41,0,0],"gold":212,"neow_bonus":"THREE_ENEMY_KILL","is_daily":false,"chose_seed":false,"campfire_upgraded":0,"win_rate":0.0,"timestamp":1613252356,"path_taken":["M","?","?","?","M","E","?","M","T","?","M","M","R","$","R","BOSS","M","$","?","?","?","E"],"items_purchased_type":["Card","Card","Card","Card","Card"],"build_version":"2020-12-22","purchased_purges":0,"victory":false,"max_hp_per_floor":[75,75,75,75,75,75,75,75,75,75,75,75,75,75,75,75,75,75,75,75,75,75,75,75],"card_choices":[{"not_picked":["Sweeping Beam","Blizzard"],"picked":"Coolheaded","floor":1},{"not_picked":["Go for the Eyes","Genetic Algorithm"],"picked":"Rebound","floor":3},{"not_picked":["Cold Snap","Tempest"],"picked":"Capacitor","floor":5},{"not_picked":["Ball Lightning","Go for the Eyes"],"picked":"Lockon","floor":6},{"not_picked":["Steam","Stack"],"picked":"Leap","floor":8},{"not_picked":["Barrage","Gash"],"picked":"Redo","floor":11},{"not_picked":["Scrape","Rebound"],"picked":"Tempest","floor":12},{"not_picked":["Fission","Buffer"],"picked":"Thunder Strike","floor":16},{"not_picked":["Capacitor","Sweeping Beam"],"picked":"Redo+1","floor":18},{"not_picked":["Rebound","Force Field"],"picked":"Leap+1","floor":21}],"player_experience":29568,"relics_obtained":[{"floor":6,"key":"PreservedInsect"},{"floor":9,"key":"Omamori"},{"floor":9,"key":"Meat on the Bone"}],"event_choices":[{"damage_healed":0,"gold_gain":0,"player_choice":"Paid Gold","damage_taken":0,"relics_obtained":["Matryoshka"],"max_hp_gain":0,"max_hp_loss":0,"event_name":"WeMeetAgain","floor":2,"gold_loss":71},{"damage_healed":0,"gold_gain":0,"player_choice":"Ignored","damage_taken":0,"max_hp_gain":0,"max_hp_loss":0,"event_name":"Golden Wing","floor":4,"gold_loss":0},{"damage_healed":0,"gold_gain":0,"player_choice":"Ignored","damage_taken":0,"max_hp_gain":0,"max_hp_loss":0,"event_name":"Shining Light","floor":10,"gold_loss":0},{"damage_healed":0,"gold_gain":90,"player_choice":"CARD GOLD ","damage_taken":18,"max_hp_gain":0,"max_hp_loss":0,"event_name":"Knowing Skull","floor":20,"potions_obtained":[],"gold_loss":0,"cards_obtained":["Forethought"]},{"damage_healed":0,"gold_gain":99,"player_choice":"Stole From Cult","damage_taken":0,"max_hp_gain":0,"max_hp_loss":0,"event_name":"Nest","floor":22,"gold_loss":0}],"is_beta":false,"boss_relics":[{"not_picked":["Runic Dome","Snecko Eye"],"picked":"Empty Cage"}],"items_purged_floors":[],"is_endless":false,"potions_floor_spawned":[6,11,12,18],"killed_by":"Gremlin Leader","ascension_level":0}}