{"host":"za1qviwhp34x909e","time":1613207334,"event":{"mods":["Act Like it!","BaseMod","Colored Map","Colored Powertips","Downfall","Hermit","Highlight Path","Hubris","Koishi","Marisa????????","Minty Spire (QoL Compilation)","Quick Restart","Reimu??????","Remilia??????","Replay The Spire","StSLib","The Cursed","The Disciple","The Hierophant","The Mystic","The Necromancer","The Runesmith","The Servant 0.9.4","The Wild Card"],"gold_per_floor":[117,131,131,144,144,144,168,208,47,68,68,68,43,43,59,92,92,92,92],"floor_reached":18,"language":"ENG","playtime":1247,"items_purged":[],"score":122,"play_id":"150252b3-5e12-480a-be06-fb583fa5d197","local_time":"20210213030854","is_ascension_mode":false,"campfire_choices":[{"floor":14,"key":"REST"},{"data":"FlawlessForm","floor":17,"key":"SMITH"}],"circlet_count":0,"master_deck":["Strike_S","Strike_S","Strike_S","Strike_S","Defend_S","Defend_S","Defend_S","Defend_S","KidneyShot","Exchange","ReturningBlade","BottledTime","Injury","Revamp","Starlight","Spin","Unruled","FlawlessForm+1","Shuttle","Spin","TheWorld","ShiftingGears"],"relics":["Uniform","hubris:Potato","Golden Idol","Boot","Replay:Baseball","Pen Nib"],"acts_visited":["Exordium"],"potions_floor_usage":[8,15,15,18],"damage_taken":[{"damage":2.0,"enemies":"Small Slimes","floor":1.0,"turns":5.0},{"damage":4.0,"enemies":"Cultist","floor":2.0,"turns":4.0},{"damage":0.0,"enemies":"2 Louse","floor":4.0,"turns":3.0},{"damage":16,"enemies":"Exordium Thugs","floor":7,"turns":6},{"damage":7,"enemies":"Gremlin Nob","floor":8,"turns":4},{"damage":8,"enemies":"2 Fungi Beasts","floor":10,"turns":4},{"damage":0,"enemies":"Lots of Slimes","floor":15,"turns":2},{"damage":4,"enemies":"Replay:BlueRogue","floor":16,"turns":7},{"damage":41,"enemies":"Fading Forest","floor":18,"turns":11}],"seed_played":"-4732306327303580578","potions_obtained":[{"floor":1.0,"key":"bronze:BurnAndBuffPotion"},{"floor":8,"key":"Block Potion"},{"floor":12,"key":"hexamod:SoulburnPotion"},{"floor":12,"key":"Fruit Juice"},{"floor":12,"key":"Dexterity Potion"}],"is_trial":false,"path_per_floor":["M","M","?","M","PTL","PTL","M","E","$","M","T","?","$","R","M","E","R","B"],"character_chosen":"THE_SERVANT","items_purchased":["Unruled","FlawlessForm","Spin"],"campfire_rested":1,"item_purchase_floors":[9,9,13],"current_hp_per_floor":[57,53,53,53,53,53,37,30,30,22,22,22,22,39,44,40,40,0,0],"gold":92,"neow_bonus":"ONE_RARE_RELIC","is_daily":false,"chose_seed":false,"campfire_upgraded":1,"win_rate":0.0,"timestamp":1613207334,"path_taken":["M","M","?","M","PTL","PTL","M","E","$","M","T","?","?","R","?","E","R","BOSS"],"items_purchased_type":["Card","Card","Card"],"build_version":"2020-12-22","purchased_purges":0,"victory":false,"max_hp_per_floor":[59,59,59,59,59,59,59,59,59,59,59,59,59,59,64,64,64,64,64],"card_choices":[{"not_picked":["Collapse","Spin"],"picked":"ReturningBlade","floor":1.0},{"not_picked":["Rewind","Spin"],"picked":"BottledTime","floor":2.0},{"not_picked":["ReturningBlade","Hightail"],"picked":"Revamp","floor":4},{"not_picked":["Rearm","Reset"],"picked":"Starlight","floor":7},{"not_picked":["TimeWarp","SpecialFormula"],"picked":"Spin","floor":8},{"not_picked":["MoonPhase","Unruled"],"picked":"Shuttle","floor":10},{"not_picked":["ReturningBlade","Misdirection"],"picked":"TheWorld","floor":15},{"not_picked":["Moondial","FastForward"],"picked":"ShiftingGears","floor":16}],"player_experience":692350,"relics_obtained":[{"floor":8,"key":"Boot"},{"floor":11,"key":"Replay:Baseball"},{"floor":16,"key":"Pen Nib"}],"event_choices":[{"damage_healed":0.0,"max_hp_gain":0.0,"max_hp_loss":0.0,"gold_gain":0.0,"event_name":"Golden Idol","player_choice":"Take Wound","floor":3.0,"gold_loss":0.0,"damage_taken":0.0,"relics_obtained":["Golden Idol"],"cards_obtained":["Injury"]},{"damage_healed":0,"gold_gain":0,"player_choice":"Got Potions","damage_taken":0,"max_hp_gain":0,"max_hp_loss":0,"event_name":"Lab","floor":12,"gold_loss":0}],"is_beta":false,"boss_relics":[],"items_purged_floors":[],"is_endless":false,"potions_floor_spawned":[1,8],"killed_by":"Fading Forest","ascension_level":0}}