{"host":"dlqyscxstsnu98l1","time":1613182108,"event":{"mods":["AchievementEnabler","BaseMod","Colored Map","Colored Powertips","GifTheSpireLib","Highlight Path","Minty Spire (QoL Compilation)","Random Character Button","SacredBarkPlus","StSLib","everything is the same but u backflip on backflip"],"gold_per_floor":[111,121,121,121,139,139,159,159,159,194,194,194,194,224,224,323,323,335,282,292,292,302,302,147,147,147,182,27,62,89,107,107,107,107],"floor_reached":33,"language":"ENG","playtime":1181,"items_purged":[],"score":409,"play_id":"8680f262-4166-480c-921d-00130fdee360","local_time":"20210212200828","is_ascension_mode":true,"campfire_choices":[{"data":"Bash","floor":6,"key":"SMITH"},{"data":"Offering","floor":8,"key":"SMITH"},{"data":"Shrug It Off","floor":11,"key":"SMITH"},{"data":"Anger","floor":13,"key":"SMITH"},{"data":"Hemokinesis","floor":15,"key":"SMITH"},{"data":"Bludgeon","floor":23,"key":"SMITH"},{"data":"Demon Form","floor":25,"key":"SMITH"},{"floor":32,"key":"REST"}],"circlet_count":0,"master_deck":["Strike_R","Strike_R","Strike_R","Strike_R","Strike_R","Defend_R","Defend_R","Defend_R","Defend_R","Bash+1","Offering+1","Shrug It Off+1","Thunderclap","Cleave","Anger+1","Hemokinesis+1","Bludgeon+1","Wild Strike","Demon Form+1","Power Through","Power Through","Shrug It Off","Flame Barrier"],"relics":["Black Blood","Mercury Hourglass","Blood Vial","MealTicket","Anchor","Champion Belt","Self Forming Clay","DollysMirror","Vajra","Tiny Chest"],"acts_visited":["Exordium","TheCity"],"potions_floor_usage":[14,16,16,21,27,29,29,33],"damage_taken":[{"damage":4,"enemies":"Small Slimes","floor":1,"turns":4},{"damage":6,"enemies":"Jaw Worm","floor":2,"turns":3},{"damage":6,"enemies":"2 Louse","floor":5,"turns":1},{"damage":17,"enemies":"Gremlin Gang","floor":7,"turns":4},{"damage":23,"enemies":"Lagavulin","floor":10,"turns":5},{"damage":6,"enemies":"3 Sentries","floor":14,"turns":4},{"damage":47,"enemies":"Hexaghost","floor":16,"turns":8},{"damage":15,"enemies":"3 Byrds","floor":18,"turns":3},{"damage":8,"enemies":"Chosen","floor":20,"turns":3},{"damage":16,"enemies":"Snecko","floor":22,"turns":3},{"damage":8,"enemies":"Gremlin Leader","floor":27,"turns":5},{"damage":59,"enemies":"Book of Stabbing","floor":29,"turns":7},{"damage":19,"enemies":"Sentry and Sphere","floor":31,"turns":3},{"damage":83,"enemies":"Collector","floor":33,"turns":8}],"seed_played":"5574199804451985635","potions_obtained":[{"floor":2,"key":"LiquidBronze"},{"floor":10,"key":"SkillPotion"},{"floor":14,"key":"Weak Potion"},{"floor":18,"key":"Regen Potion"},{"floor":21,"key":"Fruit Juice"},{"floor":21,"key":"ColorlessPotion"},{"floor":21,"key":"Swift Potion"},{"floor":29,"key":"Block Potion"}],"is_trial":false,"path_per_floor":["M","M","?","?","M","R","M","R","T","E","R","?","R","E","R","B",null,"M","?","M","?","M","R","$","R","T","E","$","E","T","M","R","B"],"character_chosen":"IRONCLAD","items_purchased":["Anchor","DollysMirror"],"campfire_rested":1,"item_purchase_floors":[24,28],"current_hp_per_floor":[80,80,80,85,85,85,74,74,74,57,57,57,57,57,57,18,85,82,82,85,90,86,86,90,90,90,90,90,48,48,43,70,0,0],"gold":107,"neow_bonus":"ONE_RANDOM_RARE_CARD","is_daily":false,"chose_seed":false,"campfire_upgraded":7,"win_rate":0.0,"timestamp":1613182108,"path_taken":["M","M","?","?","?","R","M","R","T","E","R","?","R","E","R","BOSS","M","?","?","?","?","R","?","R","T","E","$","E","?","M","R","BOSS"],"items_purchased_type":["Relic","Relic"],"build_version":"2020-12-22","purchased_purges":0,"victory":false,"max_hp_per_floor":[80,80,80,85,85,85,85,85,85,85,85,85,85,85,85,85,85,85,85,85,90,90,90,90,90,90,90,90,90,90,90,90,90,90],"card_choices":[{"not_picked":["Clothesline","Cleave"],"picked":"Shrug It Off","floor":1},{"not_picked":["Second Wind","Sword Boomerang"],"picked":"Thunderclap","floor":2},{"not_picked":["Clash","Uppercut"],"picked":"Cleave","floor":5},{"not_picked":["Dual Wield","Fire Breathing"],"picked":"Anger","floor":7},{"not_picked":["Rupture","Berserk","Iron Wave"],"picked":"SKIP","floor":10},{"not_picked":["Havoc","Clothesline"],"picked":"Hemokinesis","floor":14},{"not_picked":["Demon Form","Feed"],"picked":"Bludgeon","floor":16},{"not_picked":["Flex+1","Havoc","Heavy Blade"],"picked":"SKIP","floor":18},{"not_picked":["Second Wind","Clothesline"],"picked":"Wild Strike","floor":20},{"not_picked":["Body Slam","Anger"],"picked":"Demon Form","floor":22},{"not_picked":["Feel No Pain","Fire Breathing"],"picked":"Power Through","floor":27},{"not_picked":["Uppercut","Armaments"],"picked":"Shrug It Off","floor":29},{"not_picked":["Armaments","Sentinel+1"],"picked":"Flame Barrier","floor":31}],"player_experience":180664,"relics_obtained":[{"floor":10,"key":"Mercury Hourglass"},{"floor":14,"key":"Blood Vial"},{"floor":26,"key":"Champion Belt"},{"floor":27,"key":"Self Forming Clay"},{"floor":29,"key":"Vajra"},{"floor":30,"key":"Tiny Chest"}],"event_choices":[{"damage_healed":0,"gold_gain":0,"player_choice":"Ignored","damage_taken":0,"max_hp_gain":0,"max_hp_loss":0,"event_name":"Golden Wing","floor":3,"gold_loss":0},{"damage_healed":0,"gold_gain":0,"player_choice":"Donut","damage_taken":0,"max_hp_gain":5,"max_hp_loss":0,"event_name":"Big Fish","floor":4,"gold_loss":0},{"damage_healed":0,"gold_gain":0,"player_choice":"Ignored","damage_taken":0,"max_hp_gain":0,"max_hp_loss":0,"event_name":"Liars Game","floor":12,"gold_loss":0},{"damage_healed":0,"gold_gain":0,"player_choice":"Paid Gold","damage_taken":0,"relics_obtained":["MealTicket"],"max_hp_gain":0,"max_hp_loss":0,"event_name":"WeMeetAgain","floor":19,"gold_loss":53},{"damage_healed":0,"gold_gain":0,"player_choice":"Got Potions","damage_taken":0,"max_hp_gain":0,"max_hp_loss":0,"event_name":"Lab","floor":21,"gold_loss":0}],"is_beta":false,"boss_relics":[{"not_picked":["Runic Pyramid","Astrolabe"],"picked":"Black Blood"}],"items_purged_floors":[],"is_endless":false,"potions_floor_spawned":[2,10,14,18,29],"killed_by":"Collector","ascension_level":4}}