{"host":"4epvxsx6d4oxmc67","time":1613249891,"event":{"mods":["AchievementEnabler","BaseMod","Colored Map","Highlight Path","Minty Spire (QoL Compilation)"],"gold_per_floor":[113,63,63,63,81,107,107,134,158,158,176,176,209,134,134,234,234,248,2,12,12,37,37,52,52,76,76,76,87,113,113,113,217,217,231,241,261,275,1,1,15,15,40,90,90,109,141,195,195,195],"floor_reached":51,"language":"ENG","playtime":2280,"items_purged":["Pain","Defend_B","Defend_B"],"score":864,"play_id":"679cbd34-b82d-45c8-a7e5-6a2eac5d4250","local_time":"20210213205811","is_ascension_mode":true,"campfire_choices":[{"data":"White Noise","floor":7.0,"key":"SMITH"},{"data":"Self Repair","floor":10.0,"key":"SMITH"},{"data":"Double Energy","floor":15.0,"key":"SMITH"},{"data":"Defragment","floor":23.0,"key":"SMITH"},{"data":"Electrodynamics","floor":25,"key":"SMITH"},{"data":"Barrage","floor":28,"key":"SMITH"},{"data":"Defragment","floor":32,"key":"SMITH"},{"data":"Machine Learning","floor":40,"key":"SMITH"},{"data":"Defragment","floor":42,"key":"SMITH"},{"data":"Static Discharge","floor":45,"key":"SMITH"},{"data":"Self Repair","floor":49,"key":"SMITH"}],"circlet_count":0,"master_deck":["Strike_B","Defend_B+1","Defend_B","Zap+1","Dualcast","Cold Snap+1","White Noise+1","Sweeping Beam","Self Repair+1","Streamline","Double Energy+1","Electrodynamics+1","Compile Driver+1","Coolheaded","Self Repair+1","Defragment+1","Barrage+1","Static Discharge+1","Defragment+1","Machine Learning+1","Beam Cell+1","Core Surge","Defragment+1","Genetic Algorithm","Capacitor+1","Capacitor+1","Heatsinks+1"],"relics":["Cracked Core","NeowsBlessing","Boot","Question Card","War Paint","WarpedTongs","Pear","Empty Cage","OrangePellets","Red Mask","Orichalcum","Bronze Scales","MutagenicStrength","Nuclear Battery","Nunchaku","Pocketwatch","Potion Belt","Mango"],"acts_visited":["Exordium","TheCity","TheBeyond"],"potions_floor_usage":[30,38,41,50,50,50],"damage_taken":[{"damage":0.0,"enemies":"Small Slimes","floor":1.0,"turns":1.0},{"damage":0.0,"enemies":"Jaw Worm","floor":5.0,"turns":1.0},{"damage":0.0,"enemies":"Gremlin Nob","floor":6.0,"turns":1.0},{"damage":31.0,"enemies":"Lagavulin","floor":8.0,"turns":6.0},{"damage":4.0,"enemies":"2 Louse","floor":11.0,"turns":2.0},{"damage":33.0,"enemies":"Gremlin Nob","floor":13.0,"turns":4.0},{"damage":24.0,"enemies":"Hexaghost","floor":16.0,"turns":9.0},{"damage":8.0,"enemies":"Spheric Guardian","floor":18.0,"turns":4.0},{"damage":14.0,"enemies":"Shell Parasite","floor":20.0,"turns":3.0},{"damage":0.0,"enemies":"Masked Bandits","floor":22.0,"turns":1.0},{"damage":6,"enemies":"Centurion and Healer","floor":24,"turns":5},{"damage":23,"enemies":"Snecko","floor":29,"turns":5},{"damage":28,"enemies":"Gremlin Leader","floor":30,"turns":4},{"damage":15,"enemies":"Champ","floor":33,"turns":10},{"damage":8,"enemies":"3 Shapes","floor":35,"turns":3},{"damage":21,"enemies":"3 Darklings","floor":36,"turns":4},{"damage":2,"enemies":"Sphere and 2 Shapes","floor":37,"turns":3},{"damage":8,"enemies":"Spire Growth","floor":38,"turns":3},{"damage":26,"enemies":"Jaw Worm Horde","floor":41,"turns":3},{"damage":0,"enemies":"Mind Bloom Boss Battle","floor":44,"turns":7},{"damage":0,"enemies":"3 Darklings","floor":46,"turns":3},{"damage":19,"enemies":"Giant Head","floor":47,"turns":6},{"damage":42,"enemies":"2 Orb Walkers","floor":48,"turns":4},{"damage":100,"enemies":"Awakened One","floor":50,"turns":9}],"seed_played":"-5776296562883986475","potions_obtained":[{"floor":5.0,"key":"Regen Potion"},{"floor":6.0,"key":"LiquidMemories"},{"floor":8.0,"key":"Strength Potion"},{"floor":16.0,"key":"Ancient Potion"},{"floor":20.0,"key":"FairyPotion"},{"floor":22.0,"key":"EssenceOfSteel"},{"floor":33,"key":"DuplicationPotion"},{"floor":38,"key":"Block Potion"},{"floor":41,"key":"Dexterity Potion"},{"floor":48,"key":"Weak Potion"}],"is_trial":false,"path_per_floor":["M","?","?","?","M","E","R","E","T","R","M","?","E","$","R","B",null,"M","$","M","?","?","R","M","R","T","$","R","M","E","?","R","B",null,"M","M","M","M","$","R","M","R","T","?","R","M","E","?","R","B",null],"character_chosen":"DEFECT","items_purchased":["OrangePellets","Defragment","Genetic Algorithm"],"campfire_rested":0,"item_purchase_floors":[19,39,39],"current_hp_per_floor":[75,75,80,80,80,80,80,49,49,49,55,55,54,54,54,40,90,90,90,86,86,86,86,90,90,90,90,90,84,73,73,73,75,90,82,78,86,90,90,90,74,74,74,90,90,90,90,82,82,51],"gold":195,"neow_bonus":"THREE_ENEMY_KILL","is_daily":false,"chose_seed":false,"campfire_upgraded":11,"win_rate":0.0,"timestamp":1613249891,"path_taken":["M","?","?","?","M","E","R","E","T","R","?","?","E","$","R","BOSS","M","$","?","?","?","R","M","R","T","?","R","M","E","?","R","BOSS","M","M","M","M","$","R","M","R","T","?","R","M","E","?","R","BOSS"],"items_purchased_type":["Relic","Card","Card"],"build_version":"2020-12-22","purchased_purges":3,"victory":true,"max_hp_per_floor":[75,75,80,80,80,80,80,80,80,80,80,80,90,90,90,90,90,90,90,90,90,90,90,90,90,90,90,90,90,90,90,90,90,90,90,90,90,90,90,90,90,90,90,90,90,90,90,104,104,104],"card_choices":[{"not_picked":["Conserve Battery","Blizzard"],"picked":"Cold Snap","floor":1.0},{"not_picked":["Reinforced Body","Heatsinks"],"picked":"White Noise","floor":5.0},{"not_picked":["Melter","Consume"],"picked":"Sweeping Beam","floor":6.0},{"not_picked":["Sweeping Beam","Heatsinks"],"picked":"Self Repair","floor":8.0},{"not_picked":["Consume","Conserve Battery","Hologram"],"picked":"Streamline","floor":11.0},{"not_picked":["Rebound","Turbo","Amplify"],"picked":"Double Energy","floor":13.0},{"not_picked":["Buffer","Core Surge","Multi-Cast"],"picked":"Electrodynamics","floor":16.0},{"not_picked":["Go for the Eyes","Ball Lightning","Recycle"],"picked":"Compile Driver+1","floor":18.0},{"not_picked":["Cold Snap","Stack+1","Go for the Eyes"],"picked":"Coolheaded","floor":20.0},{"not_picked":["Turbo","Sweeping Beam","Rainbow"],"picked":"Defragment","floor":22.0},{"not_picked":["Consume","Stack","Ball Lightning"],"picked":"Barrage","floor":24},{"not_picked":["Cold Snap","Gash","Coolheaded+1"],"picked":"Static Discharge","floor":29},{"not_picked":["Leap","Melter","Gash+1"],"picked":"Defragment","floor":30},{"not_picked":["Hyperbeam","Meteor Strike","Multi-Cast"],"picked":"Machine Learning","floor":33},{"not_picked":["Hologram","Fusion+1","Skim"],"picked":"Beam Cell+1","floor":35},{"not_picked":["Cold Snap+1","Conserve Battery","Barrage+1","Turbo+1"],"picked":"SKIP","floor":36},{"not_picked":["Auto Shields","Leap","Ball Lightning","Rebound+1"],"picked":"SKIP","floor":37},{"not_picked":["Rebound","Beam Cell","Stack+1"],"picked":"Core Surge","floor":38},{"not_picked":["Tempest+1","Leap+1","Sunder","Aggregate"],"picked":"SKIP","floor":41},{"not_picked":["Ball Lightning+1","Darkness+1","FTL"],"picked":"Capacitor+1","floor":46},{"not_picked":["Blizzard+1","Hologram","Reinforced Body"],"picked":"Capacitor+1","floor":47},{"not_picked":["Leap+1","Beam Cell","Core Surge"],"picked":"Heatsinks+1","floor":48}],"player_experience":116072,"relics_obtained":[{"floor":6.0,"key":"Boot"},{"floor":8.0,"key":"Question Card"},{"floor":9.0,"key":"War Paint"},{"floor":13.0,"key":"Pear"},{"floor":22.0,"key":"Red Mask"},{"floor":26,"key":"Orichalcum"},{"floor":30,"key":"Bronze Scales"},{"floor":43,"key":"Nunchaku"},{"floor":44,"key":"Pocketwatch"},{"floor":47,"key":"Potion Belt"},{"floor":48,"key":"Mango"}],"event_choices":[{"cards_removed":["Strike_B"],"damage_healed":0.0,"max_hp_gain":0.0,"max_hp_loss":0.0,"gold_gain":0.0,"event_name":"The Cleric","player_choice":"Card Removal","floor":2.0,"gold_loss":50.0,"damage_taken":0.0},{"damage_healed":0.0,"max_hp_gain":5.0,"max_hp_loss":0.0,"gold_gain":0.0,"event_name":"Big Fish","player_choice":"Donut","floor":3.0,"gold_loss":0.0,"damage_taken":0.0},{"damage_healed":0.0,"max_hp_gain":0.0,"max_hp_loss":0.0,"gold_gain":0.0,"event_name":"Upgrade Shrine","player_choice":"Upgraded","floor":4.0,"gold_loss":0.0,"damage_taken":0.0,"cards_upgraded":["Cold Snap"]},{"damage_healed":0.0,"max_hp_gain":0.0,"max_hp_loss":0.0,"gold_gain":0.0,"event_name":"Accursed Blacksmith","player_choice":"Rummage","floor":12.0,"gold_loss":0.0,"damage_taken":0.0,"relics_obtained":["WarpedTongs"],"cards_obtained":["Pain"]},{"damage_healed":0.0,"max_hp_gain":0.0,"max_hp_loss":0.0,"gold_gain":0.0,"event_name":"The Library","player_choice":"Read","floor":21.0,"gold_loss":0.0,"damage_taken":0.0,"cards_obtained":["Self Repair"]},{"damage_healed":0.0,"max_hp_gain":0.0,"max_hp_loss":0.0,"gold_gain":0.0,"event_name":"Masked Bandits","player_choice":"Fought Bandits","floor":22.0,"gold_loss":0.0,"damage_taken":0.0},{"damage_healed":0,"gold_gain":0,"player_choice":"Inject Mutagens","damage_taken":0,"relics_obtained":["MutagenicStrength"],"max_hp_gain":0,"max_hp_loss":0,"event_name":"Drug Dealer","floor":31,"gold_loss":0},{"damage_healed":0,"gold_gain":0,"player_choice":"Fight","damage_taken":0,"max_hp_gain":0,"max_hp_loss":0,"event_name":"MindBloom","floor":44,"gold_loss":0},{"damage_healed":0,"gold_gain":0,"player_choice":"Fight","damage_taken":0,"max_hp_gain":0,"max_hp_loss":0,"event_name":"Mysterious Sphere","floor":48,"gold_loss":0}],"is_beta":false,"boss_relics":[{"not_picked":["Black Star","Coffee Dripper"],"picked":"Empty Cage"},{"not_picked":["Calling Bell","FrozenCore"],"picked":"Nuclear Battery"}],"items_purged_floors":[14,19,39],"is_endless":false,"potions_floor_spawned":[5,6,8,16,20,22,33,35,38,41,48],"ascension_level":3}}