{"host":"8ztb9kwpjc2zof9s","time":1613182558,"event":{"mods":["BaseMod","Block Reminder","Curses Come First","Minty Spire (QoL Compilation)","Relic Stats","StSLib"],"gold_per_floor":[414,425,445,459,478,478,478,513,513,513,513,524,228,239,239,339,339,352,277,293,293,115,115,145,20,45,57,57,57,57,74,74,74,74],"floor_reached":33,"language":"ENG","playtime":1062,"items_purged":["Strike_G","Strike_G","Strike_G"],"score":414,"play_id":"bc79607d-d4b9-4d36-ba94-2f685a9fae19","local_time":"20210212181558","is_ascension_mode":true,"campfire_choices":[{"floor":6,"key":"REST"},{"data":"Infinite Blades","floor":10,"key":"SMITH"},{"data":"Leg Sweep","floor":15,"key":"SMITH"},{"data":"Noxious Fumes","floor":23,"key":"SMITH"},{"floor":28,"key":"REST"},{"data":"Accuracy","floor":32,"key":"SMITH"}],"circlet_count":0,"master_deck":["AscendersBane","Defend_G+1","Defend_G+1","Defend_G","Defend_G+1","Defend_G","Survivor+1","Neutralize","Leg Sweep+1","Dagger Spray","Slice","Accuracy","Infinite Blades+1","Slice","Accuracy+1","Glass Knife","Dagger Spray+1","Noxious Fumes+1","Shame","Blade Dance"],"relics":["Ring of the Snake","Old Coin","Akabeko","Meat on the Bone","Sundial","Snake Skull","Black Star","Bottled Tornado","War Paint","Smiling Mask","Vajra"],"acts_visited":["Exordium","TheCity"],"potions_floor_usage":[2,8,8,16,20,24,27,33],"damage_taken":[{"damage":4,"enemies":"Small Slimes","floor":1,"turns":6},{"damage":9,"enemies":"2 Louse","floor":2,"turns":4},{"damage":0,"enemies":"Jaw Worm","floor":3,"turns":5},{"damage":0,"enemies":"Exordium Wildlife","floor":4,"turns":3},{"damage":0,"enemies":"Blue Slaver","floor":5,"turns":7},{"damage":1,"enemies":"3 Sentries","floor":8,"turns":5},{"damage":0,"enemies":"3 Louse","floor":12,"turns":2},{"damage":0,"enemies":"Exordium Wildlife","floor":14,"turns":2},{"damage":32,"enemies":"Hexaghost","floor":16,"turns":10},{"damage":2,"enemies":"3 Byrds","floor":18,"turns":5},{"damage":15,"enemies":"Shell Parasite","floor":20,"turns":7},{"damage":37,"enemies":"Book of Stabbing","floor":24,"turns":7},{"damage":4,"enemies":"Cultist and Chosen","floor":27,"turns":7},{"damage":2,"enemies":"Snecko","floor":31,"turns":6},{"damage":61,"enemies":"Champ","floor":33,"turns":13}],"seed_played":"8194011489821264695","potions_obtained":[{"floor":1,"key":"LiquidBronze"},{"floor":4,"key":"SteroidPotion"},{"floor":5,"key":"PowerPotion"},{"floor":14,"key":"Strength Potion"},{"floor":16,"key":"Dexterity Potion"},{"floor":18,"key":"AttackPotion"},{"floor":20,"key":"EssenceOfSteel"},{"floor":24,"key":"Regen Potion"}],"is_trial":false,"path_per_floor":["M","M","M","M","M","R","?","E","T","R","?","M","$","M","R","B",null,"M","?","M","?","$","R","E","$","T","M","R","?","?","M","R","B"],"character_chosen":"THE_SILENT","items_purchased":["Accuracy","Snake Skull","Noxious Fumes"],"campfire_rested":2,"item_purchase_floors":[13,13,22],"current_hp_per_floor":[41,32,32,32,32,53,39,38,38,38,35,47,47,47,47,27,59,57,57,42,42,42,42,17,17,17,34,55,55,55,53,53,0,0],"gold":74,"neow_bonus":"ONE_RARE_RELIC","is_daily":false,"chose_seed":false,"campfire_upgraded":4,"win_rate":0.0,"timestamp":1613182558,"path_taken":["M","M","M","M","M","R","?","E","T","R","?","M","$","M","R","BOSS","M","?","M","?","$","R","E","?","T","?","R","?","?","M","R","BOSS"],"items_purchased_type":["Card","Relic","Card"],"build_version":"2020-12-22","purchased_purges":3,"victory":false,"max_hp_per_floor":[70,70,70,70,70,70,70,70,70,70,70,70,70,70,70,70,70,70,70,70,70,70,70,70,70,70,70,70,70,70,70,70,70,70],"relic_stats":{"counters":[15,89],"Sundial":[8],"Snake Skull":[18],"Black Star":1,"War Paint":["Survivor","Defend_G"],"Smiling Mask":0,"obtain_stats":[{"Sundial":11,"Vajra":30,"Snake Skull":13,"Black Star":17,"Bottled Tornado":24,"War Paint":24,"Smiling Mask":26,"Akabeko":8,"Ring of the Snake":0,"Old Coin":0,"Meat on the Bone":9},{"Sundial":6,"Vajra":13,"Snake Skull":7,"Black Star":9,"Bottled Tornado":12,"War Paint":12,"Smiling Mask":12,"Akabeko":6,"Ring of the Snake":0,"Old Coin":0,"Meat on the Bone":6},{"Sundial":30,"Vajra":70,"Snake Skull":32,"Black Star":44,"Bottled Tornado":63,"War Paint":63,"Smiling Mask":63,"Akabeko":30,"Ring of the Snake":0,"Old Coin":0,"Meat on the Bone":30}],"Ring of the Snake":[30],"Meat on the Bone":48},"card_choices":[{"not_picked":["Deflect","Prepared"],"picked":"Leg Sweep","floor":1},{"not_picked":["Finisher","Sucker Punch"],"picked":"Dagger Spray","floor":2},{"not_picked":["Dagger Throw","Quick Slash"],"picked":"Slice","floor":3},{"not_picked":["Caltrops","Eviscerate","Dagger Spray"],"picked":"SKIP","floor":4},{"not_picked":["Heel Hook","Quick Slash"],"picked":"Accuracy","floor":5},{"not_picked":["After Image","Skewer"],"picked":"Infinite Blades","floor":8},{"not_picked":["Bane","Deadly Poison"],"picked":"Slice","floor":12},{"not_picked":["Bouncing Flask","Bane","Catalyst"],"picked":"SKIP","floor":14},{"not_picked":["Bullet Time","Wraith Form v2"],"picked":"Glass Knife","floor":16},{"not_picked":["Choke","Slice","Bane+1"],"picked":"SKIP","floor":18},{"not_picked":["Flechettes","Quick Slash"],"picked":"Dagger Spray+1","floor":20},{"not_picked":["Choke","Slice","Bullet Time"],"picked":"SKIP","floor":24},{"not_picked":["Setup","Backstab","Prepared"],"picked":"SKIP","floor":27},{"not_picked":["PiercingWail+1","Prepared"],"picked":"Blade Dance","floor":31}],"player_experience":303324,"relics_obtained":[{"floor":8,"key":"Akabeko"},{"floor":9,"key":"Meat on the Bone"},{"floor":24,"key":"Bottled Tornado"},{"floor":24,"key":"War Paint"},{"floor":26,"key":"Smiling Mask"}],"event_choices":[{"damage_healed":0,"gold_gain":0,"player_choice":"Entered Light","damage_taken":14,"max_hp_gain":0,"max_hp_loss":0,"event_name":"Shining Light","floor":7,"gold_loss":0,"cards_upgraded":["Defend_G","Defend_G"]},{"damage_healed":0,"gold_gain":0,"player_choice":"Success","damage_taken":3,"relics_obtained":["Sundial"],"max_hp_gain":0,"max_hp_loss":0,"event_name":"Scrap Ooze","floor":11,"gold_loss":0},{"cards_removed":["Strike_G"],"damage_healed":0,"gold_gain":0,"player_choice":"Gave Gold","damage_taken":0,"max_hp_gain":0,"max_hp_loss":0,"event_name":"Beggar","floor":19,"gold_loss":75},{"damage_healed":0,"gold_gain":0,"player_choice":"Ignored","damage_taken":0,"max_hp_gain":0,"max_hp_loss":0,"event_name":"Vampires","floor":21,"gold_loss":0},{"cards_removed":["Strike_G"],"damage_healed":0,"gold_gain":0,"player_choice":"Elegance","damage_taken":0,"max_hp_gain":0,"max_hp_loss":0,"event_name":"Back to Basics","floor":29,"gold_loss":0},{"damage_healed":0,"gold_gain":0,"player_choice":"Stole Relic","damage_taken":0,"relics_obtained":["Vajra"],"max_hp_gain":0,"max_hp_loss":0,"event_name":"Addict","floor":30,"gold_loss":0,"cards_obtained":["Shame"]}],"is_beta":false,"boss_relics":[{"not_picked":["HoveringKite","Philosopher\u0027s Stone"],"picked":"Black Star"}],"items_purged_floors":[13,22,25],"is_endless":false,"potions_floor_spawned":[1,4,5,14,16,18,20,24],"killed_by":"Champ","ascension_level":11}}