{"host":"d73an99q9oevilk5","time":1613248204,"event":{"mods":["2.2 Compatiblity","AchievementEnabler","Act Like it!","Aspiration","BaseMod","Beaked The Cultist","Better Third Choice","BetterRewards","Colored Map","Colored Powertips","Conspire","Downfall","GifTheSpireLib","GungeonMod","Halation","Hubris","Infinite Spire","Marisa????????","Mimic Mod","Minty Spire (QoL Compilation)","Quick Restart","Relic Sorter","Reliquary","Replay The Spire","Shop Mod","Spikes Relics","StSLib","Stuff the Spire","The Bug Knight","The Cursed","The Jungle","The Necromancer","The Saiyan","Waifu the Spire","egg","slay the spire mod where everything is the same but ironclad has a cowboy hat"],"gold_per_floor":[118,133,308,396,396,396,408,433,433,284,299,279,306,270,190,288,288,301,317,317,24,24,49,68,68,122,122,139,139,169,181,181,278,278,291,303,217,236,236,268,268,55,80,115,135,135,167,182,182,182],"floor_reached":51,"language":"ENG","playtime":1906,"items_purged":["Doubt","Shame"],"score":1158,"play_id":"27b436ff-1e3b-4ed2-889c-72ae7a7a2c2a","local_time":"20210213133004","is_ascension_mode":false,"campfire_choices":[{"data":"beaked:Tweet","floor":6,"key":"SMITH"},{"data":"beaked:Foresight","floor":25,"key":"SMITH"},{"data":"beaked:Brace","floor":27,"key":"SMITH"},{"data":"ReplayTheSpireMod:??????????????????????","floor":32,"key":"SMITH"},{"data":"Blind","floor":41,"key":"SMITH"}],"circlet_count":0,"master_deck":["beaked:Strike_Y","beaked:Strike_Y","beaked:Strike_Y+1","beaked:Strike_Y+1","beaked:Strike_Y","beaked:Strike_Y","beaked:Defend_Y","beaked:Defend_Y","beaked:Defend_Y","beaked:Defend_Y","beaked:Ceremony","beaked:Ceremony","beaked:Ceremony","beaked:MachineSpirit+1","beaked:MachineSpirit+1","beaked:Brace+1","beaked:Tweet+1","beaked:WarriorSpirit","beaked:MimicMachine","beaked:CursingBlood","beaked:Hexing","beaked:CrazyRituals","beaked:KnowThyFoe+1","beaked:Foresight+1","beaked:HuntressSpirit+1","beaked:Foresight","ReplayTheSpireMod:??????????????????????+1","beaked:Sacrifice","beaked:Foresight","beaked:Foresight+1","Blind+1","beaked:Evade","beaked:CrazyRituals","Panache","beaked:Caw+1","beaked:Brace+1","Jack Of All Trades","conspire:Banana"],"relics":["beaked:MendingPlumage","Guide Book","Anchor","Orichalcum","Lizard Tail","War Paint","Gremlin Food","DemoMod:Metronome","StuffTheSpire:EmeraldSignet","Sundial","infinitespire:Beetle Shell","Coffee Dripper","Replay:Baseball","reliquary:Knoch","Boot","reliquary:WeakTea","Chemical X","Replay:Fungal Core","MiniBlackHole","hubris:ScarierMask","halation:EternalFortune","Regal Pillow","StuffTheSpire:Mouthbags","CrustySpines","DemoMod:MonsterBlood"],"acts_visited":["Exordium","TheCity","TheBeyond"],"potions_floor_usage":[13,16,24,40,47,50,50,50],"damage_taken":[{"damage":5,"enemies":"Jaw Worm","floor":1,"turns":5},{"damage":2,"enemies":"conspire:RoseBush","floor":2,"turns":4},{"damage":4,"enemies":"2 Louse","floor":7,"turns":4},{"damage":19,"enemies":"Replay:BlueRogue","floor":8,"turns":6},{"damage":8,"enemies":"Blue Slaver","floor":11,"turns":5},{"damage":21,"enemies":"HollowMod:MossKnight","floor":13,"turns":6},{"damage":0,"enemies":"Hexaghost","floor":16,"turns":10},{"damage":4,"enemies":"conspire:FuzzyDice","floor":18,"turns":2},{"damage":17,"enemies":"Shell Parasite","floor":19,"turns":5},{"damage":22,"enemies":"Replay:Snechameleon","floor":23,"turns":6},{"damage":14,"enemies":"Snecko","floor":24,"turns":4},{"damage":12,"enemies":"Centurion and Healer","floor":28,"turns":6},{"damage":3,"enemies":"HollowMod:Nosk","floor":30,"turns":6},{"damage":28,"enemies":"conspire:HollyBat","floor":31,"turns":7},{"damage":37,"enemies":"Collector","floor":33,"turns":7},{"damage":7,"enemies":"Orb Walker","floor":35,"turns":3},{"damage":15,"enemies":"3 Shapes","floor":36,"turns":3},{"damage":13,"enemies":"3 Darklings","floor":38,"turns":5},{"damage":70,"enemies":"Nemesis","floor":40,"turns":9},{"damage":15,"enemies":"R_Hoarder","floor":44,"turns":6},{"damage":46,"enemies":"Spire Growth","floor":45,"turns":5},{"damage":30,"enemies":"Reptomancer","floor":47,"turns":5},{"damage":19,"enemies":"Sphere and 2 Shapes","floor":48,"turns":3},{"damage":24,"enemies":"Awakened One","floor":50,"turns":8}],"seed_played":"-9037776146402102072","potions_obtained":[{"floor":1,"key":"DemoMod:LeadSkinPotion"},{"floor":8,"key":"AttackPotion"},{"floor":12,"key":"SkillPotion"},{"floor":16,"key":"Energy Potion"},{"floor":23,"key":"DemoMod:LeadSkinPotion"},{"floor":24,"key":"DuplicationPotion"},{"floor":44,"key":"ColorlessPotion"},{"floor":47,"key":"champ:CounterPotion"},{"floor":49,"key":"CultistPotion"}],"is_trial":false,"path_per_floor":["M","M","?","?","?","R","M","E","T","$","M","?","E","$","R_BF","B",null,"M","M","?","$","?","E","M","R","T","R","M","AVR","E","M","R","B",null,"M","M","$","M","?","E","R","$","T","E","M","?","E","M","R_BF","B",null],"character_chosen":"BEAKED_THE_CULTIST","items_purchased":["Anchor","Orichalcum","beaked:MachineSpirit","War Paint","beaked:Hexing","beaked:CrazyRituals","Guide Book","Replay:Baseball","Blind","beaked:CrazyRituals","Panache"],"campfire_rested":0,"item_purchase_floors":[0,0,0,0,10,14,21,21,37,42,42],"current_hp_per_floor":[50,50,50,38,28,28,45,47,47,47,50,50,50,50,50,50,50,49,47,47,47,47,50,42,42,42,42,50,50,50,47,47,42,50,48,42,42,53,56,31,31,31,31,56,33,28,51,54,54,72],"gold":182,"neow_bonus":"","is_daily":false,"chose_seed":false,"campfire_upgraded":5,"win_rate":0.0,"timestamp":1613248204,"path_taken":["M","M","?","?","?","R","M","E","T","?","M","?","E","$","R_BF","BOSS","M","M","?","$","?","E","M","R","T","R","M","AVR","E","M","R","BOSS","M","M","$","M","?","E","R","$","T","E","M","?","E","M","R_BF","BOSS"],"items_purchased_type":["Relic","Relic","Card","Relic","Card","Card","Relic","Relic","Card","Card","Card"],"build_version":"2020-12-22","purchased_purges":2,"victory":true,"max_hp_per_floor":[50,50,50,50,50,50,50,50,50,50,50,50,50,50,50,50,50,50,50,50,50,50,50,50,50,50,50,50,50,50,50,50,50,50,50,53,53,53,56,56,56,56,56,56,56,56,64,67,67,72],"card_choices":[{"not_picked":["beaked:Cower","beaked:Windmill"],"picked":"beaked:Brace","floor":1},{"not_picked":["beaked:Windmill","beaked:StickSmack","beaked:Overexert"],"picked":"SKIP","floor":2},{"not_picked":["beaked:Windmill","beaked:Redirect"],"picked":"beaked:Tweet","floor":4},{"not_picked":["beaked:RitualOfBody","beaked:MachineEssence"],"picked":"beaked:WarriorSpirit","floor":4},{"not_picked":["beaked:BarbedWire","beaked:SurvivalInstinct"],"picked":"beaked:MimicMachine","floor":7},{"not_picked":["beaked:Poke","beaked:DigDeep"],"picked":"beaked:CursingBlood","floor":8},{"not_picked":["beaked:Tweet","beaked:WindBringer","beaked:Resilience"],"picked":"SKIP","floor":11},{"not_picked":["ReplayTheSpireMod:Prepare the Ceremony","beaked:VigorBurst"],"picked":"beaked:Caw","floor":13},{"not_picked":["beaked:LiftOff","beaked:FakeOut"],"picked":"beaked:KnowThyFoe","floor":16},{"not_picked":["beaked:SurvivalInstinct","beaked:Brace","beaked:BarbedWire"],"picked":"SKIP","floor":18},{"not_picked":["beaked:VigorBurst","beaked:Tradeoff"],"picked":"beaked:Foresight","floor":19},{"not_picked":["beaked:Poke","beaked:Hexing"],"picked":"beaked:HuntressSpirit+1","floor":23},{"not_picked":["beaked:Flinch","beaked:Hexing","beaked:DigDeeper+1"],"picked":"SKIP","floor":24},{"not_picked":["beaked:Insight+1","beaked:Brainwash"],"picked":"beaked:Foresight","floor":28},{"not_picked":["beaked:Negation","beaked:BraceForImpact"],"picked":"beaked:Sacrifice","floor":30},{"not_picked":["beaked:Daydream","beaked:CursingBlood","beaked:StickSmack"],"picked":"SKIP","floor":31},{"not_picked":["beaked:Resilience+1","beaked:DigDeep+1"],"picked":"beaked:Foresight","floor":35},{"not_picked":["beaked:MimicWarrior","beaked:Negation+1"],"picked":"beaked:Foresight+1","floor":36},{"not_picked":["beaked:SurvivalInstinct+1","beaked:DigDeep+1","beaked:VigorBurst"],"picked":"SKIP","floor":38},{"not_picked":["beaked:Struggle","beaked:BraceForImpact"],"picked":"beaked:Evade","floor":40},{"not_picked":["beaked:StickSmack+1","beaked:SacrificialScars","beaked:Daydream+1"],"picked":"SKIP","floor":44},{"not_picked":["beaked:SurvivalInstinct+1","beaked:Tradeoff+1"],"picked":"beaked:Brace+1","floor":45},{"not_picked":["Flash of Steel","Midas Touch"],"picked":"Jack Of All Trades","floor":46},{"not_picked":["Specialist","Madness"],"picked":"conspire:Banana","floor":46},{"not_picked":["beaked:WindBringer","beaked:Redirect+1","beaked:BounceBack"],"picked":"SKIP","floor":47},{"not_picked":["beaked:Resilience+1","beaked:DigDeep","beaked:MimicHuntress"],"picked":"SKIP","floor":48}],"player_experience":1911946,"relics_obtained":[{"floor":4,"key":"Gremlin Food"},{"floor":8,"key":"DemoMod:Metronome"},{"floor":9,"key":"StuffTheSpire:EmeraldSignet"},{"floor":13,"key":"Sundial"},{"floor":23,"key":"Boot"},{"floor":26,"key":"reliquary:WeakTea"},{"floor":30,"key":"MiniBlackHole"},{"floor":40,"key":"Regal Pillow"},{"floor":43,"key":"StuffTheSpire:Mouthbags"},{"floor":44,"key":"CrustySpines"},{"floor":47,"key":"DemoMod:MonsterBlood"},{"floor":48,"key":"halation:EternalFortune"}],"event_choices":[{"damage_healed":0,"gold_gain":175,"player_choice":"AGREE","damage_taken":133,"max_hp_gain":0,"max_hp_loss":0,"event_name":"betterThird:BetterSerpent","floor":3,"gold_loss":0},{"damage_healed":38,"gold_gain":0,"player_choice":"Upgrade","damage_taken":10,"max_hp_gain":0,"max_hp_loss":50,"event_name":"betterThird:BetterShining","floor":5,"gold_loss":0,"cards_upgraded":["beaked:Strike_Y","beaked:Strike_Y"]},{"damage_healed":0,"gold_gain":0,"player_choice":"Bought 1 Potion","damage_taken":0,"max_hp_gain":0,"max_hp_loss":0,"event_name":"The Woman in Blue","floor":12,"gold_loss":0},{"damage_healed":0,"gold_gain":0,"player_choice":"Paid Gold","damage_taken":0,"relics_obtained":["infinitespire:Beetle Shell"],"max_hp_gain":0,"max_hp_loss":0,"event_name":"WeMeetAgain","floor":15,"gold_loss":80},{"damage_healed":0,"gold_gain":0,"player_choice":"Stole Relic","damage_taken":0,"relics_obtained":["reliquary:Knoch"],"max_hp_gain":0,"max_hp_loss":0,"event_name":"Addict","floor":22,"gold_loss":0,"cards_obtained":["Shame"]},{"damage_healed":0,"gold_gain":0,"player_choice":"Memory 2","damage_taken":5,"max_hp_gain":0,"max_hp_loss":0,"event_name":"SensoryStone","floor":46,"gold_loss":0}],"is_beta":false,"boss_relics":[{"not_picked":["aspiration:FutureDiary","halation:MonkeysPaw"],"picked":"Coffee Dripper"},{"not_picked":["Astrolabe","ReplayTheSpireMod:SealedPack"],"picked":"hubris:ScarierMask"}],"items_purged_floors":[10,29],"is_endless":false,"potions_floor_spawned":[1,8,16,23,24,28,38,44,45,47,48],"ascension_level":0}}