{"host":"soyfmymeou4emntr","time":1613191239,"event":{"mods":["BaseMod","Minty Spire (QoL Compilation)","Permanent Neow","Relic Sorter","Relic Stats","StSLib"],"gold_per_floor":[118,129,99,111,121,121,148,148,229,64,64,64,79,111,111,185,185,198,198,217,217,237,237,263,263,263,263,263],"floor_reached":27,"language":"ENG","playtime":2447,"items_purged":[],"score":482,"play_id":"2eb989e0-6094-424d-b3a5-0ae844757368","local_time":"20210212214039","is_ascension_mode":true,"campfire_choices":[{"data":"Anger","floor":6.0,"key":"SMITH"},{"data":"Uppercut","floor":8.0,"key":"SMITH"},{"data":"Feel No Pain","floor":11.0,"key":"SMITH"},{"data":"Shockwave","floor":15.0,"key":"SMITH"},{"data":"Corruption","floor":23.0,"key":"SMITH"},{"floor":25,"key":"REST"}],"circlet_count":0,"master_deck":["AscendersBane","Strike_R","Strike_R","Strike_R","Strike_R","Strike_R","Defend_R","Defend_R","Defend_R","Defend_R","Bash","Shockwave+1","Anger+1","Second Wind","Feel No Pain+1","Uppercut+1","Impervious","Hemokinesis","Blood for Blood","Corruption+1","Warcry+1","Disarm"],"relics":["Burning Blood","Champion Belt","Bottled Lightning","Orichalcum","Cursed Key","Potion Belt"],"acts_visited":["Exordium","TheCity"],"potions_floor_usage":[24,27],"damage_taken":[{"damage":4.0,"enemies":"Small Slimes","floor":1.0,"turns":4.0},{"damage":7.0,"enemies":"Cultist","floor":2.0,"turns":4.0},{"damage":0.0,"enemies":"2 Louse","floor":4.0,"turns":1.0},{"damage":2.0,"enemies":"2 Fungi Beasts","floor":5.0,"turns":4.0},{"damage":32.0,"enemies":"Gremlin Nob","floor":7.0,"turns":4.0},{"damage":17.0,"enemies":"Exordium Thugs","floor":13.0,"turns":7.0},{"damage":15.0,"enemies":"3 Sentries","floor":14.0,"turns":11.0},{"damage":34.0,"enemies":"Hexaghost","floor":16.0,"turns":10.0},{"damage":15.0,"enemies":"3 Byrds","floor":18.0,"turns":7.0},{"damage":13.0,"enemies":"Spheric Guardian","floor":20.0,"turns":4.0},{"damage":10.0,"enemies":"Snecko","floor":22.0,"turns":5.0},{"damage":26,"enemies":"Book of Stabbing","floor":24,"turns":6},{"damage":65,"enemies":"Gremlin Leader","floor":27,"turns":8}],"seed_played":"8521014939716475759","potions_obtained":[{"floor":2.0,"key":"Explosive Potion"},{"floor":3.0,"key":"CultistPotion"},{"floor":4.0,"key":"Block Potion"},{"floor":7.0,"key":"Weak Potion"},{"floor":13.0,"key":"SkillPotion"},{"floor":20.0,"key":"SteroidPotion"},{"floor":24,"key":"SpeedPotion"}],"is_trial":false,"path_per_floor":["M","M","?","M","M","R","E","R","T","$","R","$","M","E","R","B",null,"M","?","M","?","M","R","E","R","T","E"],"character_chosen":"IRONCLAD","items_purchased":["Impervious"],"campfire_rested":1,"item_purchase_floors":[10],"current_hp_per_floor":[77,76,76,82,82,82,56,56,56,56,56,56,45,36,36,8,64,55,71,64,64,60,60,40,64,64,0,0],"gold":263,"neow_bonus":"TEN_PERCENT_HP_BONUS","is_daily":false,"chose_seed":false,"campfire_upgraded":5,"win_rate":0.0,"timestamp":1613191239,"path_taken":["M","M","?","M","?","R","E","R","T","$","R","$","M","E","R","BOSS","M","?","M","?","M","R","E","R","T","E"],"items_purchased_type":["Card"],"build_version":"2020-12-22","purchased_purges":0,"victory":false,"max_hp_per_floor":[82,82,82,82,82,82,82,82,82,82,82,82,82,82,82,82,82,82,82,82,82,82,82,82,82,82,82,82],"relic_stats":{"counters":[13,75],"Champion Belt":[31],"Orichalcum":[108],"Cursed Key":0,"obtain_stats":[{"Potion Belt":24,"Champion Belt":7,"Bottled Lightning":9,"Orichalcum":14,"Cursed Key":17,"Burning Blood":0},{"Potion Belt":12,"Champion Belt":5,"Bottled Lightning":5,"Orichalcum":7,"Cursed Key":8,"Burning Blood":0},{"Potion Belt":67,"Champion Belt":17,"Bottled Lightning":17,"Orichalcum":35,"Cursed Key":45,"Burning Blood":0}],"Burning Blood":68},"card_choices":[{"not_picked":["Warcry","Second Wind"],"picked":"Shockwave","floor":1.0},{"not_picked":["Headbutt","Iron Wave"],"picked":"Anger","floor":2.0},{"not_picked":["Dark Embrace","Seeing Red"],"picked":"Second Wind","floor":4.0},{"not_picked":["Flame Barrier","Perfected Strike"],"picked":"Feel No Pain","floor":5.0},{"not_picked":["Perfected Strike","Dark Embrace"],"picked":"Uppercut","floor":7.0},{"not_picked":["Pommel Strike","Headbutt"],"picked":"Hemokinesis","floor":13.0},{"not_picked":["Bloodletting","Cleave"],"picked":"Blood for Blood","floor":14.0},{"not_picked":["Bludgeon","Brutality"],"picked":"Corruption","floor":16.0},{"not_picked":["Shrug It Off","Anger"],"picked":"Warcry+1","floor":18.0},{"not_picked":["Warcry","Sword Boomerang","Sentinel"],"picked":"SKIP","floor":20.0},{"not_picked":["Headbutt","Perfected Strike"],"picked":"Disarm","floor":22.0},{"not_picked":["Sword Boomerang","Combust","Warcry"],"picked":"SKIP","floor":24}],"player_experience":3269771,"relics_obtained":[{"floor":7.0,"key":"Champion Belt"},{"floor":9.0,"key":"Bottled Lightning"},{"floor":14.0,"key":"Orichalcum"},{"floor":24,"key":"Potion Belt"}],"event_choices":[{"damage_healed":0.0,"max_hp_gain":0.0,"max_hp_loss":0.0,"gold_gain":0.0,"event_name":"The Woman in Blue","player_choice":"Bought 2 Potions","floor":3.0,"gold_loss":0.0,"damage_taken":0.0},{"damage_healed":16.0,"max_hp_gain":0.0,"max_hp_loss":0.0,"gold_gain":0.0,"event_name":"The Library","player_choice":"Heal","floor":19.0,"gold_loss":0.0,"damage_taken":0.0},{"damage_healed":0.0,"max_hp_gain":0.0,"max_hp_loss":0.0,"gold_gain":0.0,"event_name":"Ghosts","player_choice":"Ignored","floor":21.0,"gold_loss":0.0,"damage_taken":0.0}],"is_beta":false,"boss_relics":[{"not_picked":["Philosopher\u0027s Stone","Astrolabe"],"picked":"Cursed Key"}],"items_purged_floors":[],"is_endless":false,"potions_floor_spawned":[2,4,7,13,20,24],"killed_by":"Gremlin Leader","ascension_level":20}}