{"host":"c64dsqyrqv0ei9yn","time":1613180154,"event":{"mods":["BaseMod","Bestiary","Colored Map","Hero for Fun","LagranYue(ùfäiòNÅEåé)","Minty Spire (QoL Compilation)","Random Character Button","The Servant 0.9.4"],"gold_per_floor":[116,116,116,128,142,175,193,193,193,208,228,247,102,114,114,218,218,237,237,237,252,269,269,269,269,296,296,296,313,325,145,145,244,244,264,278,28,28,28,28,39,59,83,101,101,114,114,127,127,127],"floor_reached":51,"language":"ENG","playtime":5600,"items_purged":["LagranYue:AttackCrowCrossbowCard+1"],"score":725,"play_id":"846e9f2b-ba17-4fe7-9c6f-ca876ab10417","local_time":"20210213013554","is_ascension_mode":false,"campfire_choices":[{"floor":8,"key":"REST"},{"floor":15,"key":"REST"},{"data":"LagranYue:AttackTopazCard","floor":23,"key":"SMITH"},{"floor":25,"key":"REST"},{"floor":32,"key":"REST"},{"data":"Apotheosis","floor":40,"key":"SMITH"},{"data":"LagranYue:PowerKingTreasureCard","floor":45,"key":"SMITH"},{"floor":49,"key":"REST"}],"circlet_count":0,"master_deck":["LagranYue:BaseDefendCard","LagranYue:BaseDefendCard+1","LagranYue:BaseDefendCard","LagranYue:AttackTopazCard+1","LagranYue:SkillBrokenSwordCard","LagranYue:BaseDefendCard","LagranYue:AttackFaithCard","LagranYue:PowerRemoveArmorCard","LagranYue:AttackRubyCard","LagranYue:RubyDefendCard","LagranYue:PowerMaxArmsPliesCard","LagranYue:AttackGoldCard","LagranYue:SkillDeadlyBloomCard","LagranYue:PowerDoubleArmsCard","LagranYue:SkillKadeboSwordCard","LagranYue:SkillEightFeetJadeCard+1","LagranYue:SkillBrokenSwordCard","LagranYue:AttackGodSpearCard","LagranYue:SkillBrokenSwordCard","Bite","Bite","Bite","Bite","Bite","LagranYue:SkillFalseAerialAceCard+1","LagranYue:PhysicalFitnessCard","LagranYue:EmeraldRemorseCard+1","Apotheosis+1","LagranYue:SkillVictorySwordCard","LagranYue:AttackFaithCard","LagranYue:PowerKingTreasureCard+1","LagranYue:PowerMaxArmsPliesCard","LagranYue:MagicSkyrocketCard+1","LagranYue:BraveTemperamentCard+1","LagranYue:PowerGoldStartCard+1"],"relics":["LagranYue:ArmsProficiencyRelics","LagranYue:RandomDrawCardRelic","NeowsBlessing","LagranYue:MagicReflectiveArmorRelic","Pantograph","Runic Pyramid","MutagenicStrength","Strawberry","Vajra","LagranYue:GungnirRelics","War Paint","LagranYue:DarkRelics","Omamori","LagranYue:SoulBurningRelic","MawBank","Membership Card","Toy Ornithopter","Juzu Bracelet","Orichalcum","Boot"],"acts_visited":["Exordium","TheCity","TheBeyond"],"potions_floor_usage":[11,24,33,50,50,50],"damage_taken":[{"damage":0,"enemies":"Small Slimes","floor":1,"turns":1},{"damage":0,"enemies":"Cultist","floor":4,"turns":1},{"damage":7,"enemies":"2 Louse","floor":5,"turns":2},{"damage":53,"enemies":"3 Sentries","floor":6,"turns":10},{"damage":3,"enemies":"Looter","floor":7,"turns":2},{"damage":16,"enemies":"Lots of Slimes","floor":10,"turns":3},{"damage":10,"enemies":"Large Slime","floor":11,"turns":5},{"damage":0,"enemies":"Gremlin Gang","floor":12,"turns":2},{"damage":10,"enemies":"Looter","floor":14,"turns":2},{"damage":46,"enemies":"Hexaghost","floor":16,"turns":16},{"damage":12,"enemies":"Chosen","floor":18,"turns":7},{"damage":34,"enemies":"2 Thieves","floor":21,"turns":5},{"damage":17,"enemies":"Snecko","floor":22,"turns":5},{"damage":56,"enemies":"Book of Stabbing","floor":24,"turns":8},{"damage":21,"enemies":"3 Cultists","floor":29,"turns":4},{"damage":45,"enemies":"Shelled Parasite and Fungi","floor":30,"turns":7},{"damage":82,"enemies":"Collector","floor":33,"turns":11},{"damage":26,"enemies":"3 Darklings","floor":35,"turns":3},{"damage":24,"enemies":"3 Shapes","floor":36,"turns":4},{"damage":3,"enemies":"Maw","floor":41,"turns":10},{"damage":16,"enemies":"Spire Growth","floor":42,"turns":5},{"damage":27,"enemies":"3 Darklings","floor":44,"turns":4},{"damage":17,"enemies":"4 Shapes","floor":46,"turns":3},{"damage":0,"enemies":"Maw","floor":48,"turns":11},{"damage":110,"enemies":"Time Eater","floor":50,"turns":17}],"seed_played":"-1833680232303943983","potions_obtained":[{"floor":1,"key":"BlessingOfTheForge"},{"floor":7,"key":"AttackPotion"},{"floor":10,"key":"BlessingOfTheForge"},{"floor":12,"key":"SmokeBomb"},{"floor":29,"key":"PowerPotion"},{"floor":35,"key":"Explosive Potion"}],"is_trial":false,"path_per_floor":["M","?","$","M","M","E","M","R","T","M","M","M","$","M","R","B",null,"M","?","?","M","M","R","E","R","T","?","T","M","M","$","R","B",null,"M","M","$","?","$","R","M","M","T","M","R","M","?","M","R","B",null],"character_chosen":"LagranYueCharacter","items_purchased":["LagranYue:SkillKadeboSwordCard","LagranYue:SkillEightFeetJadeCard","Apotheosis","Membership Card","LagranYue:PowerKingTreasureCard"],"campfire_rested":5,"item_purchase_floors":[13,13,31,37,37],"current_hp_per_floor":[75,75,75,76,69,17,17,41,41,28,22,27,27,21,49,40,100,93,93,93,76,68,68,20,54,54,92,92,78,46,46,81,43,122,98,72,72,72,72,72,84,77,77,53,53,39,39,56,98,58],"gold":127,"neow_bonus":"THREE_ENEMY_KILL","is_daily":false,"chose_seed":false,"campfire_upgraded":3,"win_rate":0.0,"timestamp":1613180154,"path_taken":["M","?","$","M","M","E","M","R","T","M","M","M","$","?","R","BOSS","M","?","?","M","M","R","E","R","T","?","?","M","?","$","R","BOSS","M","M","$","?","$","R","M","?","T","M","R","M","?","M","R","BOSS"],"items_purchased_type":["Card","Card","Card","Relic","Card"],"build_version":"2020-12-22","purchased_purges":1,"victory":true,"max_hp_per_floor":[75,75,75,76,76,77,80,80,80,83,87,92,92,96,96,100,100,102,102,102,110,113,113,115,115,115,115,115,116,119,119,119,122,122,125,127,127,127,127,127,132,137,137,140,140,142,142,145,145,151],"card_choices":[{"not_picked":["LagranYue:AttackSapphireCard","LagranYue:SkillIncompleteArchCard"],"picked":"LagranYue:AttackFaithCard","floor":1},{"not_picked":["LagranYue:AttackKillerCard","LagranYue:PrematureBurialCard"],"picked":"LagranYue:PowerRemoveArmorCard","floor":4},{"not_picked":["LagranYue:PowerRemoveArmorCard","LagranYue:AttackRavagedCard"],"picked":"LagranYue:AttackRubyCard","floor":5},{"not_picked":["LagranYue:AttackDevilCard","LagranYue:AttackDivineGuidanceCard"],"picked":"LagranYue:RubyDefendCard","floor":6},{"not_picked":["LagranYue:AttackTopazCard","LagranYue:EmeraldRemorseCard"],"picked":"LagranYue:PowerMaxArmsPliesCard","floor":7},{"not_picked":["LagranYue:AttackCrowCrossbowCard","LagranYue:AttackRavagedCard"],"picked":"LagranYue:AttackGoldCard","floor":10},{"not_picked":["LagranYue:SkillTestamentCard","LagranYue:AttackRubyCard"],"picked":"LagranYue:SkillDeadlyBloomCard","floor":11},{"not_picked":["LagranYue:AttackIceCard","LagranYue:PowerRemoveArmorCard"],"picked":"LagranYue:PowerDoubleArmsCard","floor":12},{"not_picked":["LagranYue:AttackTopazCard","LagranYue:SapphirePrayerCard"],"picked":"LagranYue:SkillBrokenSwordCard","floor":14},{"not_picked":["LagranYue:PowerDreamCard","LagranYue:PowerDoubleArmsCard"],"picked":"LagranYue:AttackGodSpearCard","floor":16},{"not_picked":["LagranYue:PowerDarkTempleCard","LagranYue:AttackTopazCard"],"picked":"LagranYue:SkillBrokenSwordCard","floor":18},{"not_picked":["LagranYue:PrematureBurialCard+1","LagranYue:SkillBrokenSwordCard"],"picked":"LagranYue:SkillFalseAerialAceCard+1","floor":21},{"not_picked":["LagranYue:SkillEightFeetJadeCard","LagranYue:ForgingCard"],"picked":"LagranYue:PhysicalFitnessCard","floor":22},{"not_picked":["LagranYue:AttackRavagedCard","LagranYue:AttackRubyCard"],"picked":"LagranYue:EmeraldRemorseCard+1","floor":29},{"not_picked":["LagranYue:AttackIceCard","LagranYue:PrematureBurialCard+1"],"picked":"LagranYue:AttackCrowCrossbowCard+1","floor":30},{"not_picked":["LagranYue:SkillGanJiangMoYeSwordCard","LagranYue:AttackLakeCard"],"picked":"LagranYue:SkillVictorySwordCard","floor":33},{"not_picked":["LagranYue:AttackDivineGuidanceCard+1","LagranYue:EmeraldRemorseCard+1"],"picked":"LagranYue:AttackFaithCard","floor":35},{"not_picked":["LagranYue:AttackIceCard","LagranYue:ForgingCard+1","LagranYue:AttackSummerCard+1"],"picked":"SKIP","floor":36},{"not_picked":["LagranYue:AttackKillerCard+1","LagranYue:SkillFalseAerialAceCard+1","LagranYue:SkillLiberationCard+1"],"picked":"SKIP","floor":41},{"not_picked":["LagranYue:ProjectionCard+1","LagranYue:PowerRemoveArmorCard"],"picked":"LagranYue:MagicSkyrocketCard+1","floor":42},{"not_picked":["LagranYue:AttackPurpleCard+1","LagranYue:AttackKingCard+1"],"picked":"LagranYue:BraveTemperamentCard+1","floor":44},{"not_picked":["LagranYue:SkillIncompleteArchCard+1","LagranYue:EatTigerCard","LagranYue:EmeraldRemorseCard+1"],"picked":"SKIP","floor":46},{"not_picked":["LagranYue:AttackRubyCard","LagranYue:SkillIncompleteArchCard+1"],"picked":"LagranYue:PowerGoldStartCard+1","floor":48}],"player_experience":35780,"relics_obtained":[{"floor":6,"key":"LagranYue:MagicReflectiveArmorRelic"},{"floor":9,"key":"Pantograph"},{"floor":18,"key":"Blood Vial"},{"floor":21,"key":"Strawberry"},{"floor":22,"key":"Vajra"},{"floor":26,"key":"LagranYue:GungnirRelics"},{"floor":28,"key":"War Paint"},{"floor":30,"key":"LagranYue:DarkRelics"},{"floor":33,"key":"Omamori"},{"floor":36,"key":"MawBank"},{"floor":41,"key":"Toy Ornithopter"},{"floor":42,"key":"Juzu Bracelet"},{"floor":43,"key":"Orichalcum"},{"floor":48,"key":"Boot"}],"event_choices":[{"damage_healed":0,"gold_gain":0,"player_choice":"Ignored","damage_taken":0,"max_hp_gain":0,"max_hp_loss":0,"event_name":"Transmorgrifier","floor":2,"gold_loss":0},{"damage_healed":0,"gold_gain":0,"player_choice":"Became a vampire (Vial)","damage_taken":0,"max_hp_gain":0,"max_hp_loss":0,"event_name":"Vampires","floor":19,"relics_lost":["Blood Vial"],"gold_loss":0,"cards_obtained":["Bite","Bite","Bite","Bite","Bite"]},{"damage_healed":0,"gold_gain":0,"player_choice":"Inject Mutagens","damage_taken":0,"relics_obtained":["MutagenicStrength"],"max_hp_gain":0,"max_hp_loss":0,"event_name":"Drug Dealer","floor":20,"gold_loss":0},{"damage_healed":38,"gold_gain":0,"player_choice":"Heal","damage_taken":0,"max_hp_gain":0,"max_hp_loss":0,"event_name":"The Library","floor":27,"gold_loss":0},{"damage_healed":0,"gold_gain":0,"player_choice":"Copied","damage_taken":0,"max_hp_gain":0,"max_hp_loss":0,"event_name":"Duplicator","floor":38,"gold_loss":0,"cards_obtained":["LagranYue:PowerMaxArmsPliesCard"]},{"damage_healed":0,"gold_gain":0,"player_choice":"Ignored","damage_taken":0,"max_hp_gain":0,"max_hp_loss":0,"event_name":"Mysterious Sphere","floor":47,"gold_loss":0}],"is_beta":false,"boss_relics":[{"not_picked":["Calling Bell","Empty Cage"],"picked":"Runic Pyramid"},{"not_picked":["Snecko Eye","Coffee Dripper"],"picked":"LagranYue:SoulBurningRelic"}],"items_purged_floors":[37],"is_endless":false,"potions_floor_spawned":[1,7,10,12,16,18,29,35,42,44],"ascension_level":0}}