{"host":"onfdonezo2qmaex3","time":1613212916,"event":{"mods":["2.2 Compatiblity","AchievementEnabler","Act Like it!","Aspiration","BaseMod","Better Altar","Better Match","Better Note","Better Sensory Stone","Better Skull","Better Third Choice","Colored Powertips","Downfall","Friendly Minions","Gensokyo","Hallownest","Hermit","Highlight Path","Jorbs\u0027s Wanderer Trilogy","Marisa????????","Marked Mod","Minty Spire (QoL Compilation)","Quick Restart","Reliquary","Shop Mod","StSLib","The Disciple","The Hayseed","The Marked","The Runesmith"],"gold_per_floor":[110,129,197,197,197,237,249,277,316,345,375,413,425,22,22,126,126,138,138],"floor_reached":18,"language":"ENG","playtime":1007,"items_purged":[],"score":217,"play_id":"567ed90f-1726-4ab2-9915-5d7b77fc7cf5","local_time":"20210213114156","is_ascension_mode":true,"campfire_choices":[{"data":"Infinite Blades","floor":7,"key":"SMITH"},{"data":"Malaise","floor":13,"key":"SMITH"},{"data":"Backflip","floor":15,"key":"SMITH"}],"circlet_count":0,"master_deck":["Survivor","Neutralize","Backstab","Backflip+1","Infinite Blades+1","Flying Knee","After Image","Wraith Form v2","Setup","Dagger Spray","Escape Plan","aspiration:Lunge","Malaise","Finisher","Expertise","Die Die Die","Outmaneuver","Blur+1"],"relics":["Ring of the Snake","NeowsBlessing","aspiration:StickyExplosives_weak","MawBank","Toy Ornithopter","Mercury Hourglass","reliquary:FeatherDuster","MerchantsRug","Pandora\u0027s Box"],"acts_visited":["Exordium","Gensokyo:Gensokyoer"],"potions_floor_usage":[16,16],"damage_taken":[{"damage":0,"enemies":"Cultist","floor":1,"turns":1},{"damage":0,"enemies":"2 Louse","floor":2,"turns":1},{"damage":0,"enemies":"Lagavulin","floor":6,"turns":1},{"damage":0,"enemies":"Small Slimes","floor":8,"turns":3},{"damage":3,"enemies":"Blue Slaver","floor":10,"turns":6},{"damage":5,"enemies":"Gremlin Gang","floor":11,"turns":6},{"damage":10,"enemies":"3 Sentries","floor":12,"turns":10},{"damage":21,"enemies":"Hexaghost","floor":16,"turns":12},{"damage":33,"enemies":"Gensokyo:CosmicMonolith","floor":18,"turns":4}],"seed_played":"-1126142764863786950","potions_obtained":[{"floor":2,"key":"SneckoOil"},{"floor":8,"key":"PowerPotion"},{"floor":10,"key":"Dexterity Potion"},{"floor":18,"key":"PowerPotion"}],"is_trial":false,"path_per_floor":["M","M","T","?","?","E","R","M","T","M","M","E","R","$","R","B",null,"M"],"character_chosen":"THE_SILENT","items_purchased":["reliquary:FeatherDuster","MerchantsRug"],"campfire_rested":0,"item_purchase_floors":[14,14],"current_hp_per_floor":[70,70,70,70,52,52,52,52,52,49,44,34,34,34,34,23,70,37,37],"gold":138,"neow_bonus":"THREE_ENEMY_KILL","is_daily":false,"chose_seed":false,"campfire_upgraded":3,"win_rate":0.0,"timestamp":1613212916,"path_taken":["M","M","?","?","?","E","R","M","T","?","?","E","R","$","R","BOSS","M"],"items_purchased_type":["Relic","Relic"],"build_version":"2020-12-22","purchased_purges":0,"victory":false,"max_hp_per_floor":[70,70,70,70,70,70,70,70,70,70,70,70,70,70,70,70,70,70,70],"card_choices":[{"not_picked":["Slice","Prepared"],"picked":"Backstab","floor":1},{"not_picked":["Eviscerate","Deflect"],"picked":"Backflip","floor":2},{"not_picked":["Catalyst","Backflip"],"picked":"Infinite Blades","floor":6},{"not_picked":["Dagger Throw","Prepared"],"picked":"Malaise","floor":8},{"not_picked":["Well Laid Plans","Prepared"],"picked":"Flying Knee","floor":10},{"not_picked":["Bane","Noxious Fumes","Infinite Blades"],"picked":"SKIP","floor":11},{"not_picked":["Tactician","PiercingWail"],"picked":"Burst","floor":12},{"not_picked":["Unload","Bullet Time"],"picked":"After Image","floor":16},{"not_picked":["Well Laid Plans","Sucker Punch"],"picked":"Blur+1","floor":18}],"player_experience":166736,"relics_obtained":[{"floor":3,"key":"aspiration:StickyExplosives_weak"},{"floor":6,"key":"Toy Ornithopter"},{"floor":12,"key":"Mercury Hourglass"}],"event_choices":[{"damage_healed":0,"gold_gain":0,"player_choice":"Ignored","damage_taken":197,"max_hp_gain":0,"max_hp_loss":0,"event_name":"betterThird:BetterSerpent","floor":4,"gold_loss":0},{"damage_healed":0,"gold_gain":0,"player_choice":"Relic ","damage_taken":18,"max_hp_gain":0,"max_hp_loss":0,"event_name":"betterThird:BetterScrap","floor":5,"gold_loss":0,"cards_obtained":["Second Wind"]}],"is_beta":false,"boss_relics":[{"not_picked":["HoveringKite","Runic Pyramid"],"picked":"Pandora\u0027s Box"}],"items_purged_floors":[],"is_endless":false,"potions_floor_spawned":[2,8,10,11,18],"killed_by":"Gensokyo:CosmicMonolith","ascension_level":2}}