{"host":"LaserWall","time":1613181505,"event":{"mods":["BaseMod","Minty Spire (QoL Compilation)","Relic Stats"],"gold_per_floor":[365,380,398,19,94,94,107,132,159,159,194,194,194,194,194,291,291,311,311,311,328,341,341,374,374,428,455,455,473,473,488,488,589,589,599,599,599,56,73,111,111,149,149,149,178,208,208,223,223,223,223,223,29,65,65,65],"floor_reached":55,"language":"ENG","playtime":4551,"items_purged":["Strike_R","Strike_R"],"score":926,"play_id":"47226742-b88a-42cc-b7dc-88275ba18320","local_time":"20210212205825","is_ascension_mode":true,"campfire_choices":[{"data":"Apotheosis","floor":6,"key":"SMITH"},{"data":"Pommel Strike","floor":10,"key":"SMITH"},{"data":"Battle Trance","floor":13,"key":"SMITH"},{"data":"Metallicize","floor":15,"key":"SMITH"},{"data":"Demon Form","floor":23,"key":"SMITH"},{"data":"Limit Break","floor":28,"key":"SMITH"},{"floor":32,"key":"REST"},{"data":"RitualDagger","floor":41,"key":"SMITH"},{"floor":44,"key":"REST"},{"floor":47,"key":"RECALL"},{"data":"Inflame","floor":49,"key":"SMITH"},{"data":"Berserk","floor":52,"key":"SMITH"}],"circlet_count":0,"master_deck":["Strike_R","Defend_R","Defend_R","Defend_R","Defend_R","Bash","Metallicize+1","Clothesline","Flame Barrier","Apotheosis+1","Whirlwind","Pommel Strike+1","Bloodletting","Battle Trance+1","Demon Form+1","Thunderclap+1","Dual Wield","Limit Break+1","Twin Strike+1","RitualDagger+1","Inflame+1","Berserk+1","Mayhem","Dual Wield+1","Feed","Parasite","Impervious"],"relics":["Burning Blood","Vajra","Akabeko","Nunchaku","Bronze Scales","Snecko Eye","Bottled Flame","Juzu Bracelet","Ancient Tea Set","Cursed Key","OrangePellets","Eternal Feather","CeramicFish","Ornamental Fan","Blood Vial","Medical Kit","Pear"],"acts_visited":["Exordium","TheCity","TheBeyond","TheEnding"],"potions_floor_usage":[11,21,24,24,27,31,40,40,50,54,54],"damage_taken":[{"damage":1,"enemies":"Cultist","floor":1,"turns":3},{"damage":11,"enemies":"Jaw Worm","floor":2,"turns":6},{"damage":2,"enemies":"2 Louse","floor":3,"turns":2},{"damage":6,"enemies":"Red Slaver","floor":7,"turns":5},{"damage":10,"enemies":"Lagavulin","floor":8,"turns":10},{"damage":4,"enemies":"Gremlin Nob","floor":11,"turns":3},{"damage":12,"enemies":"Hexaghost","floor":16,"turns":6},{"damage":0,"enemies":"Spheric Guardian","floor":18,"turns":3},{"damage":3,"enemies":"Chosen","floor":21,"turns":3},{"damage":2,"enemies":"Snake Plant","floor":22,"turns":3},{"damage":5,"enemies":"Gremlin Leader","floor":24,"turns":4},{"damage":42,"enemies":"Slavers","floor":27,"turns":4},{"damage":12,"enemies":"Centurion and Healer","floor":29,"turns":4},{"damage":30,"enemies":"Shelled Parasite and Fungi","floor":31,"turns":5},{"damage":30,"enemies":"Collector","floor":33,"turns":5},{"damage":7,"enemies":"3 Shapes","floor":35,"turns":3},{"damage":2,"enemies":"Orb Walker","floor":39,"turns":3},{"damage":17,"enemies":"Nemesis","floor":40,"turns":5},{"damage":56,"enemies":"Reptomancer","floor":42,"turns":5},{"damage":3,"enemies":"Writhing Mass","floor":45,"turns":5},{"damage":36,"enemies":"Nemesis","floor":46,"turns":7},{"damage":8,"enemies":"Transient","floor":48,"turns":5},{"damage":62,"enemies":"Time Eater","floor":50,"turns":5},{"damage":47,"enemies":"Shield and Spear","floor":54,"turns":4},{"damage":51,"enemies":"The Heart","floor":55,"turns":5}],"seed_played":"-9025115504917629643","potions_obtained":[{"floor":2,"key":"Block Potion"},{"floor":8,"key":"BloodPotion"},{"floor":16,"key":"HeartOfIron"},{"floor":21,"key":"EssenceOfSteel"},{"floor":29,"key":"SpeedPotion"},{"floor":33,"key":"HeartOfIron"},{"floor":35,"key":"LiquidMemories"},{"floor":48,"key":"LiquidMemories"}],"is_trial":false,"path_per_floor":["M","M","M","$","?","R","M","E","T","R","E","T","R","?","R","B",null,"M","T","?","M","M","R","E","?","T","E","R","M","?","M","R","B",null,"M","?","?","$","M","E","R","E","T","R","M","E","R","M","R","B",null,"R","$","E","B"],"character_chosen":"IRONCLAD","items_purchased":["Apotheosis","Whirlwind","DistilledChaos","OrangePellets","Eternal Feather","Energy Potion","Medical Kit","Weak Potion"],"campfire_rested":2,"item_purchase_floors":[4,4,4,38,38,38,53,53],"current_hp_per_floor":[61,56,60,60,49,49,49,45,45,45,47,47,47,47,47,41,80,80,80,80,80,80,80,80,80,80,60,60,54,48,24,48,24,80,79,79,76,76,76,65,76,26,26,63,66,36,51,51,66,12,76,76,76,49,0,0],"gold":65,"neow_bonus":"TWO_FIFTY_GOLD","is_daily":false,"chose_seed":false,"campfire_upgraded":9,"win_rate":0.0,"timestamp":1613181505,"path_taken":["M","M","M","$","?","R","M","E","T","R","E","?","R","?","R","BOSS","M","?","?","M","M","R","E","?","T","E","R","M","?","M","R","BOSS","M","?","?","$","M","E","R","E","T","R","M","E","R","M","R","BOSS","R","$","E","BOSS"],"items_purchased_type":["Card","Card","Potion","Relic","Relic","Potion","Relic","Potion"],"build_version":"2020-12-18","purchased_purges":2,"victory":false,"max_hp_per_floor":[80,80,80,80,80,80,80,80,80,80,80,80,80,80,80,80,80,80,80,80,80,80,80,80,80,80,80,80,80,80,80,80,80,80,80,80,76,76,76,76,76,76,76,76,76,76,76,76,76,76,76,76,76,90,90,90],"relic_stats":{"counters":[25,113],"CeramicFish":36,"Eternal Feather":56,"Juzu Bracelet":1,"Cursed Key":0,"Medical Kit":[2],"Burning Blood":126,"Blood Vial":6,"OrangePellets":[22],"Nunchaku":[16],"Ornamental Fan":[40],"Bronze Scales":[315],"Snecko Eye":[101,104,86,73],"obtain_stats":[{"Pear":54,"CeramicFish":40,"Vajra":8,"Eternal Feather":38,"Juzu Bracelet":26,"Ancient Tea Set":27,"Cursed Key":34,"Medical Kit":53,"Burning Blood":0,"Akabeko":9,"Blood Vial":46,"OrangePellets":38,"Nunchaku":11,"Bottled Flame":24,"Ornamental Fan":42,"Bronze Scales":12,"Snecko Eye":17},{"Pear":24,"CeramicFish":18,"Vajra":5,"Eternal Feather":16,"Juzu Bracelet":11,"Ancient Tea Set":12,"Cursed Key":15,"Medical Kit":23,"Burning Blood":0,"Akabeko":5,"Blood Vial":21,"OrangePellets":16,"Nunchaku":6,"Bottled Flame":11,"Ornamental Fan":19,"Bronze Scales":6,"Snecko Eye":7},{"Pear":108,"CeramicFish":77,"Vajra":26,"Eternal Feather":69,"Juzu Bracelet":48,"Ancient Tea Set":52,"Cursed Key":66,"Medical Kit":104,"Burning Blood":0,"Akabeko":26,"Blood Vial":94,"OrangePellets":69,"Nunchaku":29,"Bottled Flame":48,"Ornamental Fan":82,"Bronze Scales":29,"Snecko Eye":35}]},"card_choices":[{"not_picked":["Thunderclap","Armaments"],"picked":"Metallicize","floor":1},{"not_picked":["Clash","Body Slam"],"picked":"Clothesline","floor":2},{"not_picked":["Dropkick","Heavy Blade"],"picked":"Flame Barrier","floor":3},{"not_picked":["Perfected Strike","Shrug It Off"],"picked":"Pommel Strike","floor":7},{"not_picked":["Havoc","Clothesline"],"picked":"Bloodletting","floor":8},{"not_picked":["Combust","Bloodletting"],"picked":"Battle Trance","floor":11},{"not_picked":["Barricade","Limit Break"],"picked":"Demon Form","floor":16},{"not_picked":["Iron Wave","Armaments"],"picked":"Thunderclap+1","floor":18},{"not_picked":["Flex","Headbutt","Dark Embrace"],"picked":"SKIP","floor":21},{"not_picked":["Infernal Blade","Clash","Armaments"],"picked":"SKIP","floor":22},{"not_picked":["Flex","Wild Strike"],"picked":"Limit Break","floor":24},{"not_picked":["Cleave","Hemokinesis+1"],"picked":"Twin Strike+1","floor":27},{"not_picked":["Warcry","Infernal Blade","Clash"],"picked":"SKIP","floor":29},{"not_picked":["Wild Strike","Cleave"],"picked":"Inflame","floor":31},{"not_picked":["Demon Form","Exhume"],"picked":"Berserk","floor":33},{"not_picked":["Rage+1","Carnage","Havoc"],"picked":"SKIP","floor":35},{"not_picked":["Swift Strike","Forethought"],"picked":"Mayhem","floor":36},{"not_picked":["Wild Strike+1","Havoc+1","Thunderclap"],"picked":"SKIP","floor":39},{"not_picked":["Pommel Strike+1","Anger"],"picked":"Dual Wield+1","floor":40},{"not_picked":["Sever Soul","Perfected Strike+1"],"picked":"Feed","floor":42},{"not_picked":["Body Slam+1","Rage+1","Pommel Strike"],"picked":"SKIP","floor":45},{"not_picked":["Sword Boomerang","Clothesline+1","Clash"],"picked":"SKIP","floor":46},{"not_picked":["Wild Strike","Thunderclap","Disarm"],"picked":"SKIP","floor":48},{"not_picked":["Sever Soul","Entrench"],"picked":"Impervious","floor":54}],"player_experience":227423,"relics_obtained":[{"floor":8,"key":"Vajra"},{"floor":9,"key":"Akabeko"},{"floor":11,"key":"Nunchaku"},{"floor":12,"key":"Bronze Scales"},{"floor":24,"key":"Bottled Flame"},{"floor":26,"key":"Juzu Bracelet"},{"floor":27,"key":"Ancient Tea Set"},{"floor":40,"key":"CeramicFish"},{"floor":42,"key":"Ornamental Fan"},{"floor":46,"key":"Blood Vial"},{"floor":54,"key":"Pear"}],"event_choices":[{"damage_healed":0,"gold_gain":75,"player_choice":"Gather Gold","damage_taken":11,"max_hp_gain":0,"max_hp_loss":0,"event_name":"World of Goop","floor":5,"gold_loss":0},{"cards_removed":["Strike_R"],"damage_healed":0,"gold_gain":0,"player_choice":"Purged","damage_taken":0,"max_hp_gain":0,"max_hp_loss":0,"event_name":"Purifier","floor":14,"gold_loss":0},{"damage_healed":0,"gold_gain":0,"player_choice":"Read","damage_taken":0,"max_hp_gain":0,"max_hp_loss":0,"event_name":"The Library","floor":20,"gold_loss":0,"cards_obtained":["Dual Wield"]},{"cards_removed":["Strike_R"],"damage_healed":0,"gold_gain":0,"player_choice":"Purged","damage_taken":0,"max_hp_gain":0,"max_hp_loss":0,"event_name":"Purifier","floor":25,"gold_loss":0},{"damage_healed":0,"gold_gain":0,"player_choice":"Joined the Cult","damage_taken":6,"max_hp_gain":0,"max_hp_loss":0,"event_name":"Nest","floor":30,"gold_loss":0,"cards_obtained":["RitualDagger"]},{"damage_healed":0,"gold_gain":0,"player_choice":"Memory 1","damage_taken":0,"max_hp_gain":0,"max_hp_loss":0,"event_name":"SensoryStone","floor":36,"gold_loss":0},{"damage_healed":0,"gold_gain":0,"player_choice":"Max HP","damage_taken":0,"max_hp_gain":0,"max_hp_loss":4,"event_name":"Winding Halls","floor":37,"gold_loss":0}],"is_beta":true,"boss_relics":[{"not_picked":["Sozu","Tiny House"],"picked":"Snecko Eye"},{"not_picked":["Empty Cage","Fusion Hammer"],"picked":"Cursed Key"}],"items_purged_floors":[4,38],"is_endless":false,"potions_floor_spawned":[2,8,16,21,29,33,35,39,48],"killed_by":"The Heart","ascension_level":4}}