{"host":"7tqog9fnhs0gxmti","time":1613181220,"event":{"mods":["AchievementEnabler","Act Like it!","AlwaysNeverKeys","Astrologer","BaseMod","Beaked The Cultist","CapriCore","Colored Map","Colored Powertips","Downfall","Hermit","Highlight Path","Koishi","Marisa????????","Minty Spire (QoL Compilation)","Quick Restart","Random Character Button","Rare Cards Sparkle","Robot Space Explorer","Smile Girya","StSLib","The Bug Knight","The Construct","The Cursed","The Disciple","The Gatherer","The Hayseed","The Marked","everything is the same but u backflip on backflip"],"gold_per_floor":[113,188,202,229,22,50,50,15,15,27,27,27,45,72,72,167,167,179,196,471,491,244,275,290,290,314,314,331,331,357,373,373,470,470,487,284,284,63,75,75,75],"floor_reached":40,"language":"ENG","playtime":1729,"items_purged":["Strike_G","downfall:Haunted","Regret","Regret"],"score":603,"play_id":"a79743e3-409a-46cc-8d4e-ab30c0ddd019","local_time":"20210213095340","is_ascension_mode":true,"campfire_choices":[{"data":"Noxious Fumes","floor":11.0,"key":"SMITH"},{"data":"Noxious Fumes","floor":15.0,"key":"SMITH"},{"floor":25.0,"key":"REST"},{"data":"Catalyst","floor":27.0,"key":"SMITH"},{"floor":29.0,"key":"REST"},{"floor":32.0,"key":"REST"}],"circlet_count":0,"master_deck":["Strike_G","Strike_G","Strike_G","Defend_G","Defend_G","Defend_G","Defend_G","Defend_G","Survivor","Neutralize","Noxious Fumes+1","Sucker Punch","Noxious Fumes+1","Cloak And Dagger","Leg Sweep","downfall:Malfunctioning","Neutralize+1","Dodge and Roll","Burst","After Image","Catalyst+1","Dagger Spray+1","Poisoned Stab+1","Bouncing Flask","Dash+1","Blur","Clumsy","Cloak And Dagger+1","Caltrops+1","Caltrops+1","Blur+1"],"relics":["Ring of the Snake","NeowsBlessing","Strawberry","PreservedInsect","downfall:ExtraCursedKey","Molten Egg 2","Oddly Smooth Stone","beaked:SacredDeck","Orrery","HollowMod:StagPassRelic","Potion Belt","Red Mask","Philosopher\u0027s Stone"],"acts_visited":["Exordium","TheCity","TheBeyond"],"potions_floor_usage":[40,40,40],"damage_taken":[{"damage":0.0,"enemies":"Small Slimes","floor":1.0,"turns":1.0},{"damage":0.0,"enemies":"Cultist","floor":3.0,"turns":1.0},{"damage":0.0,"enemies":"HollowMod:MossKnight","floor":6.0,"turns":1.0},{"damage":0.0,"enemies":"2 Louse","floor":10.0,"turns":4.0},{"damage":0.0,"enemies":"2 Fungi Beasts","floor":13.0,"turns":4.0},{"damage":18.0,"enemies":"Gremlin Nob","floor":14.0,"turns":5.0},{"damage":1.0,"enemies":"Hexaghost","floor":16.0,"turns":10.0},{"damage":0.0,"enemies":"Shell Parasite","floor":18.0,"turns":8.0},{"damage":5.0,"enemies":"Centurion and Healer","floor":19.0,"turns":9.0},{"damage":12.0,"enemies":"Cultist and Chosen","floor":21.0,"turns":7.0},{"damage":26.0,"enemies":"Book of Stabbing","floor":23.0,"turns":5.0},{"damage":7.0,"enemies":"Sentry and Sphere","floor":24.0,"turns":5.0},{"damage":8.0,"enemies":"Snecko","floor":28.0,"turns":6.0},{"damage":37.0,"enemies":"Masked Bandits","floor":30.0,"turns":5.0},{"damage":5.0,"enemies":"Snake Plant","floor":31.0,"turns":5.0},{"damage":23.0,"enemies":"Champ","floor":33.0,"turns":14.0},{"damage":8,"enemies":"3 Shapes","floor":35,"turns":4},{"damage":44,"enemies":"3 Darklings","floor":39,"turns":5},{"damage":20,"enemies":"HollowMod:StalkingDevout","floor":40,"turns":4}],"seed_played":"-8013119237584824048","potions_obtained":[{"floor":1.0,"key":"bronze:BurnAndBuffPotion"},{"floor":3.0,"key":"AttackPotion"},{"floor":6.0,"key":"sneckomod:MuddlingPotion"},{"floor":14.0,"key":"Strength Potion"},{"floor":18.0,"key":"GhostInAJar"},{"floor":21.0,"key":"Dexterity Potion"},{"floor":23.0,"key":"BlessingOfTheForge"},{"floor":28.0,"key":"EntropicBrew"},{"floor":33.0,"key":"construct:ShiftPotion"},{"floor":39,"key":"Dexterity Potion"}],"is_trial":false,"path_per_floor":["M","?","M","T","$","E","?","?","T","M","R","?","M","E","R","B",null,"M","M","?","M","$","E","M","R","T","R","M","R","?","M","R","B",null,"M","$","?","$","M","E"],"character_chosen":"THE_SILENT","items_purchased":["Noxious Fumes","Cloak And Dagger","Orrery","Caltrops","Blur"],"campfire_rested":3,"item_purchase_floors":[5,5,22,36,38],"current_hp_per_floor":[63,56,56,63,63,63,63,77,77,77,77,77,77,59,59,58,72,72,67,67,55,55,29,22,45,45,45,37,60,23,18,41,18,62,54,54,54,54,10,0,0],"gold":75,"neow_bonus":"THREE_ENEMY_KILL","is_daily":false,"chose_seed":false,"campfire_upgraded":3,"win_rate":0.0,"timestamp":1613181220,"path_taken":["M","?","?","?","$","E","?","?","T","M","R","?","M","E","R","BOSS","M","?","?","M","?","E","M","R","T","R","M","R","?","M","R","BOSS","M","$","?","$","M","E"],"items_purchased_type":["Card","Card","Relic","Card","Card"],"build_version":"2020-12-22","purchased_purges":4,"victory":false,"max_hp_per_floor":[70,70,70,77,77,77,77,77,77,77,77,77,77,77,77,77,77,77,77,77,77,77,77,77,77,77,77,77,77,77,77,77,77,77,77,77,77,77,77,77,77],"card_choices":[{"not_picked":["Endless Agony","Skewer"],"picked":"Noxious Fumes","floor":1.0},{"not_picked":["Setup","Calculated Gamble"],"picked":"Sucker Punch","floor":3.0},{"not_picked":["Reflex","Die Die Die"],"picked":"Leg Sweep","floor":6.0},{"not_picked":["Finisher+1","Outmaneuver","Prepared"],"picked":"SKIP","floor":10.0},{"not_picked":["Expertise","Flechettes+1"],"picked":"Dodge and Roll","floor":13.0},{"not_picked":["Endless Agony+1","Finisher+1","Acrobatics"],"picked":"SKIP","floor":14.0},{"not_picked":["Bullet Time","Glass Knife+1"],"picked":"Burst","floor":16.0},{"not_picked":["Skewer+1","PiercingWail+1"],"picked":"Catalyst","floor":18.0},{"not_picked":["Quick Slash+1","Acrobatics"],"picked":"Dagger Spray+1","floor":19.0},{"not_picked":["Accuracy","Quick Slash+1"],"picked":"Poisoned Stab+1","floor":21.0},{"not_picked":["Calculated Gamble","Glass Knife+1"],"picked":"Bouncing Flask","floor":22.0},{"not_picked":["Prepared","Endless Agony+1"],"picked":"Dash+1","floor":22.0},{"not_picked":["Noxious Fumes","Cloak And Dagger"],"picked":"Blur","floor":23.0},{"not_picked":["Dagger Spray+1","Terror","Accuracy+1"],"picked":"SKIP","floor":24.0},{"not_picked":["Prepared","Grand Finale+1","Dagger Throw+1"],"picked":"SKIP","floor":28.0},{"not_picked":["Riddle With Holes+1","Distraction"],"picked":"Cloak And Dagger+1","floor":30.0},{"not_picked":["Concentrate+1","Finisher+1"],"picked":"Caltrops+1","floor":31.0},{"not_picked":["Flying Knee+1","Slice+1","Masterful Stab+1"],"picked":"SKIP","floor":35},{"not_picked":["Dagger Spray+1","Deflect+1","Acrobatics+1"],"picked":"SKIP","floor":39}],"player_experience":929264,"relics_obtained":[{"floor":4.0,"key":"Strawberry"},{"floor":6.0,"key":"PreservedInsect"},{"floor":9.0,"key":"Molten Egg 2"},{"floor":14.0,"key":"Oddly Smooth Stone"},{"floor":23.0,"key":"HollowMod:StagPassRelic"},{"floor":26.0,"key":"Potion Belt"},{"floor":30.0,"key":"Red Mask"}],"event_choices":[{"damage_healed":0.0,"max_hp_gain":0.0,"max_hp_loss":0.0,"gold_gain":75.0,"event_name":"FaceTrader","player_choice":"Touch","floor":2.0,"gold_loss":0.0,"damage_taken":7.0},{"damage_healed":19.0,"max_hp_gain":0.0,"max_hp_loss":0.0,"gold_gain":0.0,"event_name":"The Cleric","player_choice":"Healed","floor":8.0,"gold_loss":35.0,"damage_taken":0.0},{"damage_healed":0.0,"max_hp_gain":0.0,"max_hp_loss":0.0,"gold_gain":0.0,"event_name":"Match and Keep!","player_choice":"1 cards matched","floor":12.0,"gold_loss":0.0,"damage_taken":0.0,"cards_obtained":["Neutralize"]},{"damage_healed":0.0,"max_hp_gain":0.0,"max_hp_loss":0.0,"gold_gain":275.0,"event_name":"Golden Shrine","player_choice":"Desecrate","floor":20.0,"gold_loss":0.0,"damage_taken":0.0,"cards_obtained":["Regret"]},{"damage_healed":0.0,"max_hp_gain":0.0,"max_hp_loss":0.0,"gold_gain":0.0,"event_name":"Masked Bandits","player_choice":"Fought Bandits","floor":30.0,"gold_loss":0.0,"damage_taken":0.0},{"cards_removed":["Strike_G"],"damage_healed":0,"gold_gain":0,"player_choice":"Removed Attack","damage_taken":0,"max_hp_gain":0,"max_hp_loss":0,"event_name":"Falling","floor":37,"gold_loss":0}],"is_beta":false,"boss_relics":[{"not_picked":["Busted Crown","SacredBark"],"picked":"beaked:SacredDeck"},{"not_picked":["Ring of the Serpent","construct:WeddingRing"],"picked":"Philosopher\u0027s Stone"}],"items_purged_floors":[5,22,36,38],"is_endless":false,"potions_floor_spawned":[1,3,6,14,18,21,23,28,33,39],"killed_by":"HollowMod:StalkingDevout","ascension_level":6}}