{"host":"r6lqs70fdfl5jnjl","time":1613209962,"event":{"mods":["Act Like it!","BaseMod","Minty Spire (QoL Compilation)","StSLib"],"gold_per_floor":[109,109,121,140,156,156,8,42,42,42,14,14,24,37,37,37,37],"floor_reached":16,"language":"ZHS","playtime":592,"items_purged":["Pain"],"score":102,"play_id":"bcf11362-a714-4afd-ae13-f82935b0a408","local_time":"20210213175242","is_ascension_mode":false,"campfire_choices":[{"data":"Night Terror","floor":6.0,"key":"SMITH"},{"floor":12.0,"key":"REST"},{"floor":15,"key":"REST"}],"circlet_count":0,"master_deck":["Strike_G","Strike_G","Strike_G","Strike_G","Strike_G","Defend_G","Defend_G","Defend_G","Defend_G","Defend_G","Survivor","Neutralize","Prepared","Dagger Spray","Noxious Fumes","Night Terror+1","Well Laid Plans","Dodge and Roll","PiercingWail+1","Distraction+1"],"relics":["Ring of the Snake","Strawberry","WarpedTongs","Shuriken","Toxic Egg 2"],"acts_visited":["Exordium"],"potions_floor_usage":[],"damage_taken":[{"damage":0.0,"enemies":"Small Slimes","floor":1.0,"turns":3.0},{"damage":13.0,"enemies":"Cultist","floor":3.0,"turns":6.0},{"damage":3.0,"enemies":"Jaw Worm","floor":4.0,"turns":3.0},{"damage":15.0,"enemies":"Looter","floor":5.0,"turns":3.0},{"damage":41.0,"enemies":"Lagavulin","floor":8.0,"turns":7.0},{"damage":8.0,"enemies":"Blue Slaver","floor":13.0,"turns":4.0},{"damage":16,"enemies":"Large Slime","floor":14,"turns":4},{"damage":24,"enemies":"The Guardian","floor":16,"turns":4}],"seed_played":"9076832454610012958","potions_obtained":[{"floor":3.0,"key":"Explosive Potion"},{"floor":8.0,"key":"FearPotion"},{"floor":14,"key":"Regen Potion"}],"is_trial":false,"path_per_floor":["M","?","M","M","M","R","$","E","T","?","?","R","M","M","R","B"],"character_chosen":"THE_SILENT","items_purchased":["Well Laid Plans"],"campfire_rested":2,"item_purchase_floors":[7],"current_hp_per_floor":[77,77,64,61,46,46,46,5,5,2,2,25,17,1,24,0,0],"gold":37,"neow_bonus":"RANDOM_COMMON_RELIC","is_daily":false,"chose_seed":false,"campfire_upgraded":1,"win_rate":0.0,"timestamp":1613209962,"path_taken":["M","?","M","?","M","R","$","E","T","?","?","R","M","M","R","BOSS"],"items_purchased_type":["Card"],"build_version":"2020-12-22","purchased_purges":1,"victory":false,"max_hp_per_floor":[77,77,77,77,77,77,77,77,77,77,77,77,77,77,77,77,77],"card_choices":[{"not_picked":["Outmaneuver","Crippling Poison"],"picked":"Prepared","floor":1.0},{"not_picked":["Quick Slash","Underhanded Strike"],"picked":"Dagger Spray","floor":3.0},{"not_picked":["Backflip","Dagger Spray"],"picked":"Noxious Fumes","floor":4.0},{"not_picked":["Backflip","Acrobatics"],"picked":"Night Terror","floor":5.0},{"not_picked":["Tactician","Underhanded Strike"],"picked":"Dodge and Roll","floor":8.0},{"not_picked":["Flying Knee","Quick Slash"],"picked":"PiercingWail+1","floor":13.0},{"not_picked":["Underhanded Strike","PiercingWail+1"],"picked":"Distraction+1","floor":14}],"player_experience":11923,"relics_obtained":[{"floor":8.0,"key":"Shuriken"},{"floor":9.0,"key":"Toxic Egg 2"}],"event_choices":[{"damage_healed":0.0,"max_hp_gain":0.0,"max_hp_loss":0.0,"gold_gain":0.0,"event_name":"Accursed Blacksmith","player_choice":"Rummage","floor":2.0,"gold_loss":0.0,"damage_taken":0.0,"relics_obtained":["WarpedTongs"],"cards_obtained":["Pain"]},{"damage_healed":0.0,"max_hp_gain":0.0,"max_hp_loss":0.0,"gold_gain":0.0,"event_name":"Scrap Ooze","player_choice":"Fled","floor":10.0,"gold_loss":0.0,"damage_taken":3.0},{"damage_healed":0.0,"max_hp_gain":0.0,"max_hp_loss":0.0,"gold_gain":0.0,"event_name":"World of Goop","player_choice":"Left Gold","floor":11.0,"gold_loss":28.0,"damage_taken":0.0}],"is_beta":false,"boss_relics":[],"items_purged_floors":[7],"is_endless":false,"potions_floor_spawned":[3,8,14],"killed_by":"The Guardian","ascension_level":0}}