{"host":"6znluj278ovdbyb2","time":1613177828,"event":{"mods":["BaseMod","BetterRewards","Clockwork Mod","Highlight Path","Hubris","Infinite Spire","Marisa????????","Minty Spire (QoL Compilation)","Rare Cards Sparkle","Replay The Spire","StSLib","The Animator","The Bladedancer","The Cursed","The Disciple","The Mystic","The Necromancer","The Runesmith","The Servant 0.9.4"],"gold_per_floor":[113,113,129,129,129,160,160,6,6,21,36,65,78,97,97,195,195,207,357,373,398,313,313,328,328,328,347,347,361,361,361],"floor_reached":30,"language":"ENG","playtime":2105,"items_purged":["Normality"],"score":267,"play_id":"1c24bf9c-9e1a-4706-802c-d525fd62fadd","local_time":"20210212195708","is_ascension_mode":false,"campfire_choices":[{"floor":7,"key":"REST"},{"floor":15,"key":"REST"},{"floor":23,"key":"REST"}],"circlet_count":0,"master_deck":["Strike_S","Strike_S","Strike_S","Strike_S","Defend_S","Defend_S","Defend_S","Defend_S","KidneyShot","Exchange","SurpressingFire","FastForward","infinitespire:FinalStrike","FlawlessForm","DoubleEdge","Manipulate","Foresight","Unruled","Contraction","Dilation","Luminosity","infinitespire:Punishment","TimeWarp+1","Luminosity","Misdirection","Replace+1","Duplication"],"relics":["Uniform","Strawberry","Replay:Bottled Flurry","MealTicket","ReplayTheSpireMod:Ninjato","Pocketwatch","SlaversCollar","ReplayTheSpireMod:CursedCoin","Red Mask","Replay:Wax Seal","Replay:Bottled Steam","Onion Ring"],"acts_visited":["Exordium","TheCity"],"potions_floor_usage":[12,16,21,27,29,30],"damage_taken":[{"damage":0,"enemies":"2 Louse","floor":1,"turns":2},{"damage":0,"enemies":"Cultist","floor":3,"turns":5},{"damage":5,"enemies":"Gremlin Nob","floor":6,"turns":4},{"damage":1,"enemies":"Small Slimes","floor":10,"turns":3},{"damage":0,"enemies":"Exordium Wildlife","floor":11,"turns":3},{"damage":5,"enemies":"Lagavulin","floor":12,"turns":8},{"damage":28,"enemies":"Lots of Slimes","floor":13,"turns":7},{"damage":1,"enemies":"3 Louse","floor":14,"turns":3},{"damage":39,"enemies":"Fading Forest","floor":16,"turns":11},{"damage":12,"enemies":"Spheric Guardian","floor":18,"turns":4},{"damage":0,"enemies":"Chosen","floor":20,"turns":4},{"damage":39,"enemies":"Masked Bandits","floor":21,"turns":4},{"damage":0,"enemies":"Snake Plant","floor":24,"turns":3},{"damage":4,"enemies":"Sentry and Sphere","floor":27,"turns":3},{"damage":18,"enemies":"Shelled Parasite and Fungi","floor":29,"turns":5},{"damage":18,"enemies":"Slavers","floor":30,"turns":2}],"seed_played":"2137367128171763688","potions_obtained":[{"floor":6,"key":"Languid Potion"},{"floor":10,"key":"Languid Potion"},{"floor":11,"key":"Reflective Coating"},{"floor":14,"key":"PowerPotion"},{"floor":18,"key":"Block Potion"},{"floor":24,"key":"Elixir"},{"floor":29,"key":"AttackPotion"}],"is_trial":false,"path_per_floor":["M","?","M","?","T","E","R","$","T","M","M","E","M","M","R","B",null,"M","AVR","M","?","?","R","M","T","T","M","?","M","E"],"character_chosen":"THE_SERVANT","items_purchased":["MealTicket"],"campfire_rested":3,"item_purchase_floors":[8],"current_hp_per_floor":[71,71,71,55,62,57,78,78,78,77,77,72,44,43,66,55,78,66,66,66,27,27,50,50,50,50,46,31,13,0,0],"gold":361,"neow_bonus":"TEN_PERCENT_HP_BONUS","is_daily":false,"chose_seed":false,"campfire_upgraded":0,"win_rate":0.0,"timestamp":1613177828,"path_taken":["M","?","?","?","?","E","R","$","T","M","M","E","M","?","R","BOSS","M","AVR","M","?","?","R","M","?","T","?","?","M","E"],"items_purchased_type":["Relic"],"build_version":"2020-12-22","purchased_purges":1,"victory":false,"max_hp_per_floor":[71,71,71,71,78,78,78,78,78,78,78,78,78,78,78,78,78,78,78,78,78,78,78,78,78,78,78,83,83,83,83],"card_choices":[{"not_picked":["Starlight","Revamp"],"picked":"SurpressingFire","floor":1},{"not_picked":["FanOfKnives","Moonlight"],"picked":"FastForward","floor":3},{"not_picked":["ReplayTheSpireMod:Haul","Replay:Fractal Strike"],"picked":"infinitespire:FinalStrike","floor":4},{"not_picked":["Duplication","Revamp"],"picked":"FlawlessForm","floor":6},{"not_picked":["Alleviate","Rewind"],"picked":"DoubleEdge","floor":10},{"not_picked":["BottledTime","Read"],"picked":"Manipulate","floor":11},{"not_picked":["Rewind","Advance"],"picked":"Foresight","floor":12},{"not_picked":["DoubleEdge","Sabotage"],"picked":"Unruled","floor":13},{"not_picked":["Potential","Starlight"],"picked":"Contraction","floor":14},{"not_picked":["Solidify","FlawlessForm"],"picked":"Dilation","floor":16},{"not_picked":["ShatteredReality","Defy+1"],"picked":"Luminosity","floor":18},{"not_picked":["Defy","Alleviate"],"picked":"TimeWarp+1","floor":20},{"not_picked":["Defy","DoubleEdge"],"picked":"Luminosity","floor":21},{"not_picked":["Defy","Ricochet"],"picked":"Misdirection","floor":24},{"not_picked":["Unruled+1","Moondial+1"],"picked":"Replace+1","floor":27},{"not_picked":["Hightail","GearUp+1"],"picked":"Duplication","floor":29}],"player_experience":614513,"relics_obtained":[{"floor":5,"key":"Strawberry"},{"floor":6,"key":"Replay:Bottled Flurry"},{"floor":9,"key":"ReplayTheSpireMod:Ninjato"},{"floor":12,"key":"Pocketwatch"},{"floor":21,"key":"Red Mask"},{"floor":25,"key":"Replay:Bottled Steam"},{"floor":26,"key":"Onion Ring"}],"event_choices":[{"damage_healed":0,"gold_gain":0,"player_choice":"Ignored","damage_taken":0,"max_hp_gain":0,"max_hp_loss":0,"event_name":"Purifier","floor":2,"gold_loss":0},{"damage_healed":0,"gold_gain":0,"player_choice":"Fought Bandits","damage_taken":0,"max_hp_gain":0,"max_hp_loss":0,"event_name":"Masked Bandits","floor":21,"gold_loss":0},{"damage_healed":0,"gold_gain":0,"player_choice":"Obtained Relic","damage_taken":0,"relics_obtained":["Replay:Wax Seal"],"max_hp_gain":0,"max_hp_loss":0,"event_name":"Addict","floor":22,"gold_loss":85},{"damage_healed":0,"gold_gain":0,"player_choice":"Shed Blood","damage_taken":20,"max_hp_gain":5,"max_hp_loss":0,"event_name":"Forgotten Altar","floor":28,"gold_loss":0}],"is_beta":false,"boss_relics":[{"not_picked":["hubris:VirtuousBlindfold","hubris:TerracottaHorce"],"picked":"SlaversCollar"}],"items_purged_floors":[19],"is_endless":false,"potions_floor_spawned":[6,10,11,14,18,24,29],"killed_by":"Slavers","ascension_level":0}}