{"host":"n43wxkei7kulhi8o","time":1613231866,"event":{"mods":["BaseMod","Bestiary","Block Reminder","Colored Map","Colored Powertips","Curses Come First","Custom Start","Dark Map","Highlight Path","Minty Spire (QoL Compilation)","Relic Stats","StSLib"],"gold_per_floor":[111,125,125,125,200,200,200,200,270,51,80,80,94,104,104,209,209,220,239,96,96,109,109,134,134,134,134,134,149,149,161,161,260,260,275,291,115,184,27,27,177,177,177,191,209,272,272,290,290,290],"floor_reached":51,"language":"ENG","playtime":1492,"items_purged":[],"score":717,"play_id":"33b773ec-04b4-461d-ba0f-b0aa9782558a","local_time":"20210213105746","is_ascension_mode":false,"campfire_choices":[{"data":"Conserve Battery","floor":6,"key":"SMITH"},{"floor":8,"key":"REST"},{"data":"Defragment","floor":12,"key":"SMITH"},{"data":"Glacier","floor":15,"key":"SMITH"},{"data":"Electrodynamics","floor":23,"key":"SMITH"},{"data":"Capacitor","floor":25,"key":"SMITH"},{"data":"Ball Lightning","floor":30,"key":"SMITH"},{"data":"Ball Lightning","floor":32,"key":"SMITH"},{"floor":40,"key":"REST"},{"data":"BootSequence","floor":42,"key":"SMITH"},{"data":"Defragment","floor":47,"key":"SMITH"},{"floor":49,"key":"REST"}],"circlet_count":0,"master_deck":["Strike_B","Strike_B","Strike_B","Strike_B","Defend_B","Defend_B","Defend_B","Defend_B","Zap+1","Dualcast+1","Ball Lightning+1","Conserve Battery+1","Defragment+1","BootSequence+1","Glacier+1","Electrodynamics+1","Capacitor+1","Cold Snap","Coolheaded+1","Ball Lightning+1","Creative AI","Compile Driver+1","Ball Lightning+1","Apotheosis+1","Defragment+1","Thunder Strike","Coolheaded+1"],"relics":["Cracked Core","Art of War","InkBottle","Cables","Bag of Marbles","Letter Opener","Inserter","Anchor","Toxic Egg 2","Unceasing Top","SsserpentHead","Cursed Key","Oddly Smooth Stone"],"acts_visited":["Exordium","TheCity","TheBeyond"],"potions_floor_usage":[33,50],"damage_taken":[{"damage":6,"enemies":"Jaw Worm","floor":1,"turns":3},{"damage":0,"enemies":"Small Slimes","floor":2,"turns":2},{"damage":17,"enemies":"3 Sentries","floor":11,"turns":6},{"damage":0,"enemies":"2 Louse","floor":13,"turns":1},{"damage":0,"enemies":"Looter","floor":14,"turns":2},{"damage":0,"enemies":"Hexaghost","floor":16,"turns":11},{"damage":0,"enemies":"3 Byrds","floor":18,"turns":2},{"damage":7,"enemies":"Shell Parasite","floor":19,"turns":4},{"damage":0,"enemies":"Snecko","floor":22,"turns":4},{"damage":9,"enemies":"Gremlin Leader","floor":24,"turns":5},{"damage":3,"enemies":"Centurion and Healer","floor":29,"turns":5},{"damage":0,"enemies":"Snake Plant","floor":31,"turns":4},{"damage":4,"enemies":"Automaton","floor":33,"turns":5},{"damage":0,"enemies":"3 Shapes","floor":35,"turns":4},{"damage":18,"enemies":"Orb Walker","floor":36,"turns":3},{"damage":0,"enemies":"Jaw Worm Horde","floor":38,"turns":2},{"damage":0,"enemies":"4 Shapes","floor":44,"turns":3},{"damage":0,"enemies":"Transient","floor":45,"turns":5},{"damage":0,"enemies":"Spire Growth","floor":46,"turns":4},{"damage":16,"enemies":"Maw","floor":48,"turns":6},{"damage":53,"enemies":"Donu and Deca","floor":50,"turns":7}],"seed_played":"5926359616678771600","potions_obtained":[{"floor":1,"key":"Block Potion"},{"floor":11,"key":"Energy Potion"},{"floor":16,"key":"ColorlessPotion"},{"floor":22,"key":"PowerPotion"},{"floor":29,"key":"EssenceOfDarkness"},{"floor":36,"key":"SkillPotion"}],"is_trial":false,"path_per_floor":["M","M","?","?","?","R","T","R","T","$","E","R","M","M","R","B",null,"M","M","$","?","M","R","E","R","T","?","?","M","R","M","R","B",null,"M","M","$","M","$","R","?","R","T","M","M","M","R","M","R","B",null],"character_chosen":"DEFECT","items_purchased":["Defragment","Bag of Marbles","Anchor","Apotheosis+1","Oddly Smooth Stone"],"campfire_rested":3,"item_purchase_floors":[10,10,20,37,39],"current_hp_per_floor":[69,69,69,57,46,46,46,68,68,68,51,51,51,51,51,51,75,75,68,68,68,68,68,59,59,59,59,59,56,56,56,56,52,75,75,57,57,57,57,75,75,75,75,75,75,75,75,59,75,22],"gold":290,"neow_bonus":"UPGRADE_CARD","is_daily":false,"chose_seed":false,"campfire_upgraded":9,"win_rate":0.0,"timestamp":1613231866,"path_taken":["M","M","?","?","?","R","?","R","T","$","E","R","?","M","R","BOSS","M","M","$","?","?","R","E","R","T","?","?","M","R","M","R","BOSS","M","M","$","?","$","R","?","R","T","M","M","?","R","M","R","BOSS"],"items_purchased_type":["Card","Relic","Relic","Card","Relic"],"build_version":"2020-12-22","purchased_purges":0,"victory":true,"max_hp_per_floor":[75,75,75,75,75,75,75,75,75,75,75,75,75,75,75,75,75,75,75,75,75,75,75,75,75,75,75,75,75,75,75,75,75,75,75,75,75,75,75,75,75,75,75,75,75,75,75,75,75,75],"relic_stats":{"SsserpentHead":150,"Inserter":[31],"counters":[21,88],"Art of War":[9],"Letter Opener":[134],"Cursed Key":0,"obtain_stats":[{"Inserter":17,"Oddly Smooth Stone":39,"Letter Opener":11,"Cursed Key":34,"Cables":9,"SsserpentHead":28,"Anchor":20,"Art of War":4,"Bag of Marbles":10,"Toxic Egg 2":24,"Cracked Core":0,"InkBottle":7,"Unceasing Top":26},{"Inserter":6,"Oddly Smooth Stone":16,"Letter Opener":3,"Cursed Key":13,"Cables":2,"SsserpentHead":10,"Anchor":8,"Art of War":2,"Bag of Marbles":2,"Toxic Egg 2":10,"Cracked Core":0,"InkBottle":2,"Unceasing Top":10},{"Inserter":25,"Oddly Smooth Stone":63,"Letter Opener":11,"Cursed Key":54,"Cables":5,"SsserpentHead":40,"Anchor":31,"Art of War":5,"Bag of Marbles":5,"Toxic Egg 2":40,"Cracked Core":0,"InkBottle":5,"Unceasing Top":40}],"InkBottle":[31],"Unceasing Top":[5],"Cables":[74,62,12,0,0]},"card_choices":[{"not_picked":["Sunder","Go for the Eyes"],"picked":"Ball Lightning","floor":1},{"not_picked":["Cold Snap","Streamline"],"picked":"Conserve Battery","floor":2},{"not_picked":["Chaos","Lockon","Steam"],"picked":"SKIP","floor":11},{"not_picked":["Reprogram","Steam"],"picked":"BootSequence","floor":13},{"not_picked":["Stack","Steam"],"picked":"Glacier","floor":14},{"not_picked":["Thunder Strike","All For One"],"picked":"Electrodynamics","floor":16},{"not_picked":["Beam Cell","Sunder"],"picked":"Capacitor","floor":18},{"not_picked":["Undo","Storm"],"picked":"Cold Snap","floor":19},{"not_picked":["Doom and Gloom","Leap","Compile Driver"],"picked":"SKIP","floor":22},{"not_picked":["Rainbow+1","Chaos+1","Fusion+1"],"picked":"SKIP","floor":24},{"not_picked":["Heatsinks","Steam+1"],"picked":"Coolheaded+1","floor":29},{"not_picked":["Barrage","Go for the Eyes"],"picked":"Ball Lightning","floor":31},{"not_picked":["Amplify+1","Core Surge"],"picked":"Creative AI","floor":33},{"not_picked":["Leap+1","Stack+1"],"picked":"Compile Driver+1","floor":35},{"not_picked":["Hologram+1","Streamline"],"picked":"Ball Lightning+1","floor":36},{"not_picked":["Rip and Tear+1","Sweeping Beam+1","Rebound+1"],"picked":"SKIP","floor":38},{"not_picked":["Steam Power+1","Skim+1"],"picked":"Defragment","floor":44},{"not_picked":["Gash+1","Heatsinks","Scrape"],"picked":"SKIP","floor":45},{"not_picked":["Compile Driver+1","Blizzard"],"picked":"Thunder Strike","floor":46},{"not_picked":["Chill+1","Hello World"],"picked":"Coolheaded+1","floor":48}],"player_experience":693621,"relics_obtained":[{"floor":7,"key":"InkBottle"},{"floor":9,"key":"Cables"},{"floor":11,"key":"Letter Opener"},{"floor":24,"key":"Toxic Egg 2"},{"floor":26,"key":"Unceasing Top"}],"event_choices":[{"damage_healed":0,"gold_gain":0,"player_choice":"Grow","damage_taken":0,"max_hp_gain":0,"max_hp_loss":0,"event_name":"Living Wall","floor":3,"gold_loss":0,"cards_upgraded":["Dualcast"]},{"damage_healed":0,"gold_gain":0,"player_choice":"Success","damage_taken":12,"relics_obtained":["Art of War"],"max_hp_gain":0,"max_hp_loss":0,"event_name":"Scrap Ooze","floor":4,"gold_loss":0},{"damage_healed":0,"gold_gain":75,"player_choice":"Gather Gold","damage_taken":11,"max_hp_gain":0,"max_hp_loss":0,"event_name":"World of Goop","floor":5,"gold_loss":0},{"damage_healed":0,"gold_gain":0,"player_choice":"Ignored","damage_taken":0,"max_hp_gain":0,"max_hp_loss":0,"event_name":"NoteForYourself","floor":21,"gold_loss":0},{"damage_healed":0,"gold_gain":0,"player_choice":"Ignored","damage_taken":0,"max_hp_gain":0,"max_hp_loss":0,"event_name":"Ghosts","floor":27,"gold_loss":0},{"damage_healed":0,"gold_gain":0,"player_choice":"Trade","damage_taken":0,"relics_obtained":["SsserpentHead"],"max_hp_gain":0,"max_hp_loss":0,"event_name":"FaceTrader","floor":28,"gold_loss":0},{"damage_healed":0,"gold_gain":100,"player_choice":"Pray","damage_taken":0,"max_hp_gain":0,"max_hp_loss":0,"event_name":"Golden Shrine","floor":41,"gold_loss":0}],"is_beta":false,"boss_relics":[{"not_picked":["Pandora\u0027s Box","Tiny House"],"picked":"Inserter"},{"not_picked":["Velvet Choker","Philosopher\u0027s Stone"],"picked":"Cursed Key"}],"items_purged_floors":[],"is_endless":false,"potions_floor_spawned":[1,11,16,22,29,31,36,38,46],"ascension_level":0}}