{"host":"3e3mwsgb9gfqiuxm","time":1613248229,"event":{"mods":["Act Like it!","BaseMod","Colored Map","Colored Powertips","Downfall","Gensokyo","Hermit","Hubris","Infinite Spire","Jorbs\u0027s Wanderer Trilogy","Koishi","Marisa????????","Minty Spire (QoL Compilation)","Quick Restart","Rare Cards Sparkle","Reimu??????","Remilia??????","Replay The Spire","Shop Mod","StSLib","SuperFastMode","Td1madao Mod","The Animator","The Bug Knight","The Cursed","The Hierophant","The Servant 0.9.4","everything is the same but u backflip on backflip","slay the spire mod where everything is the same but ironclad has a cowboy hat"],"gold_per_floor":[114,114,114,133,133,159,159,186,186,212,242,260,260,307,307,426,426,439,439,364,364,60,60,98,98,98,98,181,249,302,313,313,462,462,525,525,591,337,403,481,481,509,579,579,623,662,363,945,945,1073,1073,1073],"floor_reached":51,"language":"ENG","playtime":1881,"items_purged":["Strike_MRS","Strike_MRS"],"score":1180,"play_id":"3882b446-e41b-44a3-a2f6-c15c00eb0f04","local_time":"20210213153029","is_ascension_mode":true,"campfire_choices":[{"data":"GalacticHalo","floor":7,"key":"SMITH"},{"data":"GalacticHalo","floor":7,"key":"SMITH"},{"data":"EarthLightRay","floor":13,"key":"SMITH"},{"data":"MagicChant","floor":13,"key":"SMITH"},{"data":"EnergyFlow","floor":15,"key":"SMITH"},{"data":"EnergyRecoil","floor":15,"key":"SMITH"},{"data":"BigCrunch","floor":23,"key":"SMITH"},{"data":"AsteroidBelt","floor":23,"key":"SMITH"},{"data":"BinaryStars","floor":25,"key":"SMITH"},{"data":"WitchOfGreed","floor":25,"key":"SMITH"},{"data":"1","floor":27,"key":"LIFT"},{"data":"2","floor":32,"key":"LIFT"},{"data":"3","floor":41,"key":"LIFT"},{"floor":44,"key":"RECALL"},{"floor":49,"key":"DIG"}],"circlet_count":0,"master_deck":["MasterSpark+1","GalacticHalo+1","EnergyRecoil+1","GalacticHalo+1","WitchOfGreed+1","MagicChant+1","AsteroidBelt+1","EnergyFlow+1","TreasureHunter+1","WitchOfGreed+1","SprinkleStarSeal+1","BinaryStars+1","OneTimeOff+1","EnergyRecoil+1","EventHorizon+1","EnergyFlow","SporeBomb","MysteriousBeam"],"relics":["MiniHakkero","Replay:Arrowhead","hubris:SphereOfDissonance","infinitespire:ShieldingShard","Girya","HollowMod:StagPassRelic","Bronze Scales","hubris:Backtick","Replay:PocketPolymizer","Oddly Smooth Stone","Akabeko","hubris:DeckOfHolding","Replay:Bottled Eggs","infinitespire:FocusingShard","ReplayTheSpireMod:TigerMarble","Torii","Fusion Hammer","PreservedInsect","Medical Kit","War Paint","Regal Pillow","Singing Bowl","hubris:Potato","hubris:ToyBattleship","ScarletDevilRocket","hubris:TinFlute","Incense Burner","Replay:Wax Seal","hubris:MedicalManual","bronze:MakeshiftBattery"],"acts_visited":["Exordium","TheCity","Gensokyo:Gensokyoest","Gensokyo:Gensokyo"],"potions_floor_usage":[6,14,18,24,28,30,35,39,40,40,40,40,50],"damage_taken":[{"damage":7.0,"enemies":"Small Slimes","floor":1.0,"turns":3.0},{"damage":0,"enemies":"Jaw Worm","floor":4,"turns":4},{"damage":14,"enemies":"Gremlin Nob","floor":6,"turns":4},{"damage":7,"enemies":"Lagavulin","floor":8,"turns":6},{"damage":14,"enemies":"Gremlin Nob","floor":10,"turns":5},{"damage":0,"enemies":"Cultist","floor":11,"turns":3},{"damage":0,"enemies":"Blue Slaver","floor":12,"turns":3},{"damage":3,"enemies":"Lagavulin","floor":14,"turns":5},{"damage":2,"enemies":"Hexaghost","floor":16,"turns":6},{"damage":0,"enemies":"Shell Parasite","floor":18,"turns":3},{"damage":3,"enemies":"2 Thieves","floor":24,"turns":5},{"damage":0,"enemies":"Nightmare","floor":28,"turns":8},{"damage":0,"enemies":"Centurion and Healer","floor":29,"turns":6},{"damage":0,"enemies":"Book of Stabbing","floor":30,"turns":5},{"damage":0,"enemies":"Snecko","floor":31,"turns":2},{"damage":0,"enemies":"Automaton","floor":33,"turns":6},{"damage":0,"enemies":"Gensokyo:3_Boulders","floor":35,"turns":6},{"damage":0,"enemies":"Gensokyo:AncientGuardian","floor":39,"turns":5},{"damage":0,"enemies":"Gensokyo:Marisa","floor":40,"turns":4},{"damage":0,"enemies":"Gensokyo:Kasen","floor":42,"turns":4},{"damage":0,"enemies":"Gensokyo:Sharpion","floor":45,"turns":3},{"damage":1,"enemies":"Gensokyo:3_Boulders","floor":46,"turns":5},{"damage":20,"enemies":"Gensokyo:Rafflesia","floor":48,"turns":6},{"damage":42,"enemies":"Gensokyo:Scarlet_Devils","floor":50,"turns":7}],"seed_played":"3839123963245192892","potions_obtained":[{"floor":4,"key":"Energy Potion"},{"floor":10,"key":"Elixir"},{"floor":11,"key":"Flashbang"},{"floor":11,"key":"Explosive Potion"},{"floor":14,"key":"AttackPotion"},{"floor":16,"key":"AttackPotion"},{"floor":24,"key":"Elixir"},{"floor":24,"key":"ZuzhouPotion:ReiMu"},{"floor":28,"key":"sneckomod:MuddlingPotion"},{"floor":30,"key":"LiquidMemories"},{"floor":35,"key":"Adrenaline Potion"},{"floor":37,"key":"EntropicBrew"},{"floor":39,"key":"Fire Potion"},{"floor":40,"key":"FairyPotion"},{"floor":50,"key":"LifebloodPotion"}],"is_trial":false,"path_per_floor":["M","?","?","M","?","E","R","E","T","E","M","M","R","E","R","B",null,"M","?","$","?","$","R","M","R","T","R","NM","M","E","M","R_BF","B",null,"M","?","?","COS","M","E","R","E","T","R","M","M","$","M","R_BF","B",null],"character_chosen":"MARISA","items_purchased":["Oddly Smooth Stone","SprinkleStarSeal+1","Incense Burner"],"campfire_rested":0,"item_purchase_floors":[22,22,47],"current_hp_per_floor":[68,68,68,68,68,54,54,47,47,33,33,37,37,40,40,44,67,73,73,73,73,73,73,72,72,72,72,75,75,75,75,75,75,75,75,75,75,75,75,77,77,79,79,79,81,83,83,65,65,25,72,72],"gold":1073,"neow_bonus":"RANDOM_EVENT","is_daily":false,"chose_seed":false,"campfire_upgraded":10,"win_rate":0.0,"timestamp":1613248229,"path_taken":["M","?","?","?","?","E","R","E","T","E","?","M","R","E","R","BOSS","M","?","?","?","$","R","M","R","T","R","NM","M","E","?","R_BF","BOSS","M","?","?","COS","M","E","R","E","T","R","M","?","$","M","R_BF","BOSS"],"items_purchased_type":["Relic","Card","Relic"],"build_version":"2020-12-22","purchased_purges":2,"victory":false,"max_hp_per_floor":[75,75,75,75,75,75,75,75,75,75,75,75,75,75,75,75,75,75,75,75,75,75,75,75,75,75,75,75,75,75,75,75,75,75,75,75,75,75,75,77,77,79,79,79,81,83,83,85,85,87,87,87],"card_choices":[{"not_picked":["EnergyRecoil","ManaConvection"],"picked":"GalacticHalo","floor":1.0},{"not_picked":["EarthLightRay","StarlightTyphoon"],"picked":"EnergyRecoil","floor":4},{"not_picked":["MaximisePower","WitchLeyline"],"picked":"GalacticHalo","floor":6},{"not_picked":["PropBag","WitchLeyline"],"picked":"WitchOfGreed","floor":8},{"not_picked":["MillisecondPulsars","MachineGunSpark"],"picked":"MagicChant","floor":10},{"not_picked":["BlazeAway","Singularity"],"picked":"EarthLightRay","floor":11},{"not_picked":["PowerUp","6A"],"picked":"AsteroidBelt","floor":12},{"not_picked":["SporeBomb","MilkyWay"],"picked":"EnergyFlow","floor":14},{"not_picked":["ManaRampage","MillisecondPulsars"],"picked":"TreasureHunter","floor":16},{"not_picked":["DoubleSpark","ShootingEcho"],"picked":"WitchOfGreed+1","floor":18},{"not_picked":["MagicAbsorber","SuperPerseids","PropBag"],"picked":"SKIP","floor":24},{"not_picked":["PowerUp","Acceleration","ShootingEcho+1"],"picked":"SKIP","floor":28},{"not_picked":["PropBag+1","IllusionStar"],"picked":"OneTimeOff+1","floor":29},{"not_picked":["WitchLeyline","MilkyWay","SatelliteIllusion"],"picked":"SKIP","floor":30},{"not_picked":["NonDirectionalLaser+1","MilkyWay","6A+1"],"picked":"SKIP","floor":31},{"not_picked":["DeepEcoloBomb+1","MysteriousBeam"],"picked":"EventHorizon+1","floor":35},{"not_picked":["MilkyWay+1","MeteoricShower","LuminesStrike"],"picked":"SKIP","floor":39},{"not_picked":["SatelliteIllusion","MysteriousBeam","ShootingEcho+1"],"picked":"Singing Bowl","floor":40},{"not_picked":["ManaConvection+1","GravityBeat+1","ShootTheMoon"],"picked":"Singing Bowl","floor":42},{"not_picked":["PowerUp+1","GrandCross+1","ChargeUpSpray+1"],"picked":"Singing Bowl","floor":45},{"not_picked":["MysteriousBeam+1","StarlightTyphoon","IllusionStar+1"],"picked":"Singing Bowl","floor":46},{"not_picked":["PulseMagic","MilkyWay","BlazeAway"],"picked":"Singing Bowl","floor":48},{"not_picked":["JA","BigCrunch","MaximisePower"],"picked":"Singing Bowl","floor":50}],"player_experience":1385719,"relics_obtained":[{"floor":2.0,"key":"Replay:Arrowhead"},{"floor":6,"key":"hubris:SphereOfDissonance"},{"floor":8,"key":"infinitespire:ShieldingShard"},{"floor":9,"key":"Girya"},{"floor":10,"key":"HollowMod:StagPassRelic"},{"floor":14,"key":"Bronze Scales"},{"floor":26,"key":"Akabeko"},{"floor":28,"key":"hubris:DeckOfHolding"},{"floor":28,"key":"Replay:Bottled Eggs"},{"floor":30,"key":"infinitespire:FocusingShard"},{"floor":30,"key":"ReplayTheSpireMod:TigerMarble"},{"floor":33,"key":"Torii"},{"floor":37,"key":"PreservedInsect"},{"floor":40,"key":"Regal Pillow"},{"floor":40,"key":"Singing Bowl"},{"floor":42,"key":"hubris:ToyBattleship"},{"floor":42,"key":"ScarletDevilRocket"},{"floor":43,"key":"hubris:TinFlute"},{"floor":49,"key":"Replay:Wax Seal"},{"floor":50,"key":"hubris:MedicalManual"}],"event_choices":[{"damage_healed":0.0,"max_hp_gain":0.0,"max_hp_loss":0.0,"gold_gain":0.0,"event_name":"Liars Game","player_choice":"Ignored","floor":3.0,"gold_loss":0.0,"damage_taken":0.0},{"cards_removed":["Strike_MRS"],"damage_healed":0,"gold_gain":0,"player_choice":"Card Removal","damage_taken":0,"max_hp_gain":0,"max_hp_loss":0,"event_name":"Wheel of Change","floor":5,"gold_loss":0},{"damage_healed":0,"gold_gain":0,"player_choice":"Upgraded","damage_taken":0,"max_hp_gain":0,"max_hp_loss":0,"event_name":"Upgrade Shrine","floor":19,"gold_loss":0,"cards_upgraded":["TreasureHunter"]},{"damage_healed":0,"gold_gain":0,"player_choice":"Bought 0 Potions","damage_taken":0,"max_hp_gain":0,"max_hp_loss":0,"event_name":"The Woman in Blue","floor":21,"gold_loss":0}],"is_beta":false,"boss_relics":[{"not_picked":["Replay:Grab Bag","Kintsugi"],"picked":"hubris:Backtick"},{"not_picked":["hubris:Stopwatch","hubris:ScarierMask"],"picked":"Fusion Hammer"},{"not_picked":["Replay:Ancient Bell","Honey Jar"],"picked":"bronze:MakeshiftBattery"}],"items_purged_floors":[20,22],"is_endless":true,"potions_floor_spawned":[4,10,11,16,24,31,33,35,39,40,46],"ascension_level":5}}