{"host":"sav7uxregyirlf69","time":1613225996,"event":{"mods":["AchievementEnabler","BaseMod","Colored Map","DeckTracker","Keyboard Shortcuts","Minty Spire (QoL Compilation)","READ ME - Guardian Mod","StSLib","SuperFastMode"],"gold_per_floor":[159,159,198,198,198,198,239,312,312,312,381,405,15,33,33,154,154,170,150,150,175,175],"floor_reached":21,"language":"KOR","playtime":324,"items_purged":[],"score":362,"play_id":"b5b33aee-defc-4025-a962-3bde060e128d","local_time":"20210213231956","is_ascension_mode":true,"campfire_choices":[{"data":"HandOfGreed","floor":6,"key":"SMITH"},{"floor":10,"key":"REST"},{"data":"Darkness","floor":15,"key":"SMITH"}],"circlet_count":0,"master_deck":["AscendersBane","Strike_B","Strike_B+1","Strike_B","Defend_B","Defend_B+1","Defend_B","Defend_B","Zap","Dualcast","HandOfGreed+1","Cold Snap","Undo","Cold Snap","BootSequence","Darkness+1","Go for the Eyes","Self Repair","Creative AI","Gash"],"relics":["Cracked Core","Golden Idol","Kunai","Unceasing Top","Emotion Chip","Inserter"],"acts_visited":["Exordium","TheCity"],"potions_floor_usage":[10,16,16],"damage_taken":[{"damage":7,"enemies":"Small Slimes","floor":1,"turns":3},{"damage":7,"enemies":"Jaw Worm","floor":3,"turns":5},{"damage":0,"enemies":"Cultist","floor":7,"turns":3},{"damage":0,"enemies":"Exordium Thugs","floor":8,"turns":3},{"damage":28,"enemies":"Gremlin Nob","floor":11,"turns":4},{"damage":0,"enemies":"Blue Slaver","floor":12,"turns":3},{"damage":4,"enemies":"Red Slaver","floor":14,"turns":3},{"damage":10,"enemies":"The Guardian","floor":16,"turns":14},{"damage":11,"enemies":"Shell Parasite","floor":18,"turns":3},{"damage":25,"enemies":"2 Thieves","floor":19,"turns":4},{"damage":25,"enemies":"Shelled Parasite and Fungi","floor":21,"turns":4}],"seed_played":"9205868017371634629","potions_obtained":[{"floor":1,"key":"PowerPotion"},{"floor":7,"key":"Fruit Juice"},{"floor":11,"key":"Block Potion"},{"floor":14,"key":"FocusPotion"},{"floor":19,"key":"Strength Potion"}],"is_trial":false,"path_per_floor":["M","?","M","?","?","R","M","M","T","R","E","M","$","M","R","B",null,"M","M","?","M"],"character_chosen":"DEFECT","items_purchased":["Emotion Chip","Self Repair"],"campfire_rested":1,"item_purchase_floors":[13,13],"current_hp_per_floor":[57,38,31,31,24,24,24,24,24,47,19,19,19,15,15,12,50,46,21,21,0,0],"gold":175,"neow_bonus":"RANDOM_COLORLESS_2","is_daily":false,"chose_seed":false,"campfire_upgraded":2,"win_rate":0.0,"timestamp":1613225996,"path_taken":["M","?","M","?","?","R","M","?","T","R","E","M","$","M","R","BOSS","M","?","?","M"],"items_purchased_type":["Relic","Card"],"build_version":"2020-12-22","purchased_purges":0,"victory":false,"max_hp_per_floor":[64,64,64,58,58,58,58,58,58,63,63,63,63,63,63,63,63,63,63,63,63,63],"card_choices":[{"not_picked":["Secret Weapon","Secret Technique"],"picked":"HandOfGreed","floor":0},{"not_picked":["Redo","Stack"],"picked":"Cold Snap","floor":1},{"not_picked":["Chaos","Fusion"],"picked":"Undo","floor":3},{"not_picked":["Reprogram","Aggregate"],"picked":"Cold Snap","floor":7},{"not_picked":["Turbo","Sweeping Beam"],"picked":"BootSequence","floor":8},{"not_picked":["Double Energy","Sweeping Beam"],"picked":"Darkness","floor":11},{"not_picked":["BootSequence","Beam Cell"],"picked":"Go for the Eyes","floor":12},{"not_picked":["Redo","Streamline","Tempest"],"picked":"SKIP","floor":14},{"not_picked":["All For One","Buffer"],"picked":"Creative AI","floor":16},{"not_picked":["Leap","Heatsinks","Sweeping Beam"],"picked":"SKIP","floor":18},{"not_picked":["Stack","Streamline"],"picked":"Gash","floor":19}],"player_experience":1564315,"relics_obtained":[{"floor":9,"key":"Kunai"},{"floor":11,"key":"Unceasing Top"}],"event_choices":[{"damage_healed":0,"gold_gain":0,"player_choice":"Entered Light","damage_taken":19,"max_hp_gain":0,"max_hp_loss":0,"event_name":"Shining Light","floor":2,"gold_loss":0,"cards_upgraded":["Defend_B","Strike_B"]},{"damage_healed":0,"gold_gain":0,"player_choice":"Lose Max HP","damage_taken":0,"relics_obtained":["Golden Idol"],"max_hp_gain":0,"max_hp_loss":6,"event_name":"Golden Idol","floor":4,"gold_loss":0},{"cards_removed":["Strike_B"],"damage_healed":0,"gold_gain":0,"player_choice":"Card Removal","damage_taken":7,"max_hp_gain":0,"max_hp_loss":0,"event_name":"Golden Wing","floor":5,"gold_loss":0},{"damage_healed":0,"gold_gain":0,"player_choice":"Ignored","damage_taken":0,"max_hp_gain":0,"max_hp_loss":0,"event_name":"Cursed Tome","floor":20,"gold_loss":0}],"is_beta":false,"boss_relics":[{"not_picked":["Snecko Eye","Sozu"],"picked":"Inserter"}],"items_purged_floors":[],"is_endless":false,"potions_floor_spawned":[1,7,11,12,14,19],"killed_by":"Shelled Parasite and Fungi","ascension_level":20}}