{"host":"7du22lxzqv5spo2i","time":1613183987,"event":{"mods":["AchievementEnabler","BaseMod","Minty Spire (QoL Compilation)","Quick Restart"],"gold_per_floor":[114,114,126,126,72,103,122,122,122,142,176,176,176,196,196,296,296,311,326,106,121,121,121,156,156,156,176,201,217,236,266,266,367,367,384,384,397,417,101,132,72,106,132,144,174,36,62,76,76,76,76,76,76,110,110],"floor_reached":56,"language":"ENG","playtime":6314,"items_purged":["Defend_P","Defend_P+1","Defend_P+1"],"score":1758,"play_id":"3e06fe48-10d4-4bc8-895e-a2c02664b30b","local_time":"20210212203947","is_ascension_mode":true,"campfire_choices":[{"data":"Consecrate","floor":8,"key":"SMITH"},{"data":"Wallop","floor":12,"key":"SMITH"},{"data":"Eruption","floor":15,"key":"SMITH"},{"data":"Tantrum","floor":23,"key":"SMITH"},{"floor":25,"key":"REST"},{"floor":32,"key":"RECALL"},{"floor":49,"key":"REST"},{"floor":52,"key":"REST"}],"circlet_count":0,"master_deck":["Strike_P+1","Strike_P+1","Defend_P+1","Eruption+1","Vigilance+1","FollowUp+1","Tantrum+1","Consecrate+1","Adaptation+1","ClearTheMind+1","Wallop+1","LessonLearned+1","EmptyMind+1","Meditate+1","FearNoEvil+1","MentalFortress+1","CutThroughFate+1","Collect+1","Wallop+1","Vault+1"],"relics":["PureWater","NeowsBlessing","Matryoshka","Strawberry","Shuriken","Tiny Chest","Snecko Eye","Pen Nib","Oddly Smooth Stone","InkBottle","Ancient Tea Set","Toy Ornithopter","Molten Egg 2","Fusion Hammer","The Courier","Gambling Chip","Mango","Happy Flower","Bottled Tornado","MealTicket","Lantern"],"acts_visited":["Exordium","TheCity","TheBeyond","TheEnding"],"potions_floor_usage":[14,21,24,28,31,55,55,55],"damage_taken":[{"damage":0,"enemies":"Cultist","floor":1,"turns":1},{"damage":0,"enemies":"2 Louse","floor":3,"turns":1},{"damage":0,"enemies":"Lagavulin","floor":6,"turns":1},{"damage":0,"enemies":"Jaw Worm","floor":7,"turns":2},{"damage":0,"enemies":"2 Fungi Beasts","floor":10,"turns":2},{"damage":1,"enemies":"3 Sentries","floor":11,"turns":3},{"damage":2,"enemies":"Lots of Slimes","floor":14,"turns":3},{"damage":0,"enemies":"Slime Boss","floor":16,"turns":5},{"damage":0,"enemies":"Shell Parasite","floor":18,"turns":2},{"damage":15,"enemies":"2 Thieves","floor":19,"turns":3},{"damage":0,"enemies":"Shelled Parasite and Fungi","floor":21,"turns":2},{"damage":0,"enemies":"Book of Stabbing","floor":24,"turns":2},{"damage":0,"enemies":"Cultist and Chosen","floor":27,"turns":2},{"damage":0,"enemies":"Slavers","floor":28,"turns":2},{"damage":0,"enemies":"Snecko","floor":29,"turns":2},{"damage":0,"enemies":"Shelled Parasite and Fungi","floor":30,"turns":2},{"damage":0,"enemies":"Book of Stabbing","floor":31,"turns":3},{"damage":0,"enemies":"Champ","floor":33,"turns":4},{"damage":7,"enemies":"3 Shapes","floor":35,"turns":3},{"damage":0,"enemies":"Orb Walker","floor":37,"turns":2},{"damage":0,"enemies":"Jaw Worm Horde","floor":38,"turns":2},{"damage":0,"enemies":"Reptomancer","floor":40,"turns":3},{"damage":6,"enemies":"Giant Head","floor":42,"turns":7},{"damage":0,"enemies":"Spire Growth","floor":44,"turns":2},{"damage":0,"enemies":"Reptomancer","floor":45,"turns":3},{"damage":0,"enemies":"Giant Head","floor":47,"turns":4},{"damage":0,"enemies":"Sphere and 2 Shapes","floor":48,"turns":4},{"damage":0,"enemies":"Donu and Deca","floor":50,"turns":5},{"damage":0,"enemies":"Shield and Spear","floor":54,"turns":4},{"damage":0,"enemies":"The Heart","floor":55,"turns":6}],"seed_played":"-5384413477483642210","potions_obtained":[{"floor":1,"key":"Explosive Potion"},{"floor":6,"key":"LiquidMemories"},{"floor":7,"key":"SneckoOil"},{"floor":11,"key":"SneckoOil"},{"floor":19,"key":"Ambrosia"},{"floor":21,"key":"Explosive Potion"},{"floor":28,"key":"Swift Potion"},{"floor":30,"key":"SmokeBomb"},{"floor":33,"key":"FearPotion"},{"floor":38,"key":"StancePotion"},{"floor":48,"key":"LiquidBronze"}],"is_trial":false,"path_per_floor":["M","$","M","?","$","E","M","R","T","M","E","R","?","M","R","B",null,"M","M","$","M","?","R","E","R","T","M","E","M","M","E","R","B",null,"M","T","M","M","$","E","?","E","T","M","E","$","E","M","R","B",null,"R","$","E","B",null],"character_chosen":"WATCHER","items_purchased":["Consecrate","Pen Nib","Gambling Chip","Strength Potion"],"campfire_rested":3,"item_purchase_floors":[5,20,39,46],"current_hp_per_floor":[72,72,72,65,65,65,65,65,72,72,71,71,71,69,69,69,79,79,64,64,64,64,64,64,79,79,79,79,79,79,79,79,79,79,72,72,72,72,72,86,86,80,80,80,80,80,80,80,93,93,93,93,93,93,93],"gold":110,"neow_bonus":"THREE_ENEMY_KILL","is_daily":false,"chose_seed":false,"campfire_upgraded":4,"win_rate":0.0,"timestamp":1613183987,"path_taken":["M","$","M","?","$","E","M","R","T","M","E","R","?","M","R","BOSS","M","M","$","M","?","R","E","R","T","M","E","M","?","E","R","BOSS","M","?","M","M","$","E","?","E","T","?","E","$","E","M","R","BOSS","R","$","E","BOSS"],"items_purchased_type":["Card","Relic","Relic","Potion"],"build_version":"2020-12-22","purchased_purges":3,"victory":true,"max_hp_per_floor":[72,72,72,72,72,72,72,72,79,79,79,79,79,79,79,79,79,79,79,79,79,79,79,79,79,79,79,79,79,79,79,79,79,79,79,79,79,79,79,93,93,93,93,93,93,93,93,93,93,93,93,93,93,93,93],"card_choices":[{"not_picked":["Indignation","Nirvana"],"picked":"FollowUp","floor":1},{"not_picked":["FlyingSleeves","JustLucky"],"picked":"Tantrum","floor":3},{"not_picked":["Evaluate","CutThroughFate"],"picked":"Adaptation","floor":6},{"not_picked":["Weave","FlyingSleeves","Evaluate"],"picked":"SKIP","floor":7},{"not_picked":["Crescendo","Consecrate"],"picked":"ClearTheMind","floor":10},{"not_picked":["CarveReality","Tantrum"],"picked":"Wallop","floor":11},{"not_picked":["Fasting2","Crescendo","SandsOfTime"],"picked":"SKIP","floor":14},{"not_picked":["MasterReality","Devotion"],"picked":"LessonLearned","floor":16},{"not_picked":["FlyingSleeves","Consecrate","FlurryOfBlows+1"],"picked":"SKIP","floor":18},{"not_picked":["WaveOfTheHand","LikeWater+1"],"picked":"EmptyMind+1","floor":19},{"not_picked":["Alpha","SashWhip","PathToVictory"],"picked":"SKIP","floor":21},{"not_picked":["Devotion","EmptyBody","FlurryOfBlows"],"picked":"SKIP","floor":24},{"not_picked":["ReachHeaven","Vengeance","CrushJoints"],"picked":"SKIP","floor":27},{"not_picked":["Swivel","Pray"],"picked":"Meditate","floor":28},{"not_picked":["JustLucky","Perseverance","Halt+1"],"picked":"SKIP","floor":29},{"not_picked":["SashWhip","MasterReality"],"picked":"FearNoEvil","floor":30},{"not_picked":["FearNoEvil+1","FlurryOfBlows+1","Crescendo"],"picked":"SKIP","floor":31},{"not_picked":["Nirvana","SashWhip+1"],"picked":"MentalFortress","floor":35},{"not_picked":["Sanctity+1","FollowUp+1","BowlingBash+1"],"picked":"SKIP","floor":37},{"not_picked":["FollowUp+1","Swivel+1"],"picked":"CutThroughFate+1","floor":38},{"not_picked":["Prostrate+1","WreathOfFlame+1","EmptyFist+1"],"picked":"SKIP","floor":40},{"not_picked":["Establishment","DeusExMachina"],"picked":"Collect+1","floor":42},{"not_picked":["FollowUp+1","Prostrate+1"],"picked":"Wallop+1","floor":44},{"not_picked":["JustLucky+1","Swivel","Prostrate+1"],"picked":"SKIP","floor":45},{"not_picked":["ClearTheMind+1","CarveReality+1"],"picked":"Vault","floor":47},{"not_picked":["SashWhip+1","Consecrate+1","ClearTheMind"],"picked":"SKIP","floor":48},{"not_picked":["Nirvana+1","SashWhip+1","Meditate"],"picked":"SKIP","floor":54}],"player_experience":556725,"relics_obtained":[{"floor":6,"key":"Matryoshka"},{"floor":9,"key":"Strawberry"},{"floor":9,"key":"Shuriken"},{"floor":11,"key":"Tiny Chest"},{"floor":24,"key":"Oddly Smooth Stone"},{"floor":26,"key":"InkBottle"},{"floor":26,"key":"Ancient Tea Set"},{"floor":28,"key":"Toy Ornithopter"},{"floor":31,"key":"Molten Egg 2"},{"floor":36,"key":"The Courier"},{"floor":40,"key":"Mango"},{"floor":42,"key":"Happy Flower"},{"floor":45,"key":"Bottled Tornado"},{"floor":47,"key":"MealTicket"},{"floor":54,"key":"Lantern"}],"event_choices":[{"cards_removed":["Strike_P"],"damage_healed":0,"gold_gain":0,"player_choice":"Card Removal","damage_taken":7,"max_hp_gain":0,"max_hp_loss":0,"event_name":"Golden Wing","floor":4,"gold_loss":0},{"damage_healed":0,"gold_gain":0,"player_choice":"Ignored","damage_taken":0,"max_hp_gain":0,"max_hp_loss":0,"event_name":"Liars Game","floor":13,"gold_loss":0},{"damage_healed":0,"gold_gain":0,"player_choice":"Forge","damage_taken":0,"max_hp_gain":0,"max_hp_loss":0,"event_name":"Accursed Blacksmith","floor":22,"gold_loss":0,"cards_upgraded":["LessonLearned"]},{"cards_removed":["Strike_P"],"damage_healed":0,"gold_gain":0,"player_choice":"Single Remove","damage_taken":0,"max_hp_gain":0,"max_hp_loss":0,"event_name":"Designer","floor":41,"gold_loss":60}],"is_beta":false,"boss_relics":[{"not_picked":["Ectoplasm","Cursed Key"],"picked":"Snecko Eye"},{"not_picked":["Tiny House","Empty Cage"],"picked":"Fusion Hammer"}],"items_purged_floors":[20,39,46],"is_endless":false,"potions_floor_spawned":[1,6,7,11,19,21,28,30,33,38,40,48],"ascension_level":1}}