{"host":"8ztb9kwpjc2zof9s","time":1613255285,"event":{"mods":["BaseMod","Block Reminder","Curses Come First","Minty Spire (QoL Compilation)","Relic Stats","StSLib"],"gold_per_floor":[111,11,28,42,58,88,98,63,63,63,92,110,110,120,120,215,215,230,230,105,118,33,33,33,33,56,56,73,83,83,114,114,216,216,226,33,52,12,12,12,32,32,32,32],"floor_reached":43,"language":"ENG","playtime":2407,"items_purged":["Decay","Strike_G"],"score":746,"play_id":"15f2ac4a-d0c6-411c-af35-ccb79f33668f","local_time":"20210213142805","is_ascension_mode":true,"campfire_choices":[{"floor":10.0,"key":"REST"},{"floor":13.0,"key":"REST"},{"floor":15.0,"key":"REST"},{"data":"Prepared","floor":23.0,"key":"SMITH"},{"floor":30.0,"key":"REST"},{"floor":32.0,"key":"REST"},{"data":"Leg Sweep","floor":40.0,"key":"SMITH"}],"circlet_count":0,"master_deck":["AscendersBane","Strike_G","Strike_G","Strike_G","Defend_G","Defend_G","Defend_G","Defend_G","Defend_G","Survivor","Neutralize","Accuracy","Blade Dance","Accuracy","Terror","Leg Sweep+1","Prepared+1","Well Laid Plans+1","Noxious Fumes+1","Footwork+1","Cloak And Dagger","Blade Dance","A Thousand Cuts+1","Corpse Explosion","Cloak And Dagger","Accuracy+1","Choke","Accuracy+1","Blur","Blade Dance+1","Envenom+1","Footwork+1","Backflip+1","Footwork+1","Blade Dance+1"],"relics":["Ring of the Snake","Oddly Smooth Stone","Frozen Egg 2","MealTicket","Smiling Mask","Sozu","Molten Egg 2","Art of War","Omamori","Kunai","WristBlade","Membership Card"],"acts_visited":["Exordium","TheCity","TheBeyond"],"potions_floor_usage":[],"damage_taken":[{"damage":0.0,"enemies":"Cultist","floor":1.0,"turns":4.0},{"damage":10.0,"enemies":"2 Louse","floor":3.0,"turns":4.0},{"damage":12.0,"enemies":"Jaw Worm","floor":4.0,"turns":5.0},{"damage":6.0,"enemies":"3 Louse","floor":5.0,"turns":7.0},{"damage":30.0,"enemies":"3 Sentries","floor":6.0,"turns":14.0},{"damage":4.0,"enemies":"Lots of Slimes","floor":7.0,"turns":4.0},{"damage":18.0,"enemies":"Gremlin Nob","floor":11.0,"turns":6.0},{"damage":3.0,"enemies":"Exordium Thugs","floor":12.0,"turns":5.0},{"damage":5.0,"enemies":"Looter","floor":14.0,"turns":5.0},{"damage":36.0,"enemies":"The Guardian","floor":16.0,"turns":9.0},{"damage":5.0,"enemies":"Shell Parasite","floor":18.0,"turns":5.0},{"damage":18.0,"enemies":"Spheric Guardian","floor":21.0,"turns":5.0},{"damage":35.0,"enemies":"Shelled Parasite and Fungi","floor":28.0,"turns":6.0},{"damage":5.0,"enemies":"Snake Plant","floor":29.0,"turns":4.0},{"damage":15.0,"enemies":"Gremlin Leader","floor":31.0,"turns":5.0},{"damage":45.0,"enemies":"Collector","floor":33.0,"turns":8.0},{"damage":3.0,"enemies":"Orb Walker","floor":35.0,"turns":3.0},{"damage":21.0,"enemies":"3 Darklings","floor":37.0,"turns":6.0},{"damage":20.0,"enemies":"Writhing Mass","floor":41.0,"turns":7.0},{"damage":60,"enemies":"Donu and Deca","floor":43,"turns":5}],"seed_played":"-3280868203072548628","potions_obtained":[{"floor":6.0,"key":"Explosive Potion"},{"floor":7.0,"key":"BlessingOfTheForge"},{"floor":11.0,"key":"DistilledChaos"}],"is_trial":false,"path_per_floor":["M","$","M","M","M","E","M","$","T","R","E","M","R","M","R","B",null,"M","?","$","M","?","R","T","$","T","?","M","M","R","E","R","B",null,"M","$","M","$","?","R","M","?","B"],"character_chosen":"THE_SILENT","items_purchased":["Blade Dance","Accuracy","Footwork+1","Accuracy+1","Membership Card","Footwork+1"],"campfire_rested":5,"item_purchase_floors":[2,2,8,20,36,38],"current_hp_per_floor":[63,63,53,41,35,5,1,1,1,22,4,1,22,17,38,2,53,48,48,63,45,45,45,45,60,60,60,25,20,41,26,47,2,53,50,65,44,59,70,70,50,50,0,0],"gold":32,"neow_bonus":"RANDOM_COMMON_RELIC","is_daily":false,"chose_seed":false,"campfire_upgraded":2,"win_rate":0.0,"timestamp":1613255285,"path_taken":["M","$","M","M","M","E","M","?","T","R","E","M","R","M","R","BOSS","M","?","?","?","?","R","?","$","T","?","M","M","R","E","R","BOSS","M","$","M","?","?","R","M","?","BOSS"],"items_purchased_type":["Card","Card","Card","Card","Relic","Card"],"build_version":"2020-12-22","purchased_purges":2,"victory":false,"max_hp_per_floor":[70,70,70,70,70,70,70,70,70,70,70,70,70,70,70,70,70,70,70,70,70,70,70,70,70,70,70,70,70,70,70,70,70,70,70,70,70,70,70,70,70,70,70,70],"relic_stats":{"Sozu":3,"counters":[20,117],"MealTicket":60,"Art of War":[12],"Kunai":[14],"Smiling Mask":25,"obtain_stats":[{"Sozu":17,"WristBlade":34,"Oddly Smooth Stone":0,"MealTicket":9,"Molten Egg 2":22,"Art of War":24,"Omamori":26,"Kunai":31,"Membership Card":36,"Frozen Egg 2":6,"Smiling Mask":11,"Ring of the Snake":0},{"Sozu":10,"WristBlade":16,"Oddly Smooth Stone":0,"MealTicket":6,"Molten Egg 2":12,"Art of War":12,"Omamori":12,"Kunai":15,"Membership Card":17,"Frozen Egg 2":5,"Smiling Mask":7,"Ring of the Snake":0},{"Sozu":63,"WristBlade":96,"Oddly Smooth Stone":0,"MealTicket":38,"Molten Egg 2":73,"Art of War":73,"Omamori":73,"Kunai":88,"Membership Card":99,"Frozen Egg 2":34,"Smiling Mask":44,"Ring of the Snake":0}],"Ring of the Snake":[40]},"card_choices":[{"not_picked":["Dagger Throw","Skewer"],"picked":"Accuracy","floor":1.0},{"not_picked":["Dagger Throw","Underhanded Strike"],"picked":"Terror","floor":3.0},{"not_picked":["Underhanded Strike","Skewer"],"picked":"Leg Sweep","floor":4.0},{"not_picked":["Acrobatics","Masterful Stab"],"picked":"Prepared","floor":5.0},{"not_picked":["Eviscerate","Heel Hook"],"picked":"Well Laid Plans+1","floor":6.0},{"not_picked":["Escape Plan","Doppelganger"],"picked":"Noxious Fumes+1","floor":7.0},{"not_picked":["Calculated Gamble","Flying Knee"],"picked":"Cloak And Dagger","floor":11.0},{"not_picked":["Distraction","Calculated Gamble"],"picked":"Blade Dance","floor":12.0},{"not_picked":["Heel Hook","Quick Slash"],"picked":"A Thousand Cuts+1","floor":14.0},{"not_picked":["Bullet Time","Phantasmal Killer"],"picked":"Corpse Explosion","floor":16.0},{"not_picked":["Acrobatics","Outmaneuver"],"picked":"Cloak And Dagger","floor":18.0},{"not_picked":["Underhanded Strike","Skewer"],"picked":"Choke","floor":21.0},{"not_picked":["Quick Slash+1","Backflip+1"],"picked":"Blur","floor":28.0},{"not_picked":["Acrobatics","Distraction+1","Underhanded Strike+1"],"picked":"SKIP","floor":29.0},{"not_picked":["Backflip","Flying Knee+1"],"picked":"Blade Dance+1","floor":31.0},{"not_picked":["Burst","Tools of the Trade+1"],"picked":"Envenom+1","floor":33.0},{"not_picked":["Flying Knee+1","Choke+1"],"picked":"Footwork+1","floor":35.0},{"not_picked":["Riddle With Holes+1","Noxious Fumes+1"],"picked":"Backflip+1","floor":37.0},{"not_picked":["Dodge and Roll","Catalyst+1"],"picked":"Blade Dance+1","floor":41.0}],"player_experience":324835,"relics_obtained":[{"floor":6.0,"key":"Frozen Egg 2"},{"floor":9.0,"key":"MealTicket"},{"floor":11.0,"key":"Smiling Mask"},{"floor":24.0,"key":"Art of War"},{"floor":26.0,"key":"Omamori"},{"floor":31.0,"key":"Kunai"}],"event_choices":[{"damage_healed":0.0,"max_hp_gain":0.0,"max_hp_loss":0.0,"gold_gain":0.0,"event_name":"Wheel of Change","player_choice":"Cursed","floor":19.0,"gold_loss":0.0,"damage_taken":0.0,"cards_obtained":["Decay"]},{"damage_healed":0.0,"max_hp_gain":0.0,"max_hp_loss":0.0,"gold_gain":0.0,"event_name":"Addict","player_choice":"Obtained Relic","floor":22.0,"gold_loss":85.0,"damage_taken":0.0,"relics_obtained":["Molten Egg 2"]},{"damage_healed":0.0,"max_hp_gain":0.0,"max_hp_loss":0.0,"gold_gain":0.0,"cards_transformed":["Strike_G"],"event_name":"Transmorgrifier","player_choice":"Transformed","floor":27.0,"gold_loss":0.0,"damage_taken":0.0,"cards_obtained":["Accuracy"]},{"damage_healed":18.0,"max_hp_gain":0.0,"max_hp_loss":0.0,"gold_gain":0.0,"event_name":"Winding Halls","player_choice":"Writhe","floor":39.0,"gold_loss":0.0,"damage_taken":0.0,"cards_obtained":["Writhe"]},{"damage_healed":0.0,"max_hp_gain":0.0,"max_hp_loss":0.0,"gold_gain":0.0,"event_name":"SecretPortal","player_choice":"Took Portal","floor":42.0,"gold_loss":0.0,"damage_taken":0.0}],"is_beta":false,"boss_relics":[{"not_picked":["Calling Bell","Pandora\u0027s Box"],"picked":"Sozu"},{"not_picked":["Coffee Dripper","Tiny House"],"picked":"WristBlade"}],"items_purged_floors":[20,36],"is_endless":false,"potions_floor_spawned":[6,7,11,18,21,29],"killed_by":"Donu and Deca","ascension_level":11}}