{"host":"gobyjzz6xbwq9f9i","time":1613248947,"event":{"mods":["AchievementEnabler","BaseMod","Bestiary","Colored Map","Minty Spire (QoL Compilation)","Relic Stats"],"gold_per_floor":[118,131,150,166,166,166,216,249,249,291,291,323,357,40,40,177,240,262,187,216,232,241,283,328,328,328,349,349,397,48,62,62,200,200,227,250,273,116,139,188,210,210,234,234,273,285,297,356,368,380,392,404,21,21,21],"floor_reached":54,"language":"ENG","playtime":3288,"items_purged":["Strike_B","Rip and Tear"],"score":1306,"play_id":"dc2c9944-9541-4945-8247-d9dca4d212b0","local_time":"20210213124227","is_ascension_mode":true,"campfire_choices":[{"data":"Beam Cell","floor":6.0,"key":"SMITH"},{"data":"Lockon","floor":11.0,"key":"SMITH"},{"data":"Sweeping Beam","floor":15.0,"key":"SMITH"},{"data":"Static Discharge","floor":25.0,"key":"SMITH"},{"data":"Beam Cell","floor":28.0,"key":"SMITH"},{"data":"Undo","floor":32,"key":"SMITH"},{"data":"Conserve Battery","floor":42,"key":"SMITH"},{"floor":44,"key":"RECALL"},{"data":"Compile Driver","floor":49,"key":"SMITH"},{"data":"Dualcast","floor":52,"key":"SMITH"}],"circlet_count":0,"master_deck":["AscendersBane","Zap","Dualcast+1","Beam Cell+1","Lockon+1","Undo+1","Sweeping Beam+1","Melter","Conserve Battery+1","Static Discharge+1","Ball Lightning","Fission+1","Beam Cell+1","Hologram+1","Consume+1","Aggregate+1","All For One","Compile Driver+1","Glacier+1","Glacier+1","Ghostly+1","Ghostly+1","Ghostly+1","Ghostly+1","Ghostly+1","Defragment+1","Biased Cognition+1","Reinforced Body+1","Echo Form+1","Fusion+1","Creative AI+1","Self Repair+1","Chaos+1","Loop+1"],"relics":["Cracked Core","Golden Idol","CeramicFish","Centennial Puzzle","Toy Ornithopter","Eternal Feather","Toxic Egg 2","Pandora\u0027s Box","Turnip","Frozen Egg 2","Mercury Hourglass","Strange Spoon","Coffee Dripper","ClockworkSouvenir","Pear","MawBank","Letter Opener","OrangePellets"],"acts_visited":["Exordium","TheCity","TheBeyond","TheEnding"],"potions_floor_usage":[40,41,45],"damage_taken":[{"damage":0.0,"enemies":"2 Louse","floor":1.0,"turns":3.0},{"damage":0.0,"enemies":"Small Slimes","floor":2.0,"turns":3.0},{"damage":2.0,"enemies":"Jaw Worm","floor":3.0,"turns":3.0},{"damage":16.0,"enemies":"Large Slime","floor":4.0,"turns":6.0},{"damage":15.0,"enemies":"3 Sentries","floor":7.0,"turns":6.0},{"damage":1.0,"enemies":"2 Fungi Beasts","floor":8.0,"turns":3.0},{"damage":10.0,"enemies":"Lagavulin","floor":10.0,"turns":5.0},{"damage":0.0,"enemies":"Exordium Wildlife","floor":12.0,"turns":2.0},{"damage":8.0,"enemies":"3 Sentries","floor":13.0,"turns":5.0},{"damage":0.0,"enemies":"Slime Boss","floor":16.0,"turns":7.0},{"damage":9.0,"enemies":"2 Thieves","floor":18.0,"turns":2.0},{"damage":4.0,"enemies":"Spheric Guardian","floor":20.0,"turns":3.0},{"damage":10.0,"enemies":"Centurion and Healer","floor":21.0,"turns":5.0},{"damage":10.0,"enemies":"Gremlin Leader","floor":23.0,"turns":4.0},{"damage":0.0,"enemies":"Snake Plant","floor":27.0,"turns":7.0},{"damage":5.0,"enemies":"Book of Stabbing","floor":29.0,"turns":4.0},{"damage":0,"enemies":"3 Cultists","floor":31,"turns":4},{"damage":10,"enemies":"Automaton","floor":33,"turns":11},{"damage":0,"enemies":"3 Darklings","floor":35,"turns":7},{"damage":8,"enemies":"3 Shapes","floor":36,"turns":4},{"damage":0,"enemies":"3 Darklings","floor":37,"turns":7},{"damage":0,"enemies":"Transient","floor":39,"turns":5},{"damage":1,"enemies":"Giant Head","floor":40,"turns":11},{"damage":0,"enemies":"Maw","floor":41,"turns":8},{"damage":8,"enemies":"Reptomancer","floor":45,"turns":9},{"damage":0,"enemies":"Giant Head","floor":48,"turns":10},{"damage":24,"enemies":"Time Eater","floor":50,"turns":9},{"damage":46,"enemies":"Shield and Spear","floor":54,"turns":7}],"seed_played":"686073013209007977","potions_obtained":[{"floor":3.0,"key":"Strength Potion"},{"floor":4.0,"key":"Strength Potion"},{"floor":8.0,"key":"AttackPotion"},{"floor":12.0,"key":"Explosive Potion"},{"floor":20.0,"key":"Swift Potion"},{"floor":23.0,"key":"SteroidPotion"},{"floor":29.0,"key":"PowerPotion"},{"floor":31,"key":"BlessingOfTheForge"},{"floor":36,"key":"PotionOfCapacity"},{"floor":39,"key":"PotionOfCapacity"},{"floor":40,"key":"SteroidPotion"},{"floor":48,"key":"LiquidBronze"}],"is_trial":false,"path_per_floor":["M","M","M","M","?","R","E","M","T","E","R","M","E","$","R","B",null,"M","?","M","M","?","E","?","R","T","M","R","E","$","M","R","B",null,"M","M","M","$","M","E","M","R","T","R","E","?","?","E","R","B",null,"R","$","E"],"character_chosen":"DEFECT","items_purchased":["Toxic Egg 2","Strange Spoon","Biased Cognition+1","Reinforced Body+1","ClockworkSouvenir","OrangePellets","Ancient Potion","Loop+1"],"campfire_rested":0,"item_purchase_floors":[14,30,30,30,38,53,53,53],"current_hp_per_floor":[75,75,73,57,57,57,42,41,41,31,31,31,28,28,37,42,68,59,59,55,45,45,40,38,38,38,38,38,33,33,33,38,28,36,36,28,28,28,28,42,47,48,48,48,48,46,46,46,46,32,43,46,46,0,0],"gold":21,"neow_bonus":"TEN_PERCENT_HP_BONUS","is_daily":false,"chose_seed":false,"campfire_upgraded":9,"win_rate":0.0,"timestamp":1613248947,"path_taken":["M","M","M","M","?","R","E","M","T","E","R","M","E","$","R","BOSS","M","?","M","M","?","E","?","R","T","M","R","E","$","M","R","BOSS","M","M","M","$","M","E","M","R","T","R","E","?","?","E","R","BOSS","R","$","E"],"items_purchased_type":["Relic","Relic","Card","Card","Relic","Relic","Potion","Card"],"build_version":"2020-12-22","purchased_purges":2,"victory":false,"max_hp_per_floor":[82,82,82,82,76,76,76,76,76,76,76,76,76,76,76,76,76,76,76,76,76,76,76,38,38,38,38,38,38,38,38,38,38,38,38,38,38,38,38,48,48,48,48,48,48,46,46,46,46,46,46,46,46,46,46],"relic_stats":{"counters":[28,160],"Golden Idol":187,"CeramicFish":270,"Eternal Feather":18,"Letter Opener":[37],"MawBank":96,"Mercury Hourglass":[395],"Strange Spoon":[27],"OrangePellets":[2],"Centennial Puzzle":[39],"Pandora\u0027s Box":["Beam Cell","Consume","Hologram","Consume","Rip and Tear","Aggregate","All For One"],"Turnip":[7],"obtain_stats":[{"Pear":40,"Golden Idol":5,"CeramicFish":7,"Eternal Feather":13,"Letter Opener":48,"Frozen Egg 2":26,"MawBank":45,"Mercury Hourglass":29,"ClockworkSouvenir":38,"Strange Spoon":30,"OrangePellets":53,"Centennial Puzzle":9,"Pandora\u0027s Box":17,"Turnip":23,"Coffee Dripper":34,"Toxic Egg 2":14,"Cracked Core":0,"Toy Ornithopter":10},{"Pear":23,"Golden Idol":4,"CeramicFish":5,"Eternal Feather":9,"Letter Opener":26,"Frozen Egg 2":14,"MawBank":25,"Mercury Hourglass":16,"ClockworkSouvenir":21,"Strange Spoon":16,"OrangePellets":27,"Centennial Puzzle":6,"Pandora\u0027s Box":10,"Turnip":14,"Coffee Dripper":18,"Toxic Egg 2":9,"Cracked Core":0,"Toy Ornithopter":7},{"Pear":117,"Golden Idol":15,"CeramicFish":21,"Eternal Feather":36,"Letter Opener":144,"Frozen Egg 2":57,"MawBank":134,"Mercury Hourglass":68,"ClockworkSouvenir":101,"Strange Spoon":68,"OrangePellets":153,"Centennial Puzzle":24,"Pandora\u0027s Box":43,"Turnip":57,"Coffee Dripper":83,"Toxic Egg 2":36,"Cracked Core":0,"Toy Ornithopter":29}],"Toy Ornithopter":25},"card_choices":[{"not_picked":["Steam","Coolheaded"],"picked":"Beam Cell","floor":1.0},{"not_picked":["Streamline","Stack"],"picked":"Lockon","floor":2.0},{"not_picked":["Barrage","Go for the Eyes"],"picked":"Undo","floor":3.0},{"not_picked":["Heatsinks","Hologram"],"picked":"Sweeping Beam","floor":4.0},{"not_picked":["Gash","White Noise"],"picked":"Melter","floor":7.0},{"not_picked":["Heatsinks","Steam"],"picked":"Conserve Battery","floor":8.0},{"not_picked":["Sweeping Beam","All For One"],"picked":"Static Discharge","floor":10.0},{"not_picked":["Melter","Turbo"],"picked":"Ball Lightning","floor":12.0},{"not_picked":["Stack","Sweeping Beam","Streamline"],"picked":"SKIP","floor":13.0},{"not_picked":["Machine Learning","Electrodynamics"],"picked":"Fission+1","floor":16.0},{"not_picked":["Ball Lightning","Double Energy+1"],"picked":"Compile Driver","floor":18.0},{"not_picked":["Conserve Battery+1","Leap+1"],"picked":"Cold Snap+1","floor":20.0},{"not_picked":["Aggregate+1","Reprogram+1","Sweeping Beam+1"],"picked":"SKIP","floor":21.0},{"not_picked":["Aggregate+1","Reprogram+1","Sweeping Beam+1"],"picked":"SKIP","floor":21.0},{"not_picked":["Barrage+1","Steam+1"],"picked":"Glacier+1","floor":23.0},{"not_picked":["Streamline","Hello World+1","Cold Snap+1"],"picked":"SKIP","floor":27.0},{"not_picked":["Redo+1","Gash"],"picked":"Defragment+1","floor":29.0},{"not_picked":["Stack+1","Steam+1","Lockon"],"picked":"SKIP","floor":31},{"not_picked":["Seek+1","Buffer+1"],"picked":"Echo Form+1","floor":33},{"not_picked":["Barrage+1","Compile Driver+1"],"picked":"Fusion+1","floor":35},{"not_picked":["Leap+1","Ball Lightning+1","Cold Snap"],"picked":"SKIP","floor":36},{"not_picked":["Compile Driver+1","Reprogram+1","Conserve Battery+1"],"picked":"SKIP","floor":37},{"not_picked":["Go for the Eyes","Barrage+1","Redo+1"],"picked":"SKIP","floor":39},{"not_picked":["Self Repair+1","Hello World+1"],"picked":"Creative AI+1","floor":40},{"not_picked":["Lockon+1","Cold Snap"],"picked":"Self Repair+1","floor":41},{"not_picked":["Barrage","Go for the Eyes+1","Ball Lightning"],"picked":"SKIP","floor":45},{"not_picked":["Gash","Stack+1"],"picked":"Chaos+1","floor":48}],"player_experience":1352306,"relics_obtained":[{"floor":7.0,"key":"CeramicFish"},{"floor":9.0,"key":"Centennial Puzzle"},{"floor":10.0,"key":"Toy Ornithopter"},{"floor":13.0,"key":"Eternal Feather"},{"floor":23.0,"key":"Turnip"},{"floor":26.0,"key":"Frozen Egg 2"},{"floor":29.0,"key":"Mercury Hourglass"},{"floor":40,"key":"Pear"},{"floor":45,"key":"MawBank"},{"floor":48,"key":"Letter Opener"}],"event_choices":[{"damage_healed":0.0,"max_hp_gain":0.0,"max_hp_loss":6.0,"gold_gain":0.0,"event_name":"Golden Idol","player_choice":"Lose Max HP","floor":5.0,"gold_loss":0.0,"damage_taken":0.0,"relics_obtained":["Golden Idol"]},{"cards_removed":["Consume"],"damage_healed":0.0,"max_hp_gain":0.0,"max_hp_loss":0.0,"gold_gain":0.0,"event_name":"Beggar","player_choice":"Gave Gold","floor":19.0,"gold_loss":75.0,"damage_taken":0.0},{"damage_healed":0.0,"max_hp_gain":0.0,"max_hp_loss":0.0,"gold_gain":0.0,"event_name":"The Library","player_choice":"Read","floor":22.0,"gold_loss":0.0,"damage_taken":0.0,"cards_obtained":["Glacier"]},{"damage_healed":0.0,"max_hp_gain":0.0,"max_hp_loss":38.0,"gold_gain":0.0,"event_name":"Ghosts","player_choice":"Became a Ghost","floor":24.0,"gold_loss":0.0,"damage_taken":0.0,"cards_obtained":["Ghostly","Ghostly","Ghostly","Ghostly","Ghostly"]},{"damage_healed":0,"gold_gain":0,"player_choice":"Max HP","damage_taken":0,"max_hp_gain":0,"max_hp_loss":2,"event_name":"Winding Halls","floor":46,"gold_loss":0},{"cards_removed":["Cold Snap"],"damage_healed":0,"gold_gain":0,"player_choice":"Removed Attack","damage_taken":0,"max_hp_gain":0,"max_hp_loss":0,"event_name":"Falling","floor":47,"gold_loss":0}],"is_beta":false,"boss_relics":[{"not_picked":["Velvet Choker","Sozu"],"picked":"Pandora\u0027s Box"},{"not_picked":["Runic Dome","Empty Cage"],"picked":"Coffee Dripper"}],"items_purged_floors":[14,53],"is_endless":false,"potions_floor_spawned":[3,4,8,12,20,23,29,31,36,37,39,40,48],"killed_by":"Shield and Spear","ascension_level":10}}