{"host":"syozzdlzcqop4jia","time":1613183235,"event":{"mods":["AchievementEnabler","BaseMod","Colored Map","Colored Powertips","Minty Spire (QoL Compilation)","Quick Restart"],"gold_per_floor":[112,39,39,50,69,69,103,119,197,210,287,287,307,323,323,421,421,438,438,456,474,474,474,59,78,126,144,154,154,154],"floor_reached":29,"language":"ENG","playtime":1621,"items_purged":[],"score":256,"play_id":"7af4bff0-771a-46ad-a415-44aefa5b8ae2","local_time":"20210213032715","is_ascension_mode":false,"campfire_choices":[{"floor":6,"key":"RECALL"},{"floor":12,"key":"REST"},{"data":"Inflame","floor":15,"key":"SMITH"},{"floor":23,"key":"REST"}],"circlet_count":0,"master_deck":["Defend_R","Defend_R","Defend_R","Defend_R","Bash","Carnage","Twin Strike","Flex","Battle Trance","Rage","Pummel","Inflame+1","Twin Strike","Perfected Strike","Heavy Blade","Demon Form","Twin Strike","Bite","Bite","Bite","Bite","Bite","Seeing Red","Flame Barrier","The Bomb","Ghostly Armor","Double Tap","Wild Strike"],"relics":["Burning Blood","Peace Pipe","Philosopher\u0027s Stone","Art of War","Blood Vial"],"acts_visited":["Exordium","TheCity"],"potions_floor_usage":[21],"damage_taken":[{"damage":4,"enemies":"Jaw Worm","floor":1,"turns":5},{"damage":1,"enemies":"2 Louse","floor":4,"turns":3},{"damage":7,"enemies":"Small Slimes","floor":5,"turns":3},{"damage":44,"enemies":"3 Sentries","floor":7,"turns":12},{"damage":6,"enemies":"Exordium Wildlife","floor":8,"turns":3},{"damage":7,"enemies":"Looter","floor":10,"turns":3},{"damage":8,"enemies":"Large Slime","floor":13,"turns":4},{"damage":7,"enemies":"3 Louse","floor":14,"turns":3},{"damage":57,"enemies":"Hexaghost","floor":16,"turns":8},{"damage":21,"enemies":"Shell Parasite","floor":18,"turns":4},{"damage":22,"enemies":"Spheric Guardian","floor":20,"turns":4},{"damage":19,"enemies":"3 Cultists","floor":21,"turns":4},{"damage":35,"enemies":"Snake Plant","floor":25,"turns":4},{"damage":27,"enemies":"Centurion and Healer","floor":27,"turns":6},{"damage":30,"enemies":"Cultist and Chosen","floor":28,"turns":5},{"damage":12,"enemies":"Colosseum Slavers","floor":29,"turns":2}],"seed_played":"7724027538623325929","potions_obtained":[{"floor":1,"key":"Swift Potion"},{"floor":4,"key":"FearPotion"},{"floor":10,"key":"Ancient Potion"},{"floor":21,"key":"SpeedPotion"},{"floor":27,"key":"Strength Potion"}],"is_trial":false,"path_per_floor":["M","$","?","M","M","R","E","M","T","M","?","R","M","M","R","B",null,"M","?","M","M","?","R","$","M","T","M","M","?"],"character_chosen":"IRONCLAD","items_purchased":["Twin Strike","Flex","Art of War","The Bomb","Ghostly Armor"],"campfire_rested":2,"item_purchase_floors":[2,2,24,24,24],"current_hp_per_floor":[88,88,88,88,87,87,49,49,49,48,48,74,72,71,71,20,88,73,61,47,42,42,60,60,37,37,26,16,10,10],"gold":154,"neow_bonus":"TEN_PERCENT_HP_BONUS","is_daily":false,"chose_seed":false,"campfire_upgraded":1,"win_rate":0.0,"timestamp":1613183235,"path_taken":["M","$","?","M","M","R","E","M","T","M","?","R","M","M","R","BOSS","M","?","M","M","?","R","?","M","T","?","M","?"],"items_purchased_type":["Card","Card","Relic","Card","Card"],"build_version":"2020-12-22","purchased_purges":0,"victory":false,"max_hp_per_floor":[88,88,88,88,88,88,88,88,88,88,88,88,88,88,88,88,88,88,61,61,61,61,61,61,61,61,61,61,61,61],"card_choices":[{"not_picked":["Rampage","Heavy Blade"],"picked":"Carnage","floor":1},{"not_picked":["Iron Wave","Headbutt"],"picked":"Battle Trance","floor":4},{"not_picked":["Uppercut","Cleave"],"picked":"Rage","floor":5},{"not_picked":["Blood for Blood","Sever Soul"],"picked":"Pummel","floor":7},{"not_picked":["Body Slam","Shrug It Off"],"picked":"Inflame","floor":8},{"not_picked":["Body Slam","Searing Blow"],"picked":"Twin Strike","floor":10},{"not_picked":["Thunderclap","True Grit"],"picked":"Perfected Strike","floor":13},{"not_picked":["Headbutt","Exhume"],"picked":"Heavy Blade","floor":14},{"not_picked":["Barricade","Impervious"],"picked":"Demon Form","floor":16},{"not_picked":["Rampage","Uppercut"],"picked":"Twin Strike","floor":18},{"not_picked":["True Grit","Warcry","Hemokinesis"],"picked":"SKIP","floor":20},{"not_picked":["True Grit+1","Clothesline"],"picked":"Seeing Red","floor":21},{"not_picked":["Thunderclap","Armaments"],"picked":"Double Tap","floor":25},{"not_picked":["Iron Wave","Clash+1","Feel No Pain+1"],"picked":"SKIP","floor":27},{"not_picked":["Rampage","Sever Soul"],"picked":"Wild Strike","floor":28}],"player_experience":706279,"relics_obtained":[{"floor":7,"key":"Peace Pipe"},{"floor":26,"key":"Blood Vial"}],"event_choices":[{"damage_healed":0,"gold_gain":0,"player_choice":"Ignored","damage_taken":0,"max_hp_gain":0,"max_hp_loss":0,"event_name":"Liars Game","floor":3,"gold_loss":0},{"damage_healed":0,"gold_gain":77,"player_choice":"Gained Gold","damage_taken":0,"max_hp_gain":0,"max_hp_loss":0,"event_name":"Golden Wing","floor":11,"gold_loss":0},{"damage_healed":0,"gold_gain":0,"player_choice":"Became a vampire","damage_taken":0,"max_hp_gain":0,"max_hp_loss":27,"event_name":"Vampires","floor":19,"gold_loss":0,"cards_obtained":["Bite","Bite","Bite","Bite","Bite"]},{"damage_healed":0,"gold_gain":0,"player_choice":"Read","damage_taken":0,"max_hp_gain":0,"max_hp_loss":0,"event_name":"The Library","floor":22,"gold_loss":0,"cards_obtained":["Flame Barrier"]},{"damage_healed":0,"gold_gain":0,"player_choice":"Fight","damage_taken":0,"max_hp_gain":0,"max_hp_loss":0,"event_name":"Colosseum","floor":29,"gold_loss":0}],"is_beta":false,"boss_relics":[{"not_picked":["Runic Pyramid","Calling Bell"],"picked":"Philosopher\u0027s Stone"}],"items_purged_floors":[],"is_endless":false,"potions_floor_spawned":[1,4,10,16,21,27],"killed_by":"Colosseum Slavers","ascension_level":0}}