{"host":"kaame4qwxxqnygv7","time":1613224313,"event":{"mods":["AchievementEnabler","BaseMod","Better Match","Better Skull","Better Third Choice","BetterRewards","Block Reminder","Bossed Relics","DeckTracker","Energized Spire","GungeonMod","Minty Spire (QoL Compilation)","Quick Restart","Red Circlet Mod","StSLib","SuperFastMode","The Blue Laboratory"],"gold_per_floor":[118,118,118,118,134,134,134],"floor_reached":6,"language":"KOR","playtime":221,"items_purged":[],"score":58,"play_id":"6c39b2a8-cca7-4e2b-a524-285182912f62","local_time":"20210213225153","is_ascension_mode":true,"campfire_choices":[],"circlet_count":0,"master_deck":["AscendersBane","DemoMod:Strike_Huntress","DemoMod:Strike_Huntress","DemoMod:Defend_Huntress","DemoMod:Defend_Huntress","DemoMod:Defend_Huntress","DemoMod:Roll","DemoMod:ManualReload","DemoMod:RustySidearm","DemoMod:CrossBow","DemoMod:Replace","DemoMod:FullFirepower","DemoMod:Eureka","Injury"],"relics":["DemoMod:Dog","DemoMod:GnawedKey","DemoMod:ResourcefulSack","Oddly Smooth Stone","Golden Idol","DemoMod:PoisonVial"],"acts_visited":["Exordium"],"potions_floor_usage":[],"damage_taken":[{"damage":6,"enemies":"Small Slimes","floor":1,"turns":2},{"damage":5,"enemies":"Jaw Worm","floor":5,"turns":7},{"damage":15,"enemies":"3 Sentries","floor":6,"turns":5}],"seed_played":"-3945627910039857424","potions_obtained":[],"is_trial":false,"path_per_floor":["M","?","?","T","M","E"],"character_chosen":"HUNTRESS","items_purchased":["DemoMod:GnawedKey","Oddly Smooth Stone"],"campfire_rested":0,"item_purchase_floors":[0,0],"current_hp_per_floor":[39,39,39,39,34,19,19],"gold":134,"neow_bonus":"","is_daily":false,"chose_seed":false,"campfire_upgraded":0,"win_rate":0.0,"timestamp":1613224313,"path_taken":["M","?","?","?","?","E"],"items_purchased_type":["Relic","Relic"],"build_version":"2020-12-22","purchased_purges":0,"victory":false,"max_hp_per_floor":[63,63,63,63,63,63,63],"card_choices":[{"not_picked":["DemoMod:DirectionalPad","DemoMod:HungryBullets"],"picked":"DemoMod:Eureka","floor":1},{"not_picked":["DemoMod:DirectionalPad","DemoMod:HuntsMan","DemoMod:FeignSurrender"],"picked":"SKIP","floor":5}],"player_experience":293416,"relics_obtained":[{"floor":4,"key":"DemoMod:PoisonVial"}],"event_choices":[{"damage_healed":0,"gold_gain":0,"player_choice":"Take Wound","damage_taken":0,"relics_obtained":["Golden Idol"],"max_hp_gain":0,"max_hp_loss":0,"event_name":"Golden Idol","floor":2,"gold_loss":0,"cards_obtained":["Injury"]},{"damage_healed":0,"gold_gain":0,"player_choice":"Ignored","damage_taken":118,"max_hp_gain":0,"max_hp_loss":0,"event_name":"betterThird:BetterSerpent","floor":3,"gold_loss":0}],"is_beta":false,"boss_relics":[],"items_purged_floors":[],"is_endless":false,"potions_floor_spawned":[],"killed_by":"3 Sentries","ascension_level":14}}