{"host":"0v07cr0k93jhgkpm","time":1613232282,"event":{"mods":["BaseMod","Colored Map","DeckTracker","Minty Spire (QoL Compilation)","Quick Restart","SuperFastMode"],"gold_per_floor":[115,115,115,60,60,88,88,120,188,208,222,222,238,256,256,327,327,343,7,24,24,24],"floor_reached":21,"language":"KOR","playtime":513,"items_purged":["Strike_G"],"score":478,"play_id":"c588eec8-6cc4-48cb-a8a8-00b592ac8db5","local_time":"20210214010442","is_ascension_mode":true,"campfire_choices":[{"data":"Noxious Fumes","floor":7.0,"key":"SMITH"},{"data":"Cloak And Dagger","floor":12.0,"key":"SMITH"},{"data":"Deadly Poison","floor":15.0,"key":"SMITH"}],"circlet_count":0,"master_deck":["AscendersBane","Strike_G","Strike_G","Strike_G","Defend_G","Defend_G","Defend_G","Defend_G","Survivor","Neutralize","Tactician","Dagger Spray","Noxious Fumes+1","Tactician","Cloak And Dagger+1","Die Die Die+1","Deadly Poison+1","Dash+1","Night Terror","Dagger Throw+1","Bouncing Flask","Poisoned Stab+1","Bane+1"],"relics":["Ring of the Snake","NeowsBlessing","Matryoshka","Molten Egg 2","Vajra","Kunai","SlaversCollar","Snake Skull"],"acts_visited":["Exordium","TheCity"],"potions_floor_usage":[],"damage_taken":[{"damage":0.0,"enemies":"2 Louse","floor":1.0,"turns":1.0},{"damage":0.0,"enemies":"Lagavulin","floor":6.0,"turns":1.0},{"damage":0.0,"enemies":"3 Sentries","floor":8.0,"turns":2.0},{"damage":0.0,"enemies":"Small Slimes","floor":10.0,"turns":3.0},{"damage":0.0,"enemies":"Cultist","floor":11.0,"turns":3.0},{"damage":0.0,"enemies":"Red Slaver","floor":13.0,"turns":3.0},{"damage":8.0,"enemies":"Gremlin Gang","floor":14.0,"turns":2.0},{"damage":18.0,"enemies":"Hexaghost","floor":16.0,"turns":8.0},{"damage":14.0,"enemies":"2 Thieves","floor":18.0,"turns":3.0},{"damage":23.0,"enemies":"Shell Parasite","floor":20.0,"turns":4.0},{"damage":19,"enemies":"Snake Plant","floor":21,"turns":2}],"seed_played":"-5668056383431906650","potions_obtained":[{"floor":1.0,"key":"BlessingOfTheForge"},{"floor":5.0,"key":"SkillPotion"},{"floor":6.0,"key":"CultistPotion"},{"floor":16.0,"key":"Poison Potion"},{"floor":18.0,"key":"DuplicationPotion"}],"is_trial":false,"path_per_floor":["M","?","?","$","?","E","R","E","T","M","M","R","M","M","R","B",null,"M","$","M","M"],"character_chosen":"THE_SILENT","items_purchased":["Dagger Spray","Snake Skull","Bouncing Flask","Poisoned Stab+1"],"campfire_rested":0,"item_purchase_floors":[4,19,19,19],"current_hp_per_floor":[59,52,52,52,52,52,52,52,52,52,52,52,52,44,44,26,56,42,42,19,0,0],"gold":24,"neow_bonus":"THREE_ENEMY_KILL","is_daily":false,"chose_seed":false,"campfire_upgraded":3,"win_rate":0.0,"timestamp":1613232282,"path_taken":["M","?","?","$","?","E","R","E","T","M","M","R","M","?","R","BOSS","M","?","?","M"],"items_purchased_type":["Card","Relic","Card","Card"],"build_version":"2020-12-22","purchased_purges":1,"victory":false,"max_hp_per_floor":[66,66,66,66,66,66,66,66,66,66,66,66,66,66,66,66,66,66,66,66,66,66],"card_choices":[{"not_picked":["Flying Knee","Slice"],"picked":"Tactician","floor":1.0},{"not_picked":["Prepared","Dagger Spray"],"picked":"Noxious Fumes","floor":6.0},{"not_picked":["Sucker Punch+1","Dodge and Roll"],"picked":"Tactician","floor":8.0},{"not_picked":["Outmaneuver","Quick Slash+1"],"picked":"Cloak And Dagger","floor":10.0},{"not_picked":["Finisher+1","Quick Slash+1"],"picked":"Die Die Die+1","floor":11.0},{"not_picked":["Quick Slash+1","Deflect"],"picked":"Deadly Poison","floor":13.0},{"not_picked":["Sucker Punch+1","Dodge and Roll"],"picked":"Dash+1","floor":14.0},{"not_picked":["Venomology","Die Die Die+1"],"picked":"Night Terror","floor":16.0},{"not_picked":["Tactician","Flying Knee+1"],"picked":"Dagger Throw+1","floor":18.0},{"not_picked":["All Out Attack+1","Blade Dance"],"picked":"Bane+1","floor":20.0}],"player_experience":2513645,"relics_obtained":[{"floor":6.0,"key":"Matryoshka"},{"floor":8.0,"key":"Molten Egg 2"},{"floor":9.0,"key":"Vajra"},{"floor":9.0,"key":"Kunai"}],"event_choices":[{"cards_removed":["Strike_G"],"damage_healed":0.0,"max_hp_gain":0.0,"max_hp_loss":0.0,"gold_gain":0.0,"event_name":"Golden Wing","player_choice":"Card Removal","floor":2.0,"gold_loss":0.0,"damage_taken":7.0},{"cards_removed":["Defend_G"],"damage_healed":0.0,"max_hp_gain":0.0,"max_hp_loss":0.0,"gold_gain":0.0,"event_name":"Living Wall","player_choice":"Forget","floor":3.0,"gold_loss":0.0,"damage_taken":0.0},{"damage_healed":0.0,"max_hp_gain":0.0,"max_hp_loss":0.0,"gold_gain":0.0,"event_name":"Lab","player_choice":"Got Potions","floor":5.0,"gold_loss":0.0,"damage_taken":0.0}],"is_beta":false,"boss_relics":[{"not_picked":["Tiny House","Runic Dome"],"picked":"SlaversCollar"}],"items_purged_floors":[19],"is_endless":false,"potions_floor_spawned":[1,6,8,11,16,18],"killed_by":"Snake Plant","ascension_level":20}}