{"host":"3e3mwsgb9gfqiuxm","time":1613198728,"event":{"mods":["Act Like it!","BaseMod","Colored Map","Colored Powertips","Downfall","Gensokyo","Hermit","Hubris","Infinite Spire","Jorbs\u0027s Wanderer Trilogy","Koishi","Marisa????????","Minty Spire (QoL Compilation)","Quick Restart","Rare Cards Sparkle","Reimu??????","Remilia??????","Replay The Spire","Shop Mod","StSLib","SuperFastMode","Td1madao Mod","The Animator","The Bug Knight","The Cursed","The Hierophant","The Servant 0.9.4","everything is the same but u backflip on backflip","slay the spire mod where everything is the same but ironclad has a cowboy hat"],"gold_per_floor":[99,113,133,133,153,153,153,179,179,220,120,151,151,230,274,373,373,373,419,450,0,0,47,95,95,115,115,142,167,167,206,229,328,428,428,476,506,506,528,575,575,575,621,621,676,676,700,807,807,807,823,847,872,872,911,911,932,932,974,994,1107,1107,1007,1007,1007,1007,872,872,947,985,985,1003,1003,1012,1064,1091,1252,1302,1302,1343,1243,1243,1280,1335,1335,876,891,891,916,916,954,1397,1397,1297,1297,1319,1145,1145,1170,956,956,1273,1273,1291,1312,1491,1491,1491,1585,1585,1585],"floor_reached":122,"language":"ENG","playtime":3324,"items_purged":["Strike_MRS","WitchLeyline","SuperPerseids+1","SatelliteIllusion","UpSweep+1","MasterSpark+1","FinalSpark"],"score":3629,"play_id":"267124d9-3461-45f8-a417-fe79d21e7ed7","local_time":"20210213014528","is_ascension_mode":true,"campfire_choices":[{"data":"MasterSpark","floor":1.0,"key":"SMITH"},{"data":"GalacticHalo","floor":6.0,"key":"SMITH"},{"floor":11.0,"key":"DIG"},{"floor":13.0,"key":"DIG"},{"floor":18.0,"key":"DIG"},{"floor":27.0,"key":"DIG"},{"floor":30.0,"key":"DIG"},{"data":"CollectingQuirk","floor":35.0,"key":"SMITH"},{"floor":43.0,"key":"DIG"},{"floor":52.0,"key":"DIG"},{"floor":69.0,"key":"DIG"},{"floor":78.0,"key":"DIG"},{"floor":86.0,"key":"DIG"},{"floor":96.0,"key":"DIG"},{"floor":98.0,"key":"RECALL"},{"floor":103.0,"key":"DIG"},{"floor":107.0,"key":"DIG"},{"floor":111.0,"key":"DIG"},{"floor":119.0,"key":"DIG"}],"circlet_count":0,"master_deck":["AsteroidBelt+1","EnergyFlow+1","GalacticHalo+1","ManaRampage+1","ChargingUp+1","CollectingQuirk+1","SprinkleStarSeal+1","Pot Of Greed+1","Pot Of Greed+1","OrrerysSun+1","DeepEcoloBomb+1","GalacticHalo+1","GalacticHalo+1","OneTimeOff+1","Pot Of Greed+1","GalacticHalo+1","GalacticHalo+1","GalacticHalo+1","EnergyRecoil+1","AbsoluteMagnitude","EnergyFlow","OneTimeOff+1","infinitespire:UltimateForm","TreasureHunter","PulseMagic+1","TreasureHunter","Pot Of Greed+1","Gensokyo:FourOfAKind+1","Gensokyo:FourOfAKind+1","Gensokyo:FourOfAKind+1","Gensokyo:FourOfAKind+1","Gensokyo:ManorOfTheDishes","OortCloud","EnergyRecoil+1","Pot Of Greed+1","hubris:InfiniteBlow+6","EnergyRecoil+1","hubris:Fate+1","infinitespire:Menacing+1","EnergyFlow","FinalSpark","UltimateShortwave+1"],"relics":["MiniHakkero","Darkstone Periapt","Replay:Bandana","Shovel","downfall:HeartBlessingGreen","Sundial","ReplayTheSpireMod:Shallot","Replay:Bottled Eggs","hubris:Backtick","SimpleLauncher","Bag of Preparation","Akabeko","Grinning Jar","Calipers","infinitespire:Satchel","Oddly Smooth Stone","Bottled Flame","Replay:Wanted Poster","hubris:Teleporter","Boot","infinitespire:Joker Card","Toxic Egg 2","AntiCross","Fusion Hammer","PreservedInsect","Gensokyo:MarisaPhilosophersStone","Singing Bowl","Gensokyo:MarisaIngredientList","Strawberry","StrikeDummy","Pandora\u0027s Box","downfall:HeartBlessingBlue","Tiny Chest","Gensokyo:SongOfSouls","Mercury Hourglass","Torii","Shuriken","Letter Opener","Omamori","Bronze Scales","infinitespire:Broken Mirror","Chemical X","MealTicket","Replay:Rubber Ducky","Tiny House","Lizard Tail","CatCart","War Paint","Pen Nib","The Courier","TentaclePot:ReiMu","Turnip","hubris:SlimyHat","infinitespire:Golems Mask","Anchor","Ice Cream","hubris:ScarierMask","downfall:HeartBlessingRed","Chameleon Ring","Smiling Mask","Replay:Wax Seal","ReplayTheSpireMod:TigerMarble","infinitespire:Eraser","ReplayTheSpireMod:Lightbulb","hubris:ToyBattleship","Old Coin","Toy Ornithopter","ScarletDevilRocket","HornCleat","Regal Pillow"],"acts_visited":["Gensokyo:Gensokyo","Gensokyo:Gensokyoer","Gensokyo:Gensokyoest","Gensokyo:Gensokyo","Gensokyo:Gensokyoer","TheBeyond","Exordium","TheCity"],"potions_floor_usage":[122],"damage_taken":[{"damage":2.0,"enemies":"Gensokyo:Python","floor":2.0,"turns":3.0},{"damage":0.0,"enemies":"Gensokyo:2_Kodama","floor":3.0,"turns":4.0},{"damage":1.0,"enemies":"Gensokyo:Gryphon","floor":5.0,"turns":3.0},{"damage":1.0,"enemies":"Gensokyo:Aya","floor":8.0,"turns":3.0},{"damage":0.0,"enemies":"Gensokyo:Mamizou","floor":10.0,"turns":6.0},{"damage":3.0,"enemies":"Gensokyo:3_Kodama","floor":12.0,"turns":4.0},{"damage":10.0,"enemies":"Gensokyo:Kitsune","floor":15.0,"turns":2.0},{"damage":0.0,"enemies":"SI_SHIV_ARCHETYPE","floor":16.0,"turns":5.0},{"damage":2.0,"enemies":"Gensokyo:3_Dogs","floor":19.0,"turns":3.0},{"damage":0.0,"enemies":"Gensokyo:2_Gloops","floor":20.0,"turns":3.0},{"damage":13.0,"enemies":"Gensokyo:Reisen","floor":23.0,"turns":4.0},{"damage":6.0,"enemies":"Gensokyo:Wraith","floor":26.0,"turns":4.0},{"damage":5.0,"enemies":"Gensokyo:Tenshi","floor":28.0,"turns":2.0},{"damage":0.0,"enemies":"Gensokyo:Swordslinger","floor":29.0,"turns":3.0},{"damage":0.0,"enemies":"Nightmare","floor":31.0,"turns":2.0},{"damage":0.0,"enemies":"Gensokyo:Slime_Group","floor":32.0,"turns":2.0},{"damage":0.0,"enemies":"IC_MUSHROOM_ARCHETYPE","floor":33.0,"turns":4.0},{"damage":0.0,"enemies":"Gensokyo:3_Boulders","floor":36.0,"turns":4.0},{"damage":0.0,"enemies":"Gensokyo:AncientGuardian","floor":37.0,"turns":2.0},{"damage":0.0,"enemies":"Gensokyo:AtlasGolem","floor":39.0,"turns":3.0},{"damage":0.0,"enemies":"Gensokyo:Rafflesia","floor":40.0,"turns":5.0},{"damage":0.0,"enemies":"Gensokyo:Marisa","floor":44.0,"turns":2.0},{"damage":0.0,"enemies":"Gensokyo:Doremy","floor":46.0,"turns":2.0},{"damage":3.0,"enemies":"Gensokyo:4_Bats","floor":49.0,"turns":2.0},{"damage":0.0,"enemies":"WA_ARCHETYPE_DIVINITY","floor":50.0,"turns":3.0},{"damage":0.0,"enemies":"Gensokyo:2_Kodama","floor":54.0,"turns":1.0},{"damage":0.0,"enemies":"Gensokyo:2_Kodama","floor":56.0,"turns":4.0},{"damage":0.0,"enemies":"Gensokyo:Gryphon","floor":57.0,"turns":2.0},{"damage":0.0,"enemies":"Gensokyo:Aya","floor":60.0,"turns":1.0},{"damage":0.0,"enemies":"Gensokyo:3_Fairies","floor":62.0,"turns":2.0},{"damage":0.0,"enemies":"Nightmare","floor":65.0,"turns":2.0},{"damage":0.0,"enemies":"Gensokyo:VengefulSpirit","floor":66.0,"turns":1.0},{"damage":0.0,"enemies":"Gensokyo:Yukari","floor":67.0,"turns":2.0},{"damage":0.0,"enemies":"Gensokyo:Reisen","floor":77.0,"turns":1.0},{"damage":43.0,"enemies":"Gensokyo:Tenshi","floor":79.0,"turns":3.0},{"damage":0.0,"enemies":"downfall:FleeingMerchant","floor":81.0,"turns":1.0},{"damage":0.0,"enemies":"Gensokyo:Koishi","floor":82.0,"turns":1.0},{"damage":0.0,"enemies":"Gensokyo:Chomper","floor":83.0,"turns":1.0},{"damage":31.0,"enemies":"Gensokyo:Kaguya","floor":84.0,"turns":5.0},{"damage":36.0,"enemies":"3 Shapes","floor":88.0,"turns":1.0},{"damage":0.0,"enemies":"Orin","floor":91.0,"turns":4.0},{"damage":0.0,"enemies":"R_Hoarder","floor":95.0,"turns":3.0},{"damage":0.0,"enemies":"Orb Walker","floor":97.0,"turns":1.0},{"damage":0.0,"enemies":"Writhing Mass","floor":100.0,"turns":1.0},{"damage":7.0,"enemies":"Awakened One","floor":101.0,"turns":6.0},{"damage":0.0,"enemies":"Cultist","floor":105.0,"turns":1.0},{"damage":0.0,"enemies":"3 Sentries","floor":108.0,"turns":2.0},{"damage":0.0,"enemies":"Gremlin Nob","floor":112.0,"turns":3.0},{"damage":0.0,"enemies":"2 Louse","floor":114.0,"turns":1.0},{"damage":0.0,"enemies":"Jaw Worm","floor":116.0,"turns":1.0},{"damage":0.0,"enemies":"Hexaghost","floor":117.0,"turns":2.0},{"damage":0.0,"enemies":"Colosseum Nobs","floor":121.0,"turns":2.0},{"damage":0,"enemies":"Gremlin Leader","floor":122,"turns":1}],"seed_played":"-8436510769464633748","potions_obtained":[{"floor":2.0,"key":"DistilledChaos"},{"floor":5.0,"key":"StarNLove"},{"floor":12.0,"key":"hexamod:SoulburnPotion"},{"floor":15.0,"key":"Adrenaline Potion"},{"floor":19.0,"key":"Weak Potion"},{"floor":20.0,"key":"bronze:BurnAndBuffPotion"},{"floor":23.0,"key":"Block Potion"},{"floor":31.0,"key":"Elixir"},{"floor":39.0,"key":"FearPotion"},{"floor":46.0,"key":"Slimebound:ThreeZeroPotion"},{"floor":56.0,"key":"BottledSpark"},{"floor":67.0,"key":"sneckomod:MuddlingPotion"},{"floor":79.0,"key":"LiquidMemories"},{"floor":85.0,"key":"Doom Potion"},{"floor":88.0,"key":"infinitespire:BlackPotion"},{"floor":117.0,"key":"DuplicationPotion"}],"is_trial":false,"path_per_floor":["R","M","M","?","M","R","T","E","?","E","R","M","R","T","M","B",null,"R_BF","M","M","?","?","E","T","?","M","R","E","M","R","NM","M","B",null,"R","M","M","?","M","M","AVR","R","E","?","E","?","M","B",null,"R_BF","M","?","M","T","E","?","M","?","NM","M","B",null,"R","?","?","T","COS","T","T","E","R","E","?","$","E","M","B",null,"R","M","$","?","?","T","T","$","E","R","M","R","M","B",null,"R","AVR","M","$","R","E","$","R","E","?","M","M","B",null,"R","?","E"],"character_chosen":"MARISA","items_purchased":["OortCloud","Chemical X","TentaclePot:ReiMu","Turnip","Replay:Wax Seal","EnergyFlow","ReplayTheSpireMod:Lightbulb"],"campfire_rested":0,"item_purchase_floors":[81,81,94,94,106,106,110],"current_hp_per_floor":[75,73,73,73,72,72,72,71,41,41,41,38,38,38,28,28,75,75,73,73,73,73,60,60,60,54,54,49,49,49,49,49,49,75,75,75,75,45,45,45,45,45,45,45,45,45,42,42,75,75,75,75,75,75,77,77,77,74,76,78,78,88,98,69,69,69,69,69,69,71,71,30,30,32,34,36,7,79,79,45,60,40,42,42,42,57,57,57,59,59,61,56,89,89,89,91,91,91,93,93,93,95,95,97,99,99,99,99,101,101,101],"gold":1585,"neow_bonus":"THREE_CARDS","is_daily":false,"chose_seed":false,"campfire_upgraded":3,"win_rate":0.0,"timestamp":1613198728,"path_taken":["R","M","M","?","?","R","T","E","?","E","R","M","R","?","M","BOSS","R_BF","M","?","?","?","E","T","?","M","R","E","M","R","NM","M","BOSS","R","M","M","?","M","M","AVR","R","E","?","E","?","M","BOSS","R_BF","M","?","?","T","E","?","?","?","NM","M","BOSS","R","?","?","?","COS","T","?","E","R","E","?","$","E","M","BOSS","BOSS","R","M","$","?","?","T","?","$","E","R","?","R","M","BOSS","R","AVR","?","?","R","E","$","R","?","?","?","M","BOSS","R","?","?"],"items_purchased_type":["Card","Relic","Relic","Relic","Relic","Card","Relic"],"build_version":"2020-12-22","purchased_purges":7,"victory":false,"max_hp_per_floor":[75,75,75,75,75,75,75,75,75,75,75,75,75,75,75,75,75,75,75,75,75,75,75,75,75,75,75,75,75,75,75,75,75,75,75,75,75,75,75,75,75,75,75,75,75,75,75,75,75,75,75,75,75,75,77,77,77,84,86,88,88,88,98,69,69,69,69,69,69,71,71,73,66,68,70,72,74,79,79,81,81,81,83,83,83,83,83,83,85,85,87,89,89,89,89,91,91,91,93,93,93,95,95,97,99,99,99,99,101,101,101],"card_choices":[{"not_picked":["ChargeUpSpray","LuminesStrike"],"picked":"AsteroidBelt","floor":0.0},{"not_picked":["NonDirectionalLaser","AsteroidBelt"],"picked":"SuperPerseids","floor":2.0},{"not_picked":["SuperPerseids","Acceleration"],"picked":"EnergyFlow","floor":3.0},{"not_picked":["DC","IllusionStar"],"picked":"GalacticHalo","floor":5.0},{"not_picked":["UnstableBomb","GravityBeat","MilkyWay"],"picked":"SKIP","floor":8.0},{"not_picked":["LuminesStrike","SporeBomb"],"picked":"ManaRampage","floor":10.0},{"not_picked":["PulseMagic","OrrerysSun"],"picked":"ChargingUp","floor":12.0},{"not_picked":["MilkyWay","ShootingEcho"],"picked":"WitchLeyline","floor":15.0},{"not_picked":["CollectingQuirk","SuperNova"],"picked":"StarDustReverie","floor":16.0},{"not_picked":["GrandCross","LuminesStrike+1"],"picked":"MysteriousBeam","floor":19.0},{"not_picked":["GravityBeat+1","NonDirectionalLaser"],"picked":"MysteriousBeam","floor":20.0},{"not_picked":["Acceleration+1","DarkMatter+1"],"picked":"SprinkleStarSeal+1","floor":23.0},{"not_picked":["ShootingEcho","Acceleration+1"],"picked":"OrrerysSun+1","floor":26.0},{"not_picked":["DC","LuminesStrike"],"picked":"DeepEcoloBomb+1","floor":28.0},{"not_picked":["CasketOfStar","LuminesStrike","GrandCross"],"picked":"SKIP","floor":29.0},{"not_picked":["MachineGunSpark","GrandCross","MillisecondPulsars"],"picked":"SKIP","floor":31.0},{"not_picked":["MysteriousBeam+1","EnergyRecoil"],"picked":"GalacticHalo+1","floor":32.0},{"not_picked":["SprinkleStarSeal+1","NonDirectionalLaser","StarlightTyphoon"],"picked":"SKIP","floor":36.0},{"not_picked":["MilkyWay+1","LuminesStrike+1"],"picked":"GalacticHalo+1","floor":37.0},{"not_picked":["StarlightTyphoon+1","GrandCross","AsteroidBelt"],"picked":"SKIP","floor":39.0},{"not_picked":["GrandCross","BlazeAway","GravityBeat"],"picked":"SKIP","floor":40.0},{"not_picked":["MysteriousBeam+1","DarkSpark+1"],"picked":"OneTimeOff+1","floor":44.0},{"not_picked":["MilkyWay+1","6A+1"],"picked":"GalacticHalo+1","floor":46.0},{"not_picked":["WitchLeyline","SprinkleStarSeal+1"],"picked":"GalacticHalo+1","floor":49.0},{"not_picked":["OortCloud","NonDirectionalLaser"],"picked":"GalacticHalo+1","floor":54.0},{"not_picked":["PowerUp+1","ShootingEcho"],"picked":"AbsoluteMagnitude","floor":56.0},{"not_picked":["IllusionStar+1","MagicChant+1"],"picked":"EnergyFlow","floor":57.0},{"not_picked":["DC","GalacticHalo+1","MysteriousBeam"],"picked":"Singing Bowl","floor":60.0},{"not_picked":["EnergyRecoil+1","SporeBomb+1"],"picked":"OneTimeOff+1","floor":62.0},{"not_picked":["ReplayTheSpireMod:Chaos Vortex","infinitespire:Collect"],"picked":"infinitespire:UltimateForm","floor":65.0},{"not_picked":["Occultation+1","MeteoricShower","SprinkleStarSeal+1"],"picked":"Singing Bowl","floor":65.0},{"not_picked":["GalacticHalo+1","DeepEcoloBomb","DC"],"picked":"Singing Bowl","floor":66.0},{"not_picked":["SuperNova","BinaryStars+1"],"picked":"TreasureHunter","floor":67.0},{"not_picked":["Robbery","MilkyWay+1","OrrerysSun"],"picked":"Singing Bowl","floor":77.0},{"not_picked":["MilkyWay+1","WitchLeyline+1","LuminesStrike"],"picked":"Singing Bowl","floor":79.0},{"not_picked":["Gensokyo:SlitMouthedWoman+1","Gensokyo:MonkeysPaw+1"],"picked":"Gensokyo:ManorOfTheDishes","floor":80.0},{"not_picked":["Singularity","Robbery","GravityBeat"],"picked":"Singing Bowl","floor":81.0},{"not_picked":["DC+1","DeepEcoloBomb","AsteroidBelt+1"],"picked":"Singing Bowl","floor":82.0},{"not_picked":["CasketOfStar","OrrerysSun","WitchOfGreed"],"picked":"Singing Bowl","floor":83.0},{"not_picked":["StarDustReverie+1","AbsoluteMagnitude","BlazingStar"],"picked":"Singing Bowl","floor":84.0},{"not_picked":["FairyDestructionRay+1","DeepEcoloBomb+1"],"picked":"EnergyRecoil+1","floor":85.0},{"not_picked":["Singularity+1","6A+1","NonDirectionalLaser+1"],"picked":"Singing Bowl","floor":88.0},{"not_picked":["infinitespire:UltimateForm","infinitespire:TheBestDefense"],"picked":"hubris:InfiniteBlow+2","floor":90.0},{"not_picked":["MysteriousBeam","LuminesStrike+1","MachineGunSpark+1"],"picked":"Singing Bowl","floor":91.0},{"not_picked":["RefractionSpark","SuperPerseids+1"],"picked":"EnergyRecoil+1","floor":95.0},{"not_picked":["AsteroidBelt+1","OortCloud","Acceleration+1"],"picked":"Singing Bowl","floor":97.0},{"not_picked":["SporeBomb+1","PropBag+1","MysteriousBeam"],"picked":"Singing Bowl","floor":100.0},{"not_picked":["AbsoluteMagnitude","MillisecondPulsars","TreasureHunter"],"picked":"Singing Bowl","floor":101.0},{"not_picked":["MysteriousBeam","GravityBeat","DarkSpark"],"picked":"Singing Bowl","floor":105.0},{"not_picked":["MilkyWay+1","GrandCross","GasGiant+1"],"picked":"Singing Bowl","floor":108.0},{"not_picked":["Acceleration+1","StarBarrage","EnergyFlow"],"picked":"Singing Bowl","floor":112.0},{"not_picked":["MagicAbsorber+1","OortCloud","PulseMagic+1"],"picked":"Singing Bowl","floor":114.0},{"not_picked":["GasGiant+1","StarBarrage","TreasureHunter"],"picked":"Singing Bowl","floor":116.0},{"not_picked":["MillisecondPulsars","SuperNova"],"picked":"UltimateShortwave+1","floor":117.0},{"not_picked":["MilkyWay+1","ChargeUpSpray","6A"],"picked":"Singing Bowl","floor":121.0}],"player_experience":1382395,"relics_obtained":[{"floor":7.0,"key":"Darkstone Periapt"},{"floor":8.0,"key":"Replay:Bandana"},{"floor":10.0,"key":"Shovel"},{"floor":11.0,"key":"Sundial"},{"floor":13.0,"key":"ReplayTheSpireMod:Shallot"},{"floor":14.0,"key":"Replay:Bottled Eggs"},{"floor":18.0,"key":"Bag of Preparation"},{"floor":23.0,"key":"Akabeko"},{"floor":24.0,"key":"Grinning Jar"},{"floor":27.0,"key":"Calipers"},{"floor":28.0,"key":"infinitespire:Satchel"},{"floor":30.0,"key":"Oddly Smooth Stone"},{"floor":31.0,"key":"Bottled Flame"},{"floor":43.0,"key":"infinitespire:Joker Card"},{"floor":44.0,"key":"Toxic Egg 2"},{"floor":46.0,"key":"AntiCross"},{"floor":52.0,"key":"PreservedInsect"},{"floor":56.0,"key":"Gensokyo:MarisaPhilosophersStone"},{"floor":60.0,"key":"Singing Bowl"},{"floor":65.0,"key":"StrikeDummy"},{"floor":69.0,"key":"Tiny Chest"},{"floor":73.0,"key":"Mercury Hourglass"},{"floor":75.0,"key":"Torii"},{"floor":76.0,"key":"Shuriken"},{"floor":77.0,"key":"Letter Opener"},{"floor":78.0,"key":"Omamori"},{"floor":79.0,"key":"Bronze Scales"},{"floor":79.0,"key":"infinitespire:Broken Mirror"},{"floor":82.0,"key":"MealTicket"},{"floor":86.0,"key":"Lizard Tail"},{"floor":91.0,"key":"CatCart"},{"floor":91.0,"key":"War Paint"},{"floor":92.0,"key":"Pen Nib"},{"floor":93.0,"key":"The Courier"},{"floor":95.0,"key":"hubris:SlimyHat"},{"floor":95.0,"key":"infinitespire:Golems Mask"},{"floor":96.0,"key":"Anchor"},{"floor":101.0,"key":"Ice Cream"},{"floor":103.0,"key":"Chameleon Ring"},{"floor":107.0,"key":"ReplayTheSpireMod:TigerMarble"},{"floor":108.0,"key":"infinitespire:Eraser"},{"floor":111.0,"key":"hubris:ToyBattleship"},{"floor":112.0,"key":"Toy Ornithopter"},{"floor":119.0,"key":"ScarletDevilRocket"},{"floor":121.0,"key":"HornCleat"},{"floor":121.0,"key":"Regal Pillow"}],"event_choices":[{"damage_healed":0.0,"max_hp_gain":0.0,"max_hp_loss":0.0,"gold_gain":0.0,"event_name":"OrinTheCat","player_choice":"Fight","floor":91.0,"gold_loss":0.0,"damage_taken":0.0}],"is_beta":false,"boss_relics":[{"not_picked":["Velvet Choker","Honey Jar"],"picked":"hubris:Backtick"},{"not_picked":["Painkiller Herb","Calling Bell"],"picked":"Replay:Wanted Poster"},{"not_picked":["SacredBark","hubris:Stopwatch"],"picked":"Fusion Hammer"},{"not_picked":["Runic Pyramid","ChewingGum"],"picked":"Pandora\u0027s Box"},{"not_picked":["Cursed Key","Runic Dome"],"picked":"Tiny House"},{"not_picked":["hubris:GrandSneckoEye","Replay:Grab Bag"],"picked":"hubris:ScarierMask"},{"not_picked":["Replay:Grab Bag","hubris:BlackHole","ReplayTheSpireMod:DimensionalGlitch"]}],"items_purged_floors":[42,81,89,94,104,106,110],"is_endless":true,"potions_floor_spawned":[2,5,12,15,19,20,23,31,39,44,46,49,56,65,67,79,82,83,88,95,101,114,116,117,121],"killed_by":"Gremlin Leader","ascension_level":4}}