{"host":"92ge7uk92o4z80va","time":1613244752,"event":{"mods":["100% Spire Juice","AchievementEnabler","Act Like it!","Aspiration","BaseMod","Beaked The Cultist","Better Third Choice","BetterRewards","Conspire","Curses Come First","Dota2Spire","Hermit","Hubris","Infinite Spire","Koishi","Lobotomy","LobotomyExtend","Marisa????????","Minty Spire (QoL Compilation)","Quick Restart","Reliquary","Replay The Spire","Small Relic Pack","Spire Arcade","StSLib","The Blue Laboratory","The Bug Knight","The Jungle","The Runesmith","The Saiyan","Wandering Minibosses"],"gold_per_floor":[114,60,79,93,103,129,129,154,180,207,223,240,240,240,240,345,345,364,364,379,396,59,59,76,105,105,105,139,151,251,266,266,371,371,381,381,35,85,38,38,371,371,417,417,447,447,460,460,460,460],"floor_reached":50,"language":"ENG","playtime":2848,"items_purged":[],"score":662,"play_id":"fd63020c-83f4-4137-9880-6f1210072ea6","local_time":"20210213143232","is_ascension_mode":true,"campfire_choices":[{"floor":7.0,"key":"REST"},{"data":"beaked:BloodRitual","floor":13.0,"key":"SMITH"},{"floor":15.0,"key":"REST"},{"floor":23.0,"key":"REST"},{"data":"DoubleSpark","floor":27.0,"key":"SMITH"},{"floor":32.0,"key":"REST"},{"data":"1","floor":40.0,"key":"LIFT"},{"data":"2","floor":44.0,"key":"LIFT"},{"floor":49.0,"key":"REST"}],"circlet_count":0,"master_deck":["Strike_MRS","Strike_MRS","Strike_MRS","Strike_MRS","Defend_MRS","Defend_MRS","Defend_MRS","Defend_MRS","MasterSpark","UpSweep","GalacticHalo","WitchLeyline","UnstableBomb","SuperPerseids","LuminesStrike","GrandCross","beaked:BloodRitual+1","MysteriousBeam","AsteroidBelt","TreasureHunter","SuperNova","DoubleSpark+1","WitchLeyline","DragonMeteor","DC","NonDirectionalLaser","NonDirectionalLaser+1","Orbital","CasketOfStar","ManaRampage","SporeBomb","ReplayTheSpireMod:Brewmster","PowerUp","GalacticHalo+1","RefractionSpark+1","SprinkleStarSeal+1","StarBarrage+1","Flex"],"relics":["BewitchedHakkero","aspiration:Nostalgia","m_ByrdBlood","LetterFromLob","Lantern","Orichalcum","Replay:Wax Seal","Blue Doll","Calipers","Magic Flower","hubris:TinFlute","Bag of Preparation","hubris:Teleporter","Velvet Choker","Happy Flower","Girya","hubris:MobiusCoin","reliquary:Aerogel","Nunchaku","Dota2Spire:BlackKingBar","aspiration:SecretTechniqueScroll","wanderingMiniBosses:Inkheart"],"acts_visited":["Exordium","Exordium","TheBeyond"],"potions_floor_usage":[50,50,50],"damage_taken":[{"damage":0.0,"enemies":"Cultist","floor":1.0,"turns":3.0},{"damage":1.0,"enemies":"Jaw Worm","floor":3.0,"turns":4.0},{"damage":6.0,"enemies":"2 Louse","floor":4.0,"turns":2.0},{"damage":7.0,"enemies":"Blue Slaver","floor":5.0,"turns":3.0},{"damage":43.0,"enemies":"HollowMod:MossKnight","floor":6.0,"turns":8.0},{"damage":16.0,"enemies":"Lagavulin","floor":8.0,"turns":4.0},{"damage":25.0,"enemies":"HollowMod:MossKnight","floor":10.0,"turns":7.0},{"damage":23.0,"enemies":"3 Louse","floor":11.0,"turns":6.0},{"damage":2.0,"enemies":"Looter","floor":12.0,"turns":3.0},{"damage":58.0,"enemies":"Hexaghost","floor":16.0,"turns":11.0},{"damage":27.0,"enemies":"theJungle:GiantWrat","floor":18.0,"turns":7.0},{"damage":47.0,"enemies":"theJungle:5_Spyders","floor":20.0,"turns":8.0},{"damage":17.0,"enemies":"theJungle:2_Snecko_Cultists","floor":21.0,"turns":4.0},{"damage":6.0,"enemies":"theJungle:SlimyTreeVines","floor":24.0,"turns":6.0},{"damage":27.0,"enemies":"theJungle:2_Phrogs","floor":25.0,"turns":5.0},{"damage":35.0,"enemies":"theJungle:Cassacara","floor":28.0,"turns":5.0},{"damage":15.0,"enemies":"Snake Plant","floor":29.0,"turns":3.0},{"damage":23.0,"enemies":"theJungle:Lyon","floor":31.0,"turns":5.0},{"damage":27.0,"enemies":"theJungle:FunGuy","floor":33.0,"turns":6.0},{"damage":5.0,"enemies":"Orb Walker","floor":35.0,"turns":3.0},{"damage":10.0,"enemies":"Mind Bloom Boss Battle","floor":38.0,"turns":6.0},{"damage":74.0,"enemies":"HollowMod:StalkingDevout","floor":41.0,"turns":10.0},{"damage":39.0,"enemies":"Nemesis","floor":45.0,"turns":7.0},{"damage":25.0,"enemies":"3 Shapes","floor":47.0,"turns":5.0},{"damage":75,"enemies":"hubris:GrandSnecko","floor":50,"turns":7}],"seed_played":"7467265647202202774","potions_obtained":[{"floor":4.0,"key":"blueLaboratory:FrostheartPotion"},{"floor":5.0,"key":"blueLaboratory:AbyssPotion"},{"floor":6.0,"key":"Explosive Potion"},{"floor":8.0,"key":"StarNLove"},{"floor":20.0,"key":"blueLaboratory:BubblePotion"},{"floor":28.0,"key":"FearPotion"},{"floor":31.0,"key":"blueLaboratory:BubblePotion"},{"floor":45.0,"key":"blueLaboratory:FruitPunch"},{"floor":47.0,"key":"Dexterity Potion"}],"is_trial":false,"path_per_floor":["M","$","M","M","M","E","R","E","T","E","M","M","R","?","R","B",null,"M","?","M","M","$","R","M","E","T","R","E","M","?","M","R","B",null,"M","?","$","?","$","R","E","?","T","R","E","AVR","M","R","B"],"character_chosen":"MARISA","items_purchased":["WitchLeyline","Magic Flower","Dota2Spire:Clarity","ReplayTheSpireMod:Brewmster","Happy Flower","PowerUp","RefractionSpark+1"],"campfire_rested":5,"item_purchase_floors":[2,22,22,37,37,37,39],"current_hp_per_floor":[75,75,75,75,74,39,61,51,51,44,31,35,35,35,57,32,75,54,54,25,14,14,36,55,52,52,52,36,30,25,11,33,40,75,75,75,75,74,74,74,30,30,30,30,14,14,28,51,0,0],"gold":460,"neow_bonus":"NOSTALGIA","is_daily":false,"chose_seed":false,"campfire_upgraded":2,"win_rate":0.0,"timestamp":1613244752,"path_taken":["M","$","?","M","M","E","R","E","T","E","M","M","R","?","R","BOSS","M","?","M","M","$","R","M","E","T","R","E","?","?","M","R","BOSS","M","?","$","?","?","R","E","?","T","R","E","AVR","M","R","BOSS"],"items_purchased_type":["Card","Relic","Potion","Card","Relic","Card","Card"],"build_version":"2020-12-22","purchased_purges":0,"victory":false,"max_hp_per_floor":[75,75,75,75,75,75,75,75,75,75,75,75,75,75,75,75,75,75,75,75,75,75,75,75,75,75,75,75,75,75,75,75,75,75,75,75,75,75,75,75,77,77,77,77,77,77,79,79,79,79],"card_choices":[{"not_picked":["ChargingUp","UnstableBomb"],"picked":"GalacticHalo","floor":1.0},{"not_picked":["PowerUp","Occultation"],"picked":"UnstableBomb","floor":3.0},{"not_picked":["PowerUp","ShootTheMoon"],"picked":"SuperPerseids","floor":4.0},{"not_picked":["GravityBeat","EarthLightRay"],"picked":"LuminesStrike","floor":5.0},{"not_picked":["PowerUp","beaked:DigDeeper"],"picked":"GrandCross","floor":6.0},{"not_picked":["IllusionStar","ManaConvection"],"picked":"beaked:BloodRitual","floor":8.0},{"not_picked":["OrrerysSun","PowerUp"],"picked":"MysteriousBeam","floor":10.0},{"not_picked":["GrandCross","LuminesStrike"],"picked":"AsteroidBelt","floor":11.0},{"not_picked":["MachineGunSpark","GalacticHalo"],"picked":"TreasureHunter","floor":12.0},{"not_picked":["ManaRampage","BinaryStars"],"picked":"SuperNova","floor":16.0},{"not_picked":["Robbery","GasGiant"],"picked":"DoubleSpark","floor":18.0},{"not_picked":["PowerUp","NonDirectionalLaser"],"picked":"WitchLeyline","floor":20.0},{"not_picked":["IllusionStar+1","SprinkleStarSeal"],"picked":"DragonMeteor","floor":21.0},{"not_picked":["UnstableBomb+1","LuminesStrike+1"],"picked":"DC","floor":24.0},{"not_picked":["ChargingUp","GrandCross"],"picked":"NonDirectionalLaser","floor":25.0},{"not_picked":["AsteroidBelt","GasGiant"],"picked":"NonDirectionalLaser+1","floor":28.0},{"not_picked":["AsteroidBelt","LuminesStrike"],"picked":"Orbital","floor":29.0},{"not_picked":["ManaConvection","GrandCross"],"picked":"CasketOfStar","floor":31.0},{"not_picked":["EscapeVelocity","BigCrunch"],"picked":"ManaRampage","floor":33.0},{"not_picked":["DC","GrandCross"],"picked":"SporeBomb","floor":35.0},{"not_picked":["EventHorizon+1","MagicAbsorber"],"picked":"GalacticHalo+1","floor":38.0},{"not_picked":["DC+1","MagicChant"],"picked":"SprinkleStarSeal+1","floor":41.0},{"not_picked":["PowerUp+1","6A+1"],"picked":"StarBarrage+1","floor":45.0},{"not_picked":["NonDirectionalLaser","beaked:BloodRitual"],"picked":"Flex","floor":47.0}],"player_experience":59897,"relics_obtained":[{"floor":1.0,"key":"LetterFromLob"},{"floor":6.0,"key":"Lantern"},{"floor":8.0,"key":"Orichalcum"},{"floor":9.0,"key":"Replay:Wax Seal"},{"floor":10.0,"key":"Blue Doll"},{"floor":16.0,"key":"Calipers"},{"floor":25.0,"key":"hubris:TinFlute"},{"floor":26.0,"key":"Bag of Preparation"},{"floor":28.0,"key":"hubris:Teleporter"},{"floor":38.0,"key":"Girya"},{"floor":41.0,"key":"hubris:MobiusCoin"},{"floor":43.0,"key":"reliquary:Aerogel"},{"floor":45.0,"key":"Nunchaku"},{"floor":47.0,"key":"wanderingMiniBosses:Inkheart"}],"event_choices":[{"damage_healed":0.0,"max_hp_gain":0.0,"max_hp_loss":0.0,"gold_gain":0.0,"event_name":"The Woman in Blue","player_choice":"Bought 0 Potions","floor":19.0,"gold_loss":0.0,"damage_taken":0.0},{"damage_healed":0.0,"max_hp_gain":0.0,"max_hp_loss":0.0,"gold_gain":0.0,"event_name":"MindBloom","player_choice":"Fight","floor":38.0,"gold_loss":0.0,"damage_taken":0.0}],"is_beta":false,"boss_relics":[{"not_picked":["Ectoplasm","conspire:RoyalGoblet"],"picked":"BewitchedHakkero"},{"not_picked":["Replay:Drink Me","hubris:CrackedHourglass"],"picked":"Velvet Choker"}],"items_purged_floors":[],"is_endless":false,"potions_floor_spawned":[4,5,6,8,11,18,20,24,28,31,45,47],"killed_by":"hubris:GrandSnecko","ascension_level":1}}