{"host":"gk9qdtkqd8dwfeg2","time":1613221309,"event":{"mods":["Act Like it!","Aspiration","BaseMod","Colored Powertips","Gensokyo","Minty Spire (QoL Compilation)","Quick Restart","Replay The Spire","Shop Mod","StSLib","TestMod","The Servant 0.9.4","Waifu the Spire","WarShipGirlsR/’ΩΩ¢…Ÿ≈ÆR mod"],"gold_per_floor":[366,366,36,53,70,70,70,96,142,159,159,59,93,93,93,167,167,181,181,201,219,267,298,298,333,409,409,409],"floor_reached":27,"language":"ZHS","playtime":715,"items_purged":["Pain","Strike_P"],"score":678,"play_id":"6cded7d4-6ed4-4eb9-8c53-5e2a20618f8a","local_time":"20210213210149","is_ascension_mode":true,"campfire_choices":[{"data":"Eruption","floor":6.0,"key":"SMITH"},{"data":"SignatureMove","floor":11.0,"key":"SMITH"},{"data":"Tantrum","floor":15.0,"key":"SMITH"},{"floor":24,"key":"REST"}],"circlet_count":0,"master_deck":["AscendersBane","Strike_P","Strike_P","Strike_P+1","Defend_P","Defend_P","Defend_P","Defend_P","Eruption+1","Vigilance","SignatureMove+1","Tantrum+1","DevaForm","AbeCurse","Fasting2","Replay:DivineShield+1","Fasting2"],"relics":["PureWater","testmod-TestBox","testmod-Prudence","WarpedTongs","MerchantsRug","Mango","Tiny Chest","Smiling Mask","Abe\u0027s Treasure","Gremlin Food","Golden Egg","Art of War","Gremlin Horn"],"acts_visited":["Exordium","Exordium"],"potions_floor_usage":[23,27],"damage_taken":[{"damage":3.0,"enemies":"Small Slimes","floor":1.0,"turns":6.0},{"damage":0.0,"enemies":"Cultist","floor":4.0,"turns":3.0},{"damage":0.0,"enemies":"Jaw Worm","floor":5.0,"turns":2.0},{"damage":0.0,"enemies":"Lagavulin","floor":8.0,"turns":2.0},{"damage":6.0,"enemies":"Blue Slaver","floor":10.0,"turns":3.0},{"damage":16.0,"enemies":"Gremlin Nob","floor":13.0,"turns":3.0},{"damage":0.0,"enemies":"Slime Boss","floor":16.0,"turns":5.0},{"damage":0.0,"enemies":"Gensokyo:CosmicMonolith","floor":18.0,"turns":1.0},{"damage":9.0,"enemies":"Gensokyo:Chomper","floor":20.0,"turns":3.0},{"damage":18.0,"enemies":"Gensokyo:Swordslinger","floor":21.0,"turns":4.0},{"damage":36,"enemies":"Gensokyo:Tenshi","floor":23,"turns":5},{"damage":20,"enemies":"Gensokyo:Reisen","floor":25,"turns":3},{"damage":16,"enemies":"Gensokyo:Tenshi","floor":27,"turns":1}],"seed_played":"-5247610228437680807","potions_obtained":[{"floor":1.0,"key":"LiquidBronze"},{"floor":8.0,"key":"PowerPotion"},{"floor":23,"key":"Cursed Concoction"}],"is_trial":false,"path_per_floor":["M","?","$","M","M","R","$","E","T","M","R","$","E","T","R","B",null,"M","?","M","M","T","E","R","E","T","E"],"character_chosen":"WATCHER","items_purchased":["MerchantsRug","Tantrum"],"campfire_rested":1,"item_purchase_floors":[3,3],"current_hp_per_floor":[58,58,58,58,58,58,58,72,72,66,66,66,50,50,50,50,70,70,70,61,43,43,7,29,9,9,0,0],"gold":409,"neow_bonus":"TWO_FIFTY_GOLD","is_daily":false,"chose_seed":false,"campfire_upgraded":3,"win_rate":0.0,"timestamp":1613221309,"path_taken":["M","?","$","M","M","R","$","E","T","M","R","?","E","?","R","BOSS","M","?","M","M","?","E","R","E","T","E"],"items_purchased_type":["Relic","Card"],"build_version":"2020-12-22","purchased_purges":2,"victory":false,"max_hp_per_floor":[62,62,62,62,62,62,62,76,76,76,76,76,76,76,76,76,76,76,76,76,76,76,76,76,76,76,76,76],"card_choices":[{"not_picked":["Perseverance","Crescendo"],"picked":"SignatureMove","floor":1.0},{"not_picked":["Tantrum","ReachHeaven","Worship"],"picked":"SKIP","floor":4.0},{"not_picked":["FlyingSleeves","Consecrate","Swivel"],"picked":"SKIP","floor":5.0},{"not_picked":["PathToVictory","JustLucky","Replay:AtTheReady"],"picked":"SKIP","floor":8.0},{"not_picked":["Prostrate","Evaluate","FlyingSleeves"],"picked":"SKIP","floor":10.0},{"not_picked":["CutThroughFate","ConjureBlade","FlurryOfBlows"],"picked":"SKIP","floor":13.0},{"not_picked":["DeusExMachina","Replay:AllIn"],"picked":"DevaForm","floor":16.0},{"not_picked":["MentalFortress","Protect","Nirvana"],"picked":"SKIP","floor":18.0},{"not_picked":["PathToVictory","Replay:Vibes","Worship"],"picked":"SKIP","floor":20.0},{"not_picked":["Replay:ManipulateFuture","CrushJoints"],"picked":"Replay:DivineShield+1","floor":21.0},{"not_picked":["FlyingSleeves","Replay:BluntJabs","Conclude"],"picked":"SKIP","floor":23},{"not_picked":["ClearTheMind","CarveReality"],"picked":"Fasting2","floor":25}],"player_experience":733622,"relics_obtained":[{"floor":8.0,"key":"Mango"},{"floor":9.0,"key":"Tiny Chest"},{"floor":13.0,"key":"Smiling Mask"},{"floor":22.0,"key":"Gremlin Food"},{"floor":23,"key":"Golden Egg"},{"floor":25,"key":"Art of War"},{"floor":26,"key":"Gremlin Horn"}],"event_choices":[{"damage_healed":0.0,"max_hp_gain":0.0,"max_hp_loss":0.0,"gold_gain":0.0,"event_name":"Accursed Blacksmith","player_choice":"Rummage","floor":2.0,"gold_loss":0.0,"damage_taken":0.0,"relics_obtained":["WarpedTongs"],"cards_obtained":["Pain"]}],"is_beta":false,"boss_relics":[{"not_picked":["ChewingGum","testmod-Fanaticism"],"picked":"Abe\u0027s Treasure"}],"items_purged_floors":[3,12],"is_endless":false,"potions_floor_spawned":[1,8,16,18,20,23],"killed_by":"Gensokyo:Tenshi","ascension_level":20}}