{"host":"itme","time":1613179097,"event":{"mods":["BaseMod","Minty Spire (QoL Compilation)","StSLib"],"gold_per_floor":[116,133,153,171,171,201,201,230,256,256,271,271,288,299,299,374,374,391,2,15,34,34,34,34,64,64,64,64,64,83,103,103,103,103],"floor_reached":33,"language":"ENG","playtime":2395,"items_purged":["Strike_G"],"score":633,"play_id":"1bdabb59-6012-4c1f-8050-9724d8b112e4","local_time":"20210212191817","is_ascension_mode":true,"campfire_choices":[{"floor":7,"key":"REST"},{"floor":10,"key":"REST"},{"data":"Corpse Explosion","floor":12,"key":"SMITH"},{"data":"Well Laid Plans","floor":15,"key":"SMITH"},{"floor":23,"key":"REST"},{"data":"Wraith Form v2","floor":27,"key":"SMITH"},{"floor":32,"key":"REST"}],"circlet_count":0,"master_deck":["AscendersBane","Defend_G","Defend_G","Defend_G","Defend_G","Defend_G","Survivor","Neutralize","Doppelganger","Well Laid Plans+1","Poisoned Stab","Flechettes","Blade Dance+1","Blade Dance","PiercingWail","Corpse Explosion+1","Outmaneuver","Calculated Gamble","Skewer","Wraith Form v2+1","Bouncing Flask","Blur","Deflect","Setup","Deflect","Blur","Bite","Bite","Bite","Bite","Bite","Backflip","Prepared+1","Cloak And Dagger+1"],"relics":["Ring of the Snake","Snake Skull","Bag of Marbles","Dream Catcher","Runic Pyramid","Sling","Bronze Scales","Toxic Egg 2"],"acts_visited":["TheCity"],"potions_floor_usage":[6,6,8,16,20,25,28,31],"damage_taken":[{"damage":4,"enemies":"Small Slimes","floor":1,"turns":4},{"damage":4,"enemies":"Jaw Worm","floor":2,"turns":5},{"damage":2,"enemies":"2 Louse","floor":3,"turns":3},{"damage":39,"enemies":"Large Slime","floor":4,"turns":9},{"damage":0,"enemies":"Lagavulin","floor":6,"turns":4},{"damage":6,"enemies":"Gremlin Nob","floor":8,"turns":3},{"damage":5,"enemies":"Blue Slaver","floor":11,"turns":4},{"damage":4,"enemies":"Looter","floor":13,"turns":3},{"damage":0,"enemies":"Large Slime","floor":14,"turns":3},{"damage":12,"enemies":"Hexaghost","floor":16,"turns":8},{"damage":26,"enemies":"Shell Parasite","floor":18,"turns":5},{"damage":20,"enemies":"2 Thieves","floor":20,"turns":3},{"damage":5,"enemies":"Centurion and Healer","floor":21,"turns":6},{"damage":22,"enemies":"Slavers","floor":25,"turns":7},{"damage":21,"enemies":"Colosseum Slavers","floor":28,"turns":6},{"damage":19,"enemies":"Colosseum Nobs","floor":28,"turns":3},{"damage":11,"enemies":"Chosen and Byrds","floor":30,"turns":7},{"damage":8,"enemies":"Snake Plant","floor":31,"turns":5},{"damage":45,"enemies":"Automaton","floor":33,"turns":10}],"seed_played":"4682155778865202218","potions_obtained":[{"floor":3,"key":"CultistPotion"},{"floor":4,"key":"FearPotion"},{"floor":6,"key":"BlessingOfTheForge"},{"floor":8,"key":"PowerPotion"},{"floor":13,"key":"LiquidBronze"},{"floor":18,"key":"Regen Potion"},{"floor":21,"key":"SmokeBomb"},{"floor":30,"key":"ColorlessPotion"}],"is_trial":false,"path_per_floor":["M","M","M","M","?","E","R","E","T","R","M","R","M","M","R","B",null,"M","$","M","M","?","R","?","E","T","R","?","?","M","M","R","B"],"character_chosen":"THE_SILENT","items_purchased":["Sling","Blur","Deflect"],"campfire_rested":4,"item_purchase_floors":[19,19,19],"current_hp_per_floor":[55,51,49,10,10,10,29,23,23,42,37,37,33,33,33,21,55,29,29,21,16,29,48,46,34,34,34,10,10,9,7,20,0,0],"gold":103,"neow_bonus":"ONE_RANDOM_RARE_CARD","is_daily":false,"chose_seed":false,"campfire_upgraded":3,"win_rate":0.0,"timestamp":1613179097,"path_taken":["M","M","M","M","?","E","R","E","T","R","M","R","M","M","R","BOSS","M","$","M","M","?","R","?","E","T","R","?","?","M","M","R","BOSS"],"items_purchased_type":["Relic","Card","Card"],"build_version":"2020-12-18","purchased_purges":1,"victory":false,"max_hp_per_floor":[66,66,66,66,66,66,66,66,66,66,66,66,66,66,66,66,66,66,66,66,66,66,66,46,46,46,46,46,46,46,46,46,46,46],"card_choices":[{"not_picked":["Acrobatics","Setup"],"picked":"Well Laid Plans","floor":1},{"not_picked":["Footwork","Deadly Poison"],"picked":"Poisoned Stab","floor":2},{"not_picked":["Eviscerate","Setup"],"picked":"Flechettes","floor":3},{"not_picked":["Escape Plan","Bane"],"picked":"Blade Dance","floor":4},{"not_picked":["Reflex","Dagger Throw"],"picked":"Blade Dance","floor":6},{"not_picked":["Distraction","Predator"],"picked":"PiercingWail","floor":8},{"not_picked":["Distraction","Dodge and Roll"],"picked":"Corpse Explosion","floor":10},{"not_picked":["Predator","Blade Dance"],"picked":"Outmaneuver","floor":11},{"not_picked":["Blade Dance","PiercingWail"],"picked":"Calculated Gamble","floor":13},{"not_picked":["Expertise","Storm of Steel"],"picked":"Skewer","floor":14},{"not_picked":["Grand Finale","Malaise"],"picked":"Wraith Form v2","floor":16},{"not_picked":["Flying Knee","Poisoned Stab"],"picked":"Bouncing Flask","floor":18},{"not_picked":["Slice","Skewer+1"],"picked":"Setup","floor":20},{"not_picked":["Deadly Poison","PiercingWail"],"picked":"Deflect","floor":21},{"not_picked":["Riddle With Holes","Escape Plan"],"picked":"Blur","floor":23},{"not_picked":["Sucker Punch","Skewer"],"picked":"Backflip","floor":25},{"not_picked":["Endless Agony","Expertise+1"],"picked":"Prepared+1","floor":30},{"not_picked":["Deflect+1","Dagger Throw"],"picked":"Cloak And Dagger+1","floor":31}],"player_experience":899845,"relics_obtained":[{"floor":6,"key":"Snake Skull"},{"floor":8,"key":"Bag of Marbles"},{"floor":9,"key":"Dream Catcher"},{"floor":25,"key":"Bronze Scales"},{"floor":26,"key":"Toxic Egg 2"}],"event_choices":[{"damage_healed":0,"gold_gain":0,"player_choice":"Grow","damage_taken":0,"max_hp_gain":0,"max_hp_loss":0,"event_name":"Living Wall","floor":5,"gold_loss":0,"cards_upgraded":["Blade Dance"]},{"damage_healed":13,"gold_gain":0,"player_choice":"Heal","damage_taken":0,"max_hp_gain":0,"max_hp_loss":0,"event_name":"The Library","floor":22,"gold_loss":0},{"damage_healed":0,"gold_gain":0,"player_choice":"Became a vampire","damage_taken":0,"max_hp_gain":0,"max_hp_loss":20,"event_name":"Vampires","floor":24,"gold_loss":0,"cards_obtained":["Bite","Bite","Bite","Bite","Bite"]},{"damage_healed":0,"gold_gain":0,"player_choice":"Fight","damage_taken":0,"max_hp_gain":0,"max_hp_loss":0,"event_name":"Colosseum","floor":28,"gold_loss":0},{"damage_healed":0,"gold_gain":0,"player_choice":"Fought Nobs","damage_taken":0,"max_hp_gain":0,"max_hp_loss":0,"event_name":"Colosseum","floor":28,"gold_loss":0}],"is_beta":true,"boss_relics":[{"not_picked":["Ectoplasm","Astrolabe"],"picked":"Runic Pyramid"}],"items_purged_floors":[19],"is_endless":false,"potions_floor_spawned":[3,4,6,8,13,18,21,30],"killed_by":"Automaton","ascension_level":20}}