{"host":"s24sb66hw4a4sfft","time":1613185738,"event":{"mods":["AchievementEnabler","BaseMod","Colored Map","Colored Powertips","Googly Eyes","Hermit","Hubris","Minty Spire (QoL Compilation)","Quick Restart","Shop Mod","StSLib"],"gold_per_floor":[118,118,118,118,130,142,189,219,231,243,299,328,377,413,425,547,559,610,631,643,655,436,436,476,476,476,476,546,561,561,581,581,685,685,699,758,307,307,339,339,382,69,92,92,110,121,130,171,171,171,171],"floor_reached":50,"language":"ENG","playtime":2140,"items_purged":["hermit:Strike_Hermit"],"score":622,"play_id":"4ed09b9b-ee33-4f5a-b82d-198d7bfa5622","local_time":"20210212220858","is_ascension_mode":false,"campfire_choices":[{"data":"hermit:Snapshot","floor":6.0,"key":"SMITH"},{"floor":15.0,"key":"REST"},{"data":"hermit:Grudge","floor":23,"key":"SMITH"},{"floor":25,"key":"REST"},{"data":"hermit:Quickdraw","floor":30,"key":"SMITH"},{"floor":32,"key":"REST"},{"data":"hermit:CursedWeapon","floor":40,"key":"SMITH"},{"floor":44,"key":"REST"},{"floor":49,"key":"REST"}],"circlet_count":0,"master_deck":["hermit:Strike_Hermit+1","hermit:Strike_Hermit+1","hermit:Defend_Hermit+1","hermit:Defend_Hermit+1","hermit:Defend_Hermit+1","hermit:Defend_Hermit+1","hermit:Snapshot+1","hermit:Covet+1","hermit:Desperado+1","hermit:Desperado+1","hermit:FlashPowder","hermit:FlashPowder","hermit:Headshot+1","hermit:FinalCanter","hermit:DeadOrAlive","hermit:Grudge+1","Shame","hermit:Quickdraw+1","hermit:Grudge+1","hermit:CursedWeapon+1","hermit:Reprieve","hermit:Snipe","hermit:Enervate","hubris:NaturalOne","Parasite","hermit:Enervate","HandOfGreed","Madness","Madness","The Bomb","hermit:LoneWolf"],"relics":["hermit:Momento","NeowsBlessing","MawBank","War Paint","CeramicFish","hubris:Towel","hubris:PeanutButter","Sundial","Black Star","Calipers","Sling","hubris:Metronome","hubris:TenFootPole","Mercury Hourglass","Blood Vial","Whetstone","Busted Crown","Dead Branch","HornCleat","Boot","hubris:Icosahedron","Anchor","Oddly Smooth Stone","Ginger","Strawberry"],"acts_visited":["Exordium","TheCity","TheBeyond"],"potions_floor_usage":[24,33],"damage_taken":[{"damage":0.0,"enemies":"2 Louse","floor":1.0,"turns":1.0},{"damage":0.0,"enemies":"Lagavulin","floor":7.0,"turns":1.0},{"damage":0.0,"enemies":"Jaw Worm","floor":8.0,"turns":1.0},{"damage":8.0,"enemies":"3 Sentries","floor":11.0,"turns":6.0},{"damage":0.0,"enemies":"Small Slimes","floor":12.0,"turns":3.0},{"damage":19.0,"enemies":"Lagavulin","floor":13.0,"turns":4.0},{"damage":0.0,"enemies":"Looter","floor":14.0,"turns":3.0},{"damage":3.0,"enemies":"Slime Boss","floor":16.0,"turns":7.0},{"damage":0.0,"enemies":"Spheric Guardian","floor":18.0,"turns":3.0},{"damage":29,"enemies":"Book of Stabbing","floor":24,"turns":6},{"damage":3,"enemies":"Slavers","floor":28,"turns":3},{"damage":0,"enemies":"3 Byrds","floor":29,"turns":2},{"damage":0,"enemies":"Centurion and Healer","floor":31,"turns":2},{"damage":124,"enemies":"Champ","floor":33,"turns":10},{"damage":1,"enemies":"Orb Walker","floor":35,"turns":3},{"damage":30,"enemies":"Mind Bloom Boss Battle","floor":36,"turns":5},{"damage":0,"enemies":"3 Shapes","floor":39,"turns":2},{"damage":25,"enemies":"Writhing Mass","floor":41,"turns":7},{"damage":0,"enemies":"4 Shapes","floor":46,"turns":3},{"damage":45,"enemies":"Giant Head","floor":48,"turns":7},{"damage":48,"enemies":"Donu and Deca","floor":50,"turns":6}],"seed_played":"-4387764023689623433","potions_obtained":[{"floor":7.0,"key":"hermit:Eclipse"},{"floor":8.0,"key":"FairyPotion"},{"floor":11.0,"key":"LiquidMemories"},{"floor":14.0,"key":"Swift Potion"},{"floor":16.0,"key":"ColorlessPotion"},{"floor":18.0,"key":"Weak Potion"},{"floor":28,"key":"Regen Potion"},{"floor":41,"key":"Ancient Potion"},{"floor":46,"key":"LiquidBronze"}],"is_trial":false,"path_per_floor":["M","?","?","?","T","R","E","M","T","?","E","M","E","M","R","B",null,"M","?","?","?","$","R","E","R","T","?","E","M","R","M","R","B",null,"M","?","$","?","M","R","M","$","T","R","?","M","?","E","R","B"],"character_chosen":"HERMIT","items_purchased":["Sling","hermit:Enervate","HornCleat","Boot","HandOfGreed","Anchor"],"campfire_rested":5,"item_purchase_floors":[22,37,37,37,42,42],"current_hp_per_floor":[75,68,68,65,65,65,65,65,65,65,57,57,38,38,60,57,75,75,75,61,61,61,61,32,56,56,56,53,55,55,57,80,7,80,79,50,50,50,80,80,55,55,55,79,74,76,76,40,66,28,28],"gold":171,"neow_bonus":"THREE_ENEMY_KILL","is_daily":false,"chose_seed":false,"campfire_upgraded":4,"win_rate":0.0,"timestamp":1613185738,"path_taken":["M","?","?","?","?","R","E","?","T","?","E","M","E","M","R","BOSS","M","?","?","?","$","R","E","R","T","?","E","M","R","M","R","BOSS","M","?","$","?","M","R","M","$","T","R","?","M","?","E","R","BOSS"],"items_purchased_type":["Relic","Card","Relic","Relic","Card","Relic"],"build_version":"2020-12-22","purchased_purges":1,"victory":false,"max_hp_per_floor":[75,75,75,75,75,75,75,75,75,75,75,75,75,75,75,75,75,75,75,80,80,80,80,80,80,80,80,80,80,80,80,80,80,80,80,80,80,80,80,80,80,80,80,80,80,80,80,87,87,87,87],"card_choices":[{"not_picked":["hermit:Coalescence","hermit:WideOpen"],"picked":"hermit:Desperado","floor":1.0},{"not_picked":["hermit:HoleUp","hermit:WideOpen"],"picked":"hermit:Desperado","floor":7.0},{"not_picked":["hermit:HoleUp","hermit:Midnight"],"picked":"hermit:FlashPowder","floor":8.0},{"not_picked":["hermit:LowProfile","hermit:NoHoldsBarred"],"picked":"hermit:FlashPowder","floor":11.0},{"not_picked":["hermit:Dive","hermit:Desperado","hermit:BodyArmor"],"picked":"SKIP","floor":12.0},{"not_picked":["hermit:ShadowCloak","hermit:CalledShot"],"picked":"hermit:Headshot","floor":13.0},{"not_picked":["hermit:Manifest","hermit:Feint"],"picked":"hermit:FinalCanter","floor":14.0},{"not_picked":["hermit:HighNoon","hermit:EternalForm"],"picked":"hermit:DeadOrAlive","floor":16.0},{"not_picked":["hermit:FlashPowder+1","hermit:ItchyTrigger"],"picked":"hermit:Grudge","floor":18.0},{"not_picked":["hermit:BlackWind","hermit:Cheat"],"picked":"hermit:Quickdraw","floor":24},{"not_picked":["hermit:Misfire","hermit:PistolWhip"],"picked":"hermit:Grudge+1","floor":28},{"not_picked":["hermit:Dissolve","hermit:FlashPowder","hermit:TakeAim"],"picked":"SKIP","floor":29},{"not_picked":["hermit:Vantage+1","hermit:TrackingShot"],"picked":"hermit:CursedWeapon","floor":31},{"not_picked":["hermit:FromBeyond","hermit:BlackWind"],"picked":"hermit:Reprieve","floor":33},{"not_picked":["hermit:SprayPray+1"],"picked":"SKIP","floor":35},{"not_picked":[],"picked":"hermit:Snipe","floor":36},{"not_picked":["hermit:Desperado"],"picked":"SKIP","floor":39},{"not_picked":[],"picked":"hermit:Enervate","floor":41},{"not_picked":["hermit:Roulette+1"],"picked":"SKIP","floor":46},{"not_picked":[],"picked":"The Bomb","floor":47},{"not_picked":[],"picked":"hermit:LoneWolf","floor":48}],"player_experience":639819,"relics_obtained":[{"floor":7.0,"key":"War Paint"},{"floor":9.0,"key":"CeramicFish"},{"floor":11.0,"key":"hubris:PeanutButter"},{"floor":13.0,"key":"Sundial"},{"floor":24,"key":"hubris:Metronome"},{"floor":24,"key":"hubris:TenFootPole"},{"floor":26,"key":"Mercury Hourglass"},{"floor":28,"key":"Blood Vial"},{"floor":28,"key":"Whetstone"},{"floor":36,"key":"Dead Branch"},{"floor":43,"key":"Oddly Smooth Stone"},{"floor":48,"key":"Ginger"},{"floor":48,"key":"Strawberry"}],"event_choices":[{"cards_removed":["hermit:Strike_Hermit"],"damage_healed":0.0,"max_hp_gain":0.0,"max_hp_loss":0.0,"gold_gain":0.0,"event_name":"Golden Wing","player_choice":"Card Removal","floor":2.0,"gold_loss":0.0,"damage_taken":7.0},{"damage_healed":0.0,"max_hp_gain":0.0,"max_hp_loss":0.0,"gold_gain":0.0,"event_name":"Scrap Ooze","player_choice":"Success","floor":4.0,"gold_loss":0.0,"damage_taken":3.0,"relics_obtained":["MawBank"]},{"damage_healed":0,"gold_gain":0,"player_choice":"Stole Relic","damage_taken":0,"relics_obtained":["Calipers"],"max_hp_gain":0,"max_hp_loss":0,"event_name":"Addict","floor":19,"gold_loss":0,"cards_obtained":["Shame"]},{"damage_healed":0,"gold_gain":0,"player_choice":"Shed Blood","damage_taken":19,"max_hp_gain":5,"max_hp_loss":0,"event_name":"Forgotten Altar","floor":20,"gold_loss":0},{"damage_healed":0,"gold_gain":0,"player_choice":"Ignored","damage_taken":0,"max_hp_gain":0,"max_hp_loss":0,"event_name":"Ghosts","floor":21,"gold_loss":0},{"damage_healed":0,"gold_gain":0,"player_choice":"Simplicity","damage_taken":0,"max_hp_gain":0,"max_hp_loss":0,"event_name":"Back to Basics","floor":27,"gold_loss":0,"cards_upgraded":["hermit:Strike_Hermit","hermit:Strike_Hermit","hermit:Defend_Hermit","hermit:Defend_Hermit","hermit:Defend_Hermit"]},{"damage_healed":0,"gold_gain":0,"player_choice":"Fight","damage_taken":0,"max_hp_gain":0,"max_hp_loss":0,"event_name":"MindBloom","floor":36,"gold_loss":0},{"damage_healed":0,"gold_gain":0,"player_choice":"Embrace Madness","damage_taken":10,"max_hp_gain":0,"max_hp_loss":0,"event_name":"Winding Halls","floor":45,"gold_loss":0,"cards_obtained":["Madness","Madness"]},{"damage_healed":0,"gold_gain":0,"player_choice":"Memory 1","damage_taken":0,"max_hp_gain":0,"max_hp_loss":0,"event_name":"SensoryStone","floor":47,"gold_loss":0}],"is_beta":false,"boss_relics":[{"not_picked":["hubris:VirtuousBlindfold","hubris:Backtick"],"picked":"Black Star"},{"not_picked":["hermit:ClaspedLocket","Runic Dome"],"picked":"Busted Crown"}],"items_purged_floors":[22],"is_endless":false,"potions_floor_spawned":[7,8,11,14,16,18,28,41,46],"killed_by":"Donu and Deca","ascension_level":0}}