{"host":"d39t2qzp2z2irjsy","time":1613220978,"event":{"mods":["BaseMod","Marisa£®ÏF”Í°°ƒß¿Ì…≥£©","Minty Spire (QoL Compilation)","StSLib","The Bug Knight","The Cursed","The Servant 0.9.4"],"gold_per_floor":[113,113,131,131,131,131,162,162,162,172,172,189,46,66,66,166,166,177,177,177,191,205,205,218,218,218,231,79,96,96,113,113,113,113],"floor_reached":33,"language":"ZHS","playtime":932,"items_purged":["Strike_B"],"score":274,"play_id":"28dcbade-4c0f-47bd-856b-357dee95277e","local_time":"20210213205618","is_ascension_mode":false,"campfire_choices":[{"data":"Zap","floor":6,"key":"SMITH"},{"floor":8,"key":"REST"},{"floor":15,"key":"REST"},{"floor":23,"key":"REST"},{"floor":25,"key":"REST"},{"floor":30,"key":"REST"},{"floor":32,"key":"REST"}],"circlet_count":0,"master_deck":["Strike_B","Strike_B","Defend_B","Defend_B","Defend_B","Zap+1","Dualcast","Redo","Cold Snap","Tempest","Multi-Cast","Ball Lightning","Ball Lightning","Chill","Thunder Strike","Storm","Machine Learning","Ball Lightning+1","Hello World","Ball Lightning","Ball Lightning+1"],"relics":["Cracked Core","Bird Faced Urn","Bronze Scales","Question Card","Potion Belt","Thread and Needle","Orrery","Busted Crown","Pear"],"acts_visited":["Exordium","TheCity"],"potions_floor_usage":[],"damage_taken":[{"damage":7,"enemies":"Small Slimes","floor":1,"turns":3},{"damage":0,"enemies":"Cultist","floor":3,"turns":2},{"damage":25,"enemies":"3 Sentries","floor":7,"turns":6},{"damage":7,"enemies":"2 Louse","floor":10,"turns":2},{"damage":9,"enemies":"2 Fungi Beasts","floor":12,"turns":3},{"damage":0,"enemies":"Exordium Wildlife","floor":14,"turns":3},{"damage":16,"enemies":"Slime Boss","floor":16,"turns":9},{"damage":1,"enemies":"Spheric Guardian","floor":18,"turns":3},{"damage":2,"enemies":"2 Thieves","floor":21,"turns":3},{"damage":42,"enemies":"Shelled Parasite and Fungi","floor":22,"turns":5},{"damage":7,"enemies":"Snake Plant","floor":24,"turns":3},{"damage":40,"enemies":"3 Cultists","floor":27,"turns":4},{"damage":7,"enemies":"Chosen and Byrds","floor":29,"turns":3},{"damage":17,"enemies":"Snake Plant","floor":31,"turns":3},{"damage":71,"enemies":"Collector","floor":33,"turns":5}],"seed_played":"-6392088062027474238","potions_obtained":[{"floor":14,"key":"BlessingOfTheForge"},{"floor":16,"key":"SkillPotion"},{"floor":18,"key":"DuplicationPotion"},{"floor":21,"key":"SpeedPotion"},{"floor":27,"key":"FearPotion"}],"is_trial":false,"path_per_floor":["M","?","M","?","?","R","E","R","T","M","?","M","$","M","R","B",null,"M","?","?","M","M","R","M","R","T","M","$","M","R","M","R","B"],"character_chosen":"DEFECT","items_purchased":["Orrery","Hello World"],"campfire_rested":6,"item_purchase_floors":[13,28],"current_hp_per_floor":[61,54,54,54,54,54,29,49,49,42,35,26,26,26,46,32,68,68,68,68,68,26,46,39,59,69,31,31,30,53,40,63,0,0],"gold":113,"neow_bonus":"ONE_RARE_RELIC","is_daily":false,"chose_seed":false,"campfire_upgraded":1,"win_rate":0.0,"timestamp":1613220978,"path_taken":["M","?","M","?","?","R","E","R","T","?","?","M","$","M","R","BOSS","M","?","?","M","?","R","M","R","T","?","$","M","R","?","R","BOSS"],"items_purchased_type":["Relic","Card"],"build_version":"2020-12-22","purchased_purges":1,"victory":false,"max_hp_per_floor":[68,68,68,68,68,68,68,68,68,68,68,68,68,68,68,68,68,68,68,68,68,68,68,68,68,78,78,78,78,78,78,78,78,78],"card_choices":[{"not_picked":["Stack","Go for the Eyes","Gash"],"picked":"SKIP","floor":1},{"not_picked":["Fusion","Genetic Algorithm"],"picked":"Redo","floor":3},{"not_picked":["Sweeping Beam","Rebound","Fusion","Undo"],"picked":"SKIP","floor":7},{"not_picked":["Cold Snap","Conserve Battery","Doom and Gloom"],"picked":"Tempest","floor":10},{"not_picked":["Reprogram","Cold Snap","Leap"],"picked":"Multi-Cast","floor":12},{"not_picked":["Streamline","Gash","Scrape"],"picked":"Ball Lightning","floor":13},{"not_picked":["Coolheaded","Stack","Conserve Battery"],"picked":"Ball Lightning","floor":13},{"not_picked":["Darkness","Stack","Skim"],"picked":"Chill","floor":13},{"not_picked":["Fusion","Lockon","Melter"],"picked":"Thunder Strike","floor":13},{"not_picked":["Conserve Battery","Genetic Algorithm","Ball Lightning"],"picked":"Storm","floor":14},{"not_picked":["Amplify","Buffer","Reboot"],"picked":"Machine Learning","floor":16},{"not_picked":["Sweeping Beam+1"],"picked":"Ball Lightning+1","floor":18},{"not_picked":["Rebound","Compile Driver"],"picked":"SKIP","floor":21},{"not_picked":["Go for the Eyes+1","Reprogram"],"picked":"SKIP","floor":22},{"not_picked":["Compile Driver","Scrape+1"],"picked":"SKIP","floor":24},{"not_picked":["Gash","Go for the Eyes+1"],"picked":"SKIP","floor":27},{"not_picked":["Gash"],"picked":"Ball Lightning","floor":29},{"not_picked":["BootSequence+1"],"picked":"Ball Lightning+1","floor":31}],"player_experience":19463,"relics_obtained":[{"floor":7,"key":"Potion Belt"},{"floor":9,"key":"Thread and Needle"},{"floor":26,"key":"Pear"}],"event_choices":[{"damage_healed":0,"gold_gain":0,"player_choice":"Success","damage_taken":7,"relics_obtained":["Bronze Scales"],"max_hp_gain":0,"max_hp_loss":0,"event_name":"Scrap Ooze","floor":2,"gold_loss":0},{"damage_healed":0,"gold_gain":0,"player_choice":"Box","damage_taken":0,"relics_obtained":["Question Card"],"max_hp_gain":0,"max_hp_loss":0,"event_name":"Big Fish","floor":4,"gold_loss":0,"cards_obtained":["Regret"]},{"damage_healed":0,"gold_gain":0,"cards_transformed":["Strike_B"],"player_choice":"Transformed","damage_taken":0,"max_hp_gain":0,"max_hp_loss":0,"event_name":"Transmorgrifier","floor":5,"gold_loss":0,"cards_obtained":["Cold Snap"]},{"cards_removed":["Regret"],"damage_healed":0,"gold_gain":0,"player_choice":"Card Removal","damage_taken":7,"max_hp_gain":0,"max_hp_loss":0,"event_name":"Golden Wing","floor":11,"gold_loss":0},{"damage_healed":0,"gold_gain":0,"player_choice":"Ignored","damage_taken":0,"max_hp_gain":0,"max_hp_loss":0,"event_name":"Vampires","floor":19,"gold_loss":0},{"cards_removed":["Defend_B"],"damage_healed":0,"gold_gain":0,"player_choice":"Elegance","damage_taken":0,"max_hp_gain":0,"max_hp_loss":0,"event_name":"Back to Basics","floor":20,"gold_loss":0}],"is_beta":false,"boss_relics":[{"not_picked":["Velvet Choker","Runic Dome"],"picked":"Busted Crown"}],"items_purged_floors":[28],"is_endless":false,"potions_floor_spawned":[14,16,18,21,27],"killed_by":"Collector","ascension_level":0}}