{"host":"6qo42zgaknezulyg","time":1613205194,"event":{"mods":["2.2 Compatiblity","BaseMod","Better Altar","Colored Map","Faster Ascension Climbing","Highlight Path","Keyboard Shortcuts","Minty Spire (QoL Compilation)","Permanent Neow","Quick Restart","Reimu£¨ÚÏ???£©","StSLib","SuperFastMode"],"gold_per_floor":[116,128,138,288,303,330,92,92,141,166,166,194,194,28,28,101,101,77,77,97,97,147,147,137,137,137,147,147,147],"floor_reached":28,"language":"ENG","playtime":1426,"items_purged":["Doubt"],"score":508,"play_id":"8f625e57-8194-4c98-9d3b-eedd38407c62","local_time":"20210213173314","is_ascension_mode":true,"campfire_choices":[{"floor":8.0,"key":"REST"},{"floor":11.0,"key":"REST"},{"floor":13.0,"key":"REST"},{"data":"CleanRite:ReiMu","floor":15.0,"key":"SMITH"},{"data":"Free:ReiMu","floor":23,"key":"SMITH"},{"floor":25,"key":"REST"}],"circlet_count":0,"master_deck":["AscendersBane","Strike_Lin:ReiMu","Strike_Lin:ReiMu","Strike_Lin:ReiMu","Strike_Lin:ReiMu","Defend_Lin:ReiMu","Defend_Lin:ReiMu","Defend_Lin:ReiMu","Defend_Lin:ReiMu","NB:ReiMu","Stagnation:ReiMu","Free:ReiMu+1","ForcedLanding:ReiMu","AirManeuver:ReiMu","Crusade:ReiMu","CleanRite:ReiMu+1","SealNeedle:ReiMu","BlastKick2:ReiMu","FantasyMoon:ReiMu"],"relics":["FlyPower:ReiMu","StrikeDummy","Omamori","Orichalcum","Tea:ReiMu","HandDrill","Velvet Choker","Eternal Feather","BodyOfKamiR:ReiMu"],"acts_visited":["Exordium","TheCity"],"potions_floor_usage":[24],"damage_taken":[{"damage":0.0,"enemies":"Cultist","floor":1.0,"turns":3.0},{"damage":4.0,"enemies":"2 Louse","floor":2.0,"turns":3.0},{"damage":5.0,"enemies":"Small Slimes","floor":3.0,"turns":5.0},{"damage":1.0,"enemies":"2 Fungi Beasts","floor":5.0,"turns":2.0},{"damage":26.0,"enemies":"3 Sentries","floor":6.0,"turns":9.0},{"damage":30.0,"enemies":"Lagavulin","floor":10.0,"turns":7.0},{"damage":16.0,"enemies":"Gremlin Nob","floor":12.0,"turns":4.0},{"damage":27.0,"enemies":"Hexaghost","floor":16.0,"turns":12.0},{"damage":19.0,"enemies":"2 Thieves","floor":18.0,"turns":4.0},{"damage":4.0,"enemies":"Chosen","floor":20.0,"turns":6.0},{"damage":36,"enemies":"Gremlin Leader","floor":24,"turns":4},{"damage":13,"enemies":"Centurion and Healer","floor":27,"turns":8},{"damage":18,"enemies":"Sentry and Sphere","floor":28,"turns":4}],"seed_played":"-995559263177961562","potions_obtained":[{"floor":1.0,"key":"Explosive Potion"},{"floor":2.0,"key":"GamblersBrew"},{"floor":6.0,"key":"Fire Potion"},{"floor":18.0,"key":"FearPotion"}],"is_trial":false,"path_per_floor":["M","M","M","?","M","E","$","R","T","E","R","E","R","$","R","B",null,"M","?","M","?","?","R","E","R","T","M","M"],"character_chosen":"REIMU","items_purchased":["CleanRite:ReiMu","SealNeedle:ReiMu","HandDrill"],"campfire_rested":4,"item_purchase_floors":[7,7,14],"current_hp_per_floor":[54,50,45,45,44,18,18,36,36,6,24,8,26,26,44,17,49,30,30,26,38,38,38,2,29,29,16,0,0],"gold":147,"neow_bonus":"ONE_RANDOM_RARE_CARD","is_daily":false,"chose_seed":false,"campfire_upgraded":2,"win_rate":0.0,"timestamp":1613205194,"path_taken":["M","M","M","?","M","E","$","R","T","E","R","E","R","$","R","BOSS","M","?","M","?","?","R","E","R","T","M","M"],"items_purchased_type":["Card","Card","Relic"],"build_version":"2020-12-22","purchased_purges":1,"victory":false,"max_hp_per_floor":[60,60,60,60,60,60,60,60,60,60,60,60,60,60,60,60,60,60,60,60,60,60,60,60,60,60,60,60,60],"card_choices":[{"not_picked":["PayForSelf:ReiMu","SubcavityInstant:ReiMu"],"picked":"ForcedLanding:ReiMu","floor":1.0},{"not_picked":["OrbThrow:ReiMu","Conquer:ReiMu"],"picked":"AirManeuver:ReiMu","floor":2.0},{"not_picked":["SpreadBorder2:ReiMu","SafetyPray:ReiMu","ManaGlint:ReiMu"],"picked":"SKIP","floor":3.0},{"not_picked":["SpreadBorder2:ReiMu","SafetyPray:ReiMu","ManaGlint:ReiMu"],"picked":"SKIP","floor":3.0},{"not_picked":["Meditation:ReiMu","OrbThrow:ReiMu","Intuition:ReiMu"],"picked":"SKIP","floor":5.0},{"not_picked":["UpKicking:ReiMu","SpreadBorder2:ReiMu"],"picked":"Crusade:ReiMu","floor":6.0},{"not_picked":["YinYangSange:ReiMu","NineCharacters:ReiMu","OctopathBindingBorder2:ReiMu"],"picked":"SKIP","floor":10.0},{"not_picked":["YinYangSange:ReiMu","PassingAway:ReiMu","LovePray:ReiMu"],"picked":"SKIP","floor":12.0},{"not_picked":["CeremonyResonance:ReiMu","CleanRite:ReiMu"],"picked":"BlastKick2:ReiMu","floor":16.0},{"not_picked":["Crusade:ReiMu","WonderfulDomain:ReiMu"],"picked":"FantasyMoon:ReiMu","floor":18.0},{"not_picked":["Enchanting:ReiMu","SpreadBorder2:ReiMu","FantasyMoon:ReiMu"],"picked":"SKIP","floor":20.0},{"not_picked":["OctopathBindingBorder2:ReiMu","AlertArray:ReiMu","Crusade:ReiMu"],"picked":"SKIP","floor":24},{"not_picked":["Conquer:ReiMu","AlertArray:ReiMu","DoubleButterfly:ReiMu"],"picked":"SKIP","floor":27}],"player_experience":729297,"relics_obtained":[{"floor":6.0,"key":"StrikeDummy"},{"floor":9.0,"key":"Omamori"},{"floor":10.0,"key":"Orichalcum"},{"floor":12.0,"key":"Tea:ReiMu"},{"floor":24,"key":"Eternal Feather"},{"floor":26,"key":"BodyOfKamiR:ReiMu"}],"event_choices":[{"damage_healed":0.0,"max_hp_gain":0.0,"max_hp_loss":0.0,"gold_gain":150.0,"event_name":"Liars Game","player_choice":"AGREE","floor":4.0,"gold_loss":0.0,"damage_taken":0.0,"cards_obtained":["Doubt"]},{"damage_healed":0.0,"max_hp_gain":0.0,"max_hp_loss":0.0,"gold_gain":0.0,"event_name":"Vampires","player_choice":"Ignored","floor":19.0,"gold_loss":0.0,"damage_taken":0.0},{"damage_healed":12,"gold_gain":0,"player_choice":"Heal","damage_taken":0,"max_hp_gain":0,"max_hp_loss":0,"event_name":"The Library","floor":21,"gold_loss":0},{"damage_healed":0,"gold_gain":50,"player_choice":"Stole From Cult","damage_taken":0,"max_hp_gain":0,"max_hp_loss":0,"event_name":"Nest","floor":22,"gold_loss":0}],"is_beta":false,"boss_relics":[{"not_picked":["Coffee Dripper","Pandora\u0027s Box"],"picked":"Velvet Choker"}],"items_purged_floors":[7],"is_endless":false,"potions_floor_spawned":[1,2,6,18],"killed_by":"Sentry and Sphere","ascension_level":20}}