{"host":"7k2a2omxz3voj5ax","time":1613243156,"event":{"mods":["BaseMod","Marisa£¨ìFÓê¡¡Ä§ÀíÉ³£©","Minty Spire (QoL Compilation)","Quick Restart","Spicy Shops","StSLib","Starting Relic: Pandora\u0027s Box","Yakumo Yukari mod","¡¾ÒÅÎï¿¨ÅÆ¡¿REMEMod","óô»ðÖ¸ÄÏ"],"gold_per_floor":[118,118,118,118,118,118,551,590,116,116,116,155,171,192,129,129,173,197,197,322,322,346,261,281,299,315,315,355,374,374,422,435,471,489,489,489,524,548,8,8,133,133,158,182,39,39,58,105,105,141,165,208,208,229,229,28,42,65,65,65,65,65,65,65,98,98],"floor_reached":67,"language":"ZHS","playtime":2935,"items_purged":["Compile Driver","FTL+1","Dualcast","Steam+1","Streamline"],"score":1870,"play_id":"9d82e306-dc70-4254-8634-8a4c1077226c","local_time":"20210214040556","is_ascension_mode":true,"campfire_choices":[{"data":"Human_Monster_Realm_purple","floor":6.0,"key":"SMITH"},{"data":"Coolheaded","floor":16.0,"key":"SMITH"},{"data":"Consume","floor":19.0,"key":"SMITH"},{"data":"Buffer","floor":27.0,"key":"SMITH"},{"data":"Double Energy","floor":35.0,"key":"SMITH"},{"data":"Heatsinks","floor":40.0,"key":"SMITH"},{"floor":49,"key":"RECALL"},{"data":"Seek","floor":55,"key":"SMITH"},{"data":"Skim","floor":59,"key":"SMITH"},{"data":"Reboot","floor":60,"key":"SMITH"},{"data":"Multi-Cast","floor":63,"key":"SMITH"}],"circlet_count":0,"master_deck":["Zap+1","Heatsinks+1","Genetic Algorithm","Tempest","Human_Monster_Realm_purple+1","Ball Lightning","Consume+1","Seek+1","Reboot+1","Buffer+1","Turbo+1","Human_Monster_Realm_purple+1","Coolheaded+1","Skim+1","Double Energy+1","Creative AI","Coolheaded+1","Double Energy+1","Multi-Cast+1","Hologram+1","Turbo+1","Aggregate+1","Meteor Strike","Necronomicurse","Capacitor+1","Capacitor+1","Thunder Strike","REME_SelfUpgrade+1","Glacier+1","Stack+1","Biased Cognition+1","Tempest"],"relics":["Pandora\u0027s Box","REME_ComplimentaryCards","NeowsBlessing","Cables","Golden Idol","Runic Capacitor","Anchor","Orrery","Letter Opener","War Paint","Prayer Wheel","DollysMirror","Eternal Feather","Sundial","REME_PuzzleBoxRelic","Girya","SacredBark","Bag of Preparation","Ancient Tea Set","Smiling Mask","Tiny Chest","Necronomicon","Darkstone Periapt","DataDisk","Frozen Egg 2","Black Star","Membership Card","Mercury Hourglass","Boot","Mummified Hand","Ice Cream","Bag of Marbles","Kunai","Lantern","REME_HandOfSuture","Ornamental Fan","Bottled Tornado"],"acts_visited":["Exordium","TheCity","TheBeyond","TheEnding"],"potions_floor_usage":[66,66],"damage_taken":[{"damage":0.0,"enemies":"2 Louse","floor":1.0,"turns":1.0},{"damage":0.0,"enemies":"Gremlin Nob","floor":8.0,"turns":1.0},{"damage":0.0,"enemies":"3 Sentries","floor":12.0,"turns":2.0},{"damage":0.0,"enemies":"Jaw Worm","floor":13.0,"turns":1.0},{"damage":0.0,"enemies":"Small Slimes","floor":14.0,"turns":2.0},{"damage":8.0,"enemies":"Gremlin Nob","floor":17.0,"turns":3.0},{"damage":0.0,"enemies":"Looter","floor":18.0,"turns":2.0},{"damage":0.0,"enemies":"Hexaghost","floor":20.0,"turns":4.0},{"damage":5.0,"enemies":"2 Thieves","floor":22.0,"turns":3.0},{"damage":0.0,"enemies":"Spheric Guardian","floor":24.0,"turns":3.0},{"damage":6.0,"enemies":"Shelled Parasite and Fungi","floor":25.0,"turns":2.0},{"damage":0.0,"enemies":"Snecko","floor":26.0,"turns":5.0},{"damage":0.0,"enemies":"Book of Stabbing","floor":28.0,"turns":5.0},{"damage":0.0,"enemies":"3 Cultists","floor":29.0,"turns":3.0},{"damage":0.0,"enemies":"Cultist and Chosen","floor":32.0,"turns":3.0},{"damage":0.0,"enemies":"Slavers","floor":33.0,"turns":1.0},{"damage":0.0,"enemies":"Snake Plant","floor":34.0,"turns":2.0},{"damage":0.0,"enemies":"Gremlin Leader","floor":37.0,"turns":1.0},{"damage":0.0,"enemies":"Snecko","floor":38.0,"turns":1.0},{"damage":0.0,"enemies":"Champ","floor":41.0,"turns":2.0},{"damage":0.0,"enemies":"Orb Walker","floor":43.0,"turns":2.0},{"damage":0,"enemies":"3 Darklings","floor":44,"turns":5},{"damage":0,"enemies":"Sphere and 2 Shapes","floor":47,"turns":2},{"damage":0,"enemies":"Nemesis","floor":50,"turns":5},{"damage":0,"enemies":"Jaw Worm Horde","floor":51,"turns":3},{"damage":0,"enemies":"Reptomancer","floor":52,"turns":1},{"damage":0,"enemies":"Maw","floor":54,"turns":3},{"damage":0,"enemies":"Spire Growth","floor":57,"turns":2},{"damage":0,"enemies":"3 Darklings","floor":58,"turns":3},{"damage":0,"enemies":"Awakened One","floor":61,"turns":4},{"damage":0,"enemies":"Shield and Spear","floor":65,"turns":1},{"damage":36,"enemies":"The Heart","floor":66,"turns":4}],"seed_played":"915296714479749840","potions_obtained":[{"floor":1.0,"key":"FocusPotion"},{"floor":18.0,"key":"Fire Potion"},{"floor":20.0,"key":"LiquidBronze"},{"floor":24.0,"key":"LiquidMemories"},{"floor":26.0,"key":"REME_GoldPotion"},{"floor":37.0,"key":"LiquidMemories"},{"floor":47,"key":"Regen Potion"},{"floor":52,"key":"Weak Potion"}],"is_trial":false,"path_per_floor":["M","?","?","?","?","R","$","E","$","T","T","E","M","M","$","R","E","M","R","B",null,"M","?","M","M","M","R","E","M","T","T","M","E","M","R","?","E","M","$","R","B",null,"M","M","$","?","M","T","R","E","M","E","T","M","R","$","M","M","R","R","B",null,"R","$","E","B",null],"character_chosen":"DEFECT","items_purchased":["Runic Capacitor","Anchor","Orrery","War Paint","Prayer Wheel","DollysMirror","Coolheaded","DataDisk","Frozen Egg 2","Capacitor+1","Membership Card","Lantern","REME_HandOfSuture"],"campfire_rested":0,"item_purchase_floors":[7,7,7,9,9,9,15,39,39,39,45,56,56],"current_hp_per_floor":[75,68,53,53,53,53,53,53,53,53,53,53,53,53,53,62,54,54,63,63,69,64,64,64,58,58,69,69,69,69,69,69,69,69,69,53,53,53,53,68,68,69,69,69,69,69,69,69,69,69,69,69,69,69,69,69,69,69,69,69,69,69,69,69,69,43],"gold":98,"neow_bonus":"THREE_ENEMY_KILL","is_daily":false,"chose_seed":false,"campfire_upgraded":10,"win_rate":0.0,"timestamp":1613243156,"path_taken":["M","?","?","?","?","R","?","E","$","T","T","E","M","?","$","R","E","M","R","BOSS","M","?","M","M","M","R","E","M","T","T","M","E","M","R","?","E","M","$","R","BOSS","M","M","$","?","?","?","R","E","M","E","T","?","R","$","M","M","R","R","BOSS","R","$","E","BOSS"],"items_purchased_type":["Relic","Relic","Relic","Relic","Relic","Relic","Card","Relic","Relic","Card","Relic","Relic","Relic"],"build_version":"2020-12-22","purchased_purges":5,"victory":true,"max_hp_per_floor":[75,75,75,69,69,69,69,69,69,69,69,69,69,69,69,69,69,69,69,69,69,69,69,69,69,69,69,69,69,69,69,69,69,69,69,69,69,69,69,69,69,69,69,69,69,69,69,69,69,69,69,69,69,69,69,69,69,69,69,69,69,69,69,69,69,69],"card_choices":[{"not_picked":["Hologram","REME_Compress"],"picked":"Ball Lightning","floor":1.0},{"not_picked":["Barrage","Sweeping Beam"],"picked":"Consume","floor":7.0},{"not_picked":["Redo","Go for the Eyes"],"picked":"Seek","floor":7.0},{"not_picked":["Compile Driver","Cold Snap"],"picked":"Reboot","floor":7.0},{"not_picked":["Gash","BootSequence"],"picked":"Buffer","floor":7.0},{"not_picked":["Lockon","Scrape"],"picked":"Turbo","floor":8.0},{"not_picked":["Sweeping Beam","Hologram","Consume"],"picked":"SKIP","floor":12.0},{"not_picked":["Rebound","Go for the Eyes","Melter"],"picked":"SKIP","floor":13.0},{"not_picked":["Hologram","Rebound","Force Field"],"picked":"SKIP","floor":13.0},{"not_picked":["Redo","BootSequence","Scrape"],"picked":"SKIP","floor":14.0},{"not_picked":["REME_Compress","Tempest","Reinforced Body"],"picked":"SKIP","floor":14.0},{"not_picked":["Ball Lightning","Cold Snap"],"picked":"Skim","floor":17.0},{"not_picked":["Barrage","Aggregate"],"picked":"Double Energy","floor":18.0},{"not_picked":["Consume","Compile Driver","Barrage"],"picked":"SKIP","floor":18.0},{"not_picked":["Buffer","Rainbow"],"picked":"Creative AI","floor":20.0},{"not_picked":["Compile Driver","Barrage","Beam Cell"],"picked":"SKIP","floor":22.0},{"not_picked":["Steam","Beam Cell","Go for the Eyes"],"picked":"SKIP","floor":22.0},{"not_picked":["Stack","Sweeping Beam","Rip and Tear+1"],"picked":"SKIP","floor":24.0},{"not_picked":["Gash","Rebound","Chaos"],"picked":"SKIP","floor":24.0},{"not_picked":["Double Energy","Undo"],"picked":"Coolheaded+1","floor":25.0},{"not_picked":["Redo","Stack"],"picked":"Double Energy+1","floor":25.0},{"not_picked":["Compile Driver+1","Rebound"],"picked":"Multi-Cast","floor":26.0},{"not_picked":["BootSequence","Barrage"],"picked":"Hologram+1","floor":26.0},{"not_picked":["REME_ForAll","Compile Driver+1","Seek"],"picked":"SKIP","floor":28.0},{"not_picked":["Beam Cell","Redo","Gash"],"picked":"SKIP","floor":29.0},{"not_picked":["Streamline","Compile Driver","Rebound"],"picked":"SKIP","floor":29.0},{"not_picked":["Chill","Leap+1"],"picked":"Turbo+1","floor":32.0},{"not_picked":["Undo+1","Rebound+1","Conserve Battery"],"picked":"SKIP","floor":32.0},{"not_picked":["Compile Driver","Leap","Darkness"],"picked":"SKIP","floor":33.0},{"not_picked":["Rip and Tear","Coolheaded"],"picked":"Aggregate+1","floor":34.0},{"not_picked":["Hologram","Leap"],"picked":"Meteor Strike","floor":34.0},{"not_picked":["REME_DataAnalysis","Go for the Eyes","Beam Cell"],"picked":"SKIP","floor":37.0},{"not_picked":["Redo","Steam Power"],"picked":"Capacitor+1","floor":38.0},{"not_picked":["Go for the Eyes","Conserve Battery","Ball Lightning"],"picked":"SKIP","floor":38.0},{"not_picked":["Machine Learning+1","Seek"],"picked":"Thunder Strike","floor":41.0},{"not_picked":["Barrage","Rebound"],"picked":"REME_SelfUpgrade+1","floor":43.0},{"not_picked":["Chill","Steam","Consume"],"picked":"SKIP","floor":43.0},{"not_picked":["Cold Snap+1","Heatsinks+1","Turbo","Redo+1"],"picked":"Glacier+1","floor":44},{"not_picked":["Conserve Battery","Turbo","Steam Power+1","White Noise+1"],"picked":"Stack+1","floor":44},{"not_picked":["Sweeping Beam+1","Hologram"],"picked":"Biased Cognition+1","floor":47},{"not_picked":["Turbo+1","Coolheaded","Sunder"],"picked":"SKIP","floor":47},{"not_picked":["Leap+1","All For One"],"picked":"Tempest","floor":50},{"not_picked":["Sunder+1","Compile Driver+1","REME_Compress+1","Coolheaded","Sweeping Beam"],"picked":"SKIP","floor":51},{"not_picked":["REME_SelfUpgrade+1","Rip and Tear+1","Coolheaded","Reprogram+1","Cold Snap+1"],"picked":"SKIP","floor":51},{"not_picked":["Reinforced Body+1","Go for the Eyes+1","Cold Snap+1","Stack","Steam"],"picked":"SKIP","floor":52},{"not_picked":["Blizzard","Beam Cell","Streamline","Steam","All For One"],"picked":"SKIP","floor":54},{"not_picked":["Turbo+1","Darkness","Barrage+1","Steam","Go for the Eyes+1"],"picked":"SKIP","floor":54},{"not_picked":["Conserve Battery+1","Sweeping Beam","Coolheaded+1","Rip and Tear","Melter"],"picked":"SKIP","floor":57},{"not_picked":["Genetic Algorithm","Compile Driver+1","Undo","White Noise","Ball Lightning+1"],"picked":"SKIP","floor":57},{"not_picked":["Turbo+1","Compile Driver+1","Redo+1","Hologram","Sweeping Beam"],"picked":"SKIP","floor":58},{"not_picked":["Ball Lightning","Seek","REME_SelfUpgrade+1","Coolheaded+1","Compile Driver"],"picked":"SKIP","floor":58},{"not_picked":["Scrape+1","White Noise","Steam","Reinforced Body","Compile Driver+1"],"picked":"SKIP","floor":65}],"player_experience":267344,"relics_obtained":[{"floor":8.0,"key":"Letter Opener"},{"floor":10.0,"key":"Eternal Feather"},{"floor":11.0,"key":"Sundial"},{"floor":12.0,"key":"REME_PuzzleBoxRelic"},{"floor":17.0,"key":"Girya"},{"floor":28.0,"key":"Ancient Tea Set"},{"floor":30.0,"key":"Smiling Mask"},{"floor":33.0,"key":"Tiny Chest"},{"floor":36.0,"key":"Necronomicon"},{"floor":37.0,"key":"Darkstone Periapt"},{"floor":48,"key":"Boot"},{"floor":50,"key":"Mummified Hand"},{"floor":50,"key":"Ice Cream"},{"floor":52,"key":"Bag of Marbles"},{"floor":53,"key":"Kunai"},{"floor":65,"key":"Ornamental Fan"},{"floor":65,"key":"Bottled Tornado"}],"event_choices":[{"damage_healed":0.0,"max_hp_gain":0.0,"max_hp_loss":0.0,"gold_gain":0.0,"event_name":"Scrap Ooze","player_choice":"Success","floor":2.0,"gold_loss":0.0,"damage_taken":7.0,"relics_obtained":["Cables"]},{"damage_healed":0.0,"max_hp_gain":0.0,"max_hp_loss":0.0,"gold_gain":0.0,"event_name":"Shining Light","player_choice":"Entered Light","floor":3.0,"gold_loss":0.0,"damage_taken":15.0,"cards_upgraded":["FTL","Steam"]},{"damage_healed":0.0,"max_hp_gain":0.0,"max_hp_loss":6.0,"gold_gain":0.0,"event_name":"Golden Idol","player_choice":"Lose Max HP","floor":4.0,"gold_loss":0.0,"damage_taken":0.0,"relics_obtained":["Golden Idol"]},{"cards_removed":["Compile Driver"],"damage_healed":0.0,"max_hp_gain":0.0,"max_hp_loss":0.0,"gold_gain":0.0,"event_name":"Living Wall","player_choice":"Forget","floor":5.0,"gold_loss":0.0,"damage_taken":0.0},{"damage_healed":0.0,"max_hp_gain":0.0,"max_hp_loss":0.0,"gold_gain":0.0,"event_name":"Addict","player_choice":"Obtained Relic","floor":23.0,"gold_loss":85.0,"damage_taken":0.0,"relics_obtained":["Bag of Preparation"]},{"damage_healed":0.0,"max_hp_gain":0.0,"max_hp_loss":0.0,"gold_gain":0.0,"event_name":"Cursed Tome","player_choice":"Obtained Book","floor":36.0,"gold_loss":0.0,"damage_taken":16.0},{"damage_healed":0,"gold_gain":0,"player_choice":"Gave Potion","damage_taken":0,"relics_obtained":["Mercury Hourglass"],"max_hp_gain":0,"max_hp_loss":0,"event_name":"WeMeetAgain","floor":46,"gold_loss":0}],"is_beta":false,"boss_relics":[{"not_picked":["Ectoplasm","Busted Crown"],"picked":"SacredBark"},{"not_picked":["Cursed Key","SlaversCollar"],"picked":"Black Star"}],"items_purged_floors":[7,9,39,39,56],"is_endless":false,"potions_floor_spawned":[1,18,20,24,26,28,34,37,47,52,57,58],"ascension_level":1}}