{"host":"phapnj0danpxvjlm","time":1613255840,"event":{"mods":["BaseMod","Better Note","Better Third Choice","BetterRewards","Bossed Relics","Colored Powertips","Downfall","Hermit","Minty Spire (QoL Compilation)","Permanent Neow","Quick Restart","Rare Cards Sparkle","Spire Arcade","StSLib","The Animator","The Necromancer","The Wild Card"],"gold_per_floor":[99,109,109,135,154,254,281,117,17,34,134,151,151,162,174,278,278,278,291,291,309,322,332,332,332,332,345,345,345,345,355,375,473,473,473,491,508,521,540,540,540,540],"floor_reached":40,"language":"ENG","playtime":1978,"items_purged":[],"score":409,"play_id":"c4ef0f1f-c47e-434a-8b24-8d3d5e63851b","local_time":"20210213233720","is_ascension_mode":false,"campfire_choices":[{"floor":1,"key":"RECALL"},{"data":"Guardian:WalkerClaw","floor":9,"key":"SMITH"},{"data":"Guardian:BodySlam","floor":13,"key":"SMITH"},{"data":"Guardian:PrismaticBeam","floor":18,"key":"SMITH"},{"floor":26,"key":"REST"},{"data":"Guardian:Orbwalk","floor":30,"key":"SMITH"},{"data":"Guardian:StasisStrike","floor":35,"key":"SMITH"}],"circlet_count":0,"master_deck":["Guardian:Strike_Guardian","Guardian:Strike_Guardian","Guardian:Strike_Guardian","Guardian:Strike_Guardian","Guardian:Defend_Guardian","Guardian:Defend_Guardian","Guardian:Defend_Guardian","Guardian:Defend_Guardian","Guardian:CurlUp","Guardian:TwinSlam","Guardian:WalkerClaw+1","Guardian:BodySlam+1","Guardian:PrismaticBeam+1","Guardian:Incinerate","Guardian:Orbwalk+1","Guardian:CrystalBeam","Guardian:Clone","Guardian:BodySlam+1","Guardian:StasisStrike+1","CurseOfTheBell","Guardian:Suspension+1","Guardian:VentSteam","Guardian:Gem_Purple","Guardian:HyperBeam_Guardian"],"relics":["Guardian:ModeShifter","Blood Vial","Lantern","Potion Belt","Bag of Marbles","downfall:HeartBlessingRed","SacredBark","Pen Nib","Calling Bell","Centennial Puzzle","Ornamental Fan","Thread and Needle"],"acts_visited":["Exordium","TheCity","TheBeyond"],"potions_floor_usage":[15,15,16,23,27,31,33,33,36,38],"damage_taken":[{"damage":3,"enemies":"Jaw Worm","floor":2,"turns":5},{"damage":4,"enemies":"2 Louse","floor":5,"turns":3},{"damage":0,"enemies":"downfall:FleeingMerchant","floor":8,"turns":4},{"damage":0,"enemies":"Small Slimes","floor":10,"turns":2},{"damage":1,"enemies":"3 Louse","floor":12,"turns":3},{"damage":15,"enemies":"Lots of Slimes","floor":14,"turns":3},{"damage":0,"enemies":"2 Fungi Beasts","floor":15,"turns":2},{"damage":58,"enemies":"IC_STATUS_ARCHETYPE","floor":16,"turns":12},{"damage":10,"enemies":"3 Byrds","floor":19,"turns":5},{"damage":19,"enemies":"Spheric Guardian","floor":21,"turns":4},{"damage":18,"enemies":"Centurion and Healer","floor":22,"turns":3},{"damage":15,"enemies":"Snecko","floor":23,"turns":4},{"damage":21,"enemies":"Snake Plant","floor":27,"turns":3},{"damage":12,"enemies":"3 Cultists","floor":31,"turns":4},{"damage":22,"enemies":"Centurion and Healer","floor":32,"turns":5},{"damage":3,"enemies":"WA_ARCHETYPE_CALM","floor":33,"turns":4},{"damage":18,"enemies":"3 Darklings","floor":36,"turns":8},{"damage":14,"enemies":"3 Shapes","floor":37,"turns":3},{"damage":36,"enemies":"Sphere and 2 Shapes","floor":38,"turns":8},{"damage":12,"enemies":"3 Darklings","floor":39,"turns":7},{"damage":28,"enemies":"Giant Head","floor":40,"turns":5}],"seed_played":"-5410000692295627410","potions_obtained":[{"floor":2,"key":"Energy Potion"},{"floor":10,"key":"Strength Potion"},{"floor":15,"key":"BlessingOfTheForge"},{"floor":19,"key":"Swift Potion"},{"floor":22,"key":"AttackPotion"},{"floor":23,"key":"Strength Potion"},{"floor":27,"key":"SkillPotion"},{"floor":32,"key":"AttackPotion"},{"floor":33,"key":"Fire Potion"},{"floor":37,"key":"Weak Potion"}],"is_trial":false,"path_per_floor":["R","M","?","T","M","?","T","$","R","M","?","M","R","M","M","B",null,"R","M","?","M","M","M","T","?","R","M","?","?","R","M","M","B",null,"R","M","M","M","M","E"],"character_chosen":"GUARDIAN","items_purchased":["Bag of Marbles"],"campfire_rested":1,"item_purchase_floors":[8],"current_hp_per_floor":[80,77,77,77,75,75,75,77,77,79,79,79,79,65,67,11,80,80,70,70,53,37,24,24,24,48,29,90,90,90,78,58,57,90,90,72,60,26,16,0,0,0],"gold":540,"neow_bonus":"RANDOM_COMMON_RELIC","is_daily":false,"chose_seed":false,"campfire_upgraded":5,"win_rate":0.0,"timestamp":1613255840,"path_taken":["R","M","?","?","M","?","T","$","R","M","?","M","R","M","M","BOSS","R","M","?","M","?","M","T","?","R","?","?","?","R","M","M","BOSS","R","M","M","M","M","E"],"items_purchased_type":["Relic"],"build_version":"2020-12-22","purchased_purges":0,"victory":false,"max_hp_per_floor":[80,80,80,80,80,80,80,80,80,80,80,80,80,80,80,80,80,80,80,80,80,80,80,80,80,80,80,90,90,90,90,90,90,90,90,90,90,90,90,90,90,90],"card_choices":[{"not_picked":["Guardian:DecasProtection","Guardian:PrimingBeam"],"picked":"Guardian:Gem_Yellow","floor":2},{"not_picked":["Guardian:Gem_Yellow","Guardian:RefractedBeam"],"picked":"Guardian:Gem_Lightblue","floor":5},{"not_picked":["Guardian:Incinerate","Guardian:TemporalStrike"],"picked":"Guardian:WalkerClaw","floor":8},{"not_picked":["Guardian:Reroute","Guardian:Gem_Blue"],"picked":"Guardian:BodySlam","floor":10},{"not_picked":["Guardian:Planning","Guardian:HyperBeam_Guardian","Guardian:Gem_Yellow"],"picked":"SKIP","floor":12},{"not_picked":["Guardian:MultiBeam","Guardian:Recover"],"picked":"Guardian:PrismaticBeam","floor":14},{"not_picked":["Guardian:WalkerClaw","Guardian:Gem_Lightblue"],"picked":"Guardian:Incinerate","floor":15},{"not_picked":["Guardian:BaubleBeam","Guardian:FastForward"],"picked":"Guardian:Gem_Synthetic","floor":16},{"not_picked":["Guardian:Gem_White","Guardian:PrismaticBarrier"],"picked":"Guardian:Orbwalk","floor":19},{"not_picked":["Guardian:RollAttack","Guardian:Gem_Red"],"picked":"Guardian:CrystalBeam","floor":21},{"not_picked":["Guardian:Incinerate","Guardian:VentSteam"],"picked":"Guardian:Gem_Lightblue","floor":22},{"not_picked":["Guardian:Gem_White","Guardian:PrismaticBarrier"],"picked":"Guardian:Gem_Blue","floor":23},{"not_picked":["Guardian:Gem_Crimson","Guardian:Reroute"],"picked":"Guardian:Gem_Purple","floor":27},{"not_picked":["Guardian:ChargeCore+1","Guardian:PrimingBeam"],"picked":"Guardian:Clone","floor":31},{"not_picked":["Guardian:ChargeCore","Guardian:WalkerClaw"],"picked":"Guardian:BodySlam+1","floor":32},{"not_picked":["Guardian:ExploitGems","Guardian:GemFire"],"picked":"Guardian:StasisStrike","floor":33},{"not_picked":["Guardian:Gem_Cyan","Guardian:Gem_Red"],"picked":"Guardian:Suspension+1","floor":36},{"not_picked":["Guardian:Suspension","Guardian:Reroute+1"],"picked":"Guardian:VentSteam","floor":37},{"not_picked":["Guardian:CrystalBeam","Guardian:TemporalStrike"],"picked":"Guardian:Gem_Purple","floor":38},{"not_picked":["Guardian:Incinerate","Guardian:TimeCapacitor"],"picked":"Guardian:HyperBeam_Guardian","floor":39}],"player_experience":549418,"relics_obtained":[{"floor":4,"key":"Juzu Bracelet"},{"floor":7,"key":"Potion Belt"},{"floor":24,"key":"Pen Nib"},{"floor":34,"key":"Centennial Puzzle"},{"floor":34,"key":"Ornamental Fan"},{"floor":34,"key":"Thread and Needle"}],"event_choices":[{"cards_removed":["Guardian:HyperBeam_Guardian"],"damage_healed":51,"gold_gain":0,"player_choice":"Offered Rare","damage_taken":0,"max_hp_gain":10,"max_hp_loss":0,"event_name":"Bonfire Elementals","floor":28,"gold_loss":0}],"is_beta":false,"boss_relics":[{"not_picked":["Velvet Choker","Guardian:StasisSlotReductionRelic"],"picked":"SacredBark"},{"not_picked":["Busted Crown","Coffee Dripper"],"picked":"Calling Bell"}],"items_purged_floors":[],"is_endless":false,"potions_floor_spawned":[2,10,15,19,22,23,27,32,33,37],"killed_by":"Giant Head","ascension_level":0}}