{"host":"5td1gsj4mnrioltg","time":1613198599,"event":{"mods":["2.2 Compatiblity","AchievementEnabler","Act Like it!","Aspiration","BaseMod","Beaked The Cultist","Better Altar","Better Match","Better Note","Better Sensory Stone","Better Silent Start","Better Skull","Better Third Choice","Better Vampires","BetterRewards","Bossed Relics","Colored Map","Colored Powertips","Displayed Cursed Tome","Downfall","Emptier Cage","Evolution","Friendly Minions","GifTheSpireLib","Highlight Path","Ironclad Rager","Jedi Mod","JesterMod","Mad Scientist","Menagerie","Minty Spire (QoL Compilation)","Permanent Neow","Quick Restart","Reliquary","Replay The Spire","Reworked Bosses","Shade Mod","Spicy Shops","StSLib","The Blue Laboratory","The Dragon Tamer","The Dragonkin","The Druid","The Elementalist","The Marked","The Necromancer","The Runesmith","Thieving Mod","Transform Curses","Wandering Minibosses"],"gold_per_floor":[109,109,209,230,75,75,106,126,126,26,26,69,83,118,118,249,249,272,272,288,288,13,54,54,69,69,103,103,53,53,71,146,270,270,290,290,290,314,339,339,339,352,352,370,370,370],"floor_reached":45,"language":"ENG","playtime":2979,"items_purged":["Bash","Defend_R","Defend_R","Pommel Strike","Pommel Strike"],"score":730,"play_id":"5b01a0a2-4842-4da2-9b4b-6522c524a146","local_time":"20210212224319","is_ascension_mode":true,"campfire_choices":[{"data":"Armaments","floor":6,"key":"SMITH"},{"data":"Armaments","floor":11,"key":"SMITH"},{"floor":15,"key":"DIG"},{"data":"Rampage","floor":24,"key":"SMITH"},{"floor":40,"key":"RECALL"},{"data":"Berserk","floor":41,"key":"SMITH"}],"circlet_count":0,"master_deck":["AscendersBane","Pommel Strike","Pommel Strike","Pommel Strike","Armaments+1","Armaments+1","Shrug It Off","Inflame","Rampage+1","Shrug It Off+1","Evolve+1","Berserk+1","Thunderclap+1","Parasite"],"relics":["Burning Blood","EVO:Axolotl","aspiration:Nostalgia","m_IronCrown","Golden Idol","jedi:matchstick","WingedGreaves","jedi:angrymask","Bag of Preparation","Regal Pillow","aspiration:StickyExplosives_weak","Ooze Armor","aspiration:RitualStick","Smiling Mask","reliquary:BallBearing","Torii","Coffee Dripper"],"acts_visited":["Exordium","TheCity","TheBeyond"],"potions_floor_usage":[33,42,45],"damage_taken":[{"damage":0,"enemies":"Jaw Worm","floor":1,"turns":3},{"damage":0,"enemies":"2 Louse","floor":4,"turns":3},{"damage":5,"enemies":"3 Sentries","floor":7,"turns":9},{"damage":0,"enemies":"Cultist","floor":8,"turns":3},{"damage":16,"enemies":"Gremlin Nob","floor":12,"turns":4},{"damage":0,"enemies":"Blue Slaver","floor":13,"turns":4},{"damage":1,"enemies":"Replay:BlueRogue","floor":14,"turns":7},{"damage":6,"enemies":"Slime Boss","floor":16,"turns":8},{"damage":6,"enemies":"3 Byrds","floor":18,"turns":5},{"damage":0,"enemies":"Chosen","floor":20,"turns":3},{"damage":11,"enemies":"Gremlin Leader","floor":23,"turns":5},{"damage":9,"enemies":"Sentry and Sphere","floor":25,"turns":4},{"damage":6,"enemies":"Replay:Snechameleon","floor":27,"turns":4},{"damage":1,"enemies":"Chosen and Byrds","floor":31,"turns":3},{"damage":32,"enemies":"bossMod:newCollector","floor":33,"turns":7},{"damage":1,"enemies":"Orb Walker","floor":35,"turns":3},{"damage":22,"enemies":"3 Darklings","floor":38,"turns":3},{"damage":13,"enemies":"Writhing Mass","floor":39,"turns":4},{"damage":26,"enemies":"Maw","floor":42,"turns":5},{"damage":1,"enemies":"3 Darklings","floor":44,"turns":3},{"damage":62,"enemies":"Nemesis","floor":45,"turns":5}],"seed_played":"-1753275617209357368","potions_obtained":[{"floor":1,"key":"SmokeBomb"},{"floor":12,"key":"blueLaboratory:IronCompound"},{"floor":35,"key":"Swift Potion"},{"floor":42,"key":"LifebloodPotion"}],"is_trial":false,"path_per_floor":["M","?","?","M","$","R","E","M","T","$","R","E","M","E","R_BF","B",null,"M","?","M","?","$","E","R","M","T","E","R","$","?","M","R_BF","B",null,"M","?","?","M","M","R","R","M","T","M","E"],"character_chosen":"IRONCLAD","items_purchased":["jedi:matchstick"],"campfire_rested":0,"item_purchase_floors":[5],"current_hp_per_floor":[80,74,74,74,74,74,74,74,74,74,74,70,74,74,74,74,74,74,74,74,59,59,60,60,63,63,69,69,69,69,74,74,54,69,74,70,70,60,59,59,59,45,45,56,0,0],"gold":370,"neow_bonus":"NOSTALGIA","is_daily":false,"chose_seed":false,"campfire_upgraded":4,"win_rate":0.0,"timestamp":1613198599,"path_taken":["M","?","?","?","$","R","E","M","T","$","R","E","M","E","R_BF","BOSS","M","?","?","?","$","E","R","M","T","E","R","$","?","M","R_BF","BOSS","M","?","?","?","?","R","R","M","T","M","E"],"items_purchased_type":["Relic"],"build_version":"2020-12-22","purchased_purges":5,"victory":false,"max_hp_per_floor":[80,74,74,74,74,74,74,74,74,74,74,74,74,74,74,74,74,74,74,74,74,74,74,74,74,74,74,74,74,74,74,74,74,74,74,70,70,70,70,70,70,70,70,70,70,70],"card_choices":[{"not_picked":["Hemokinesis","Body Slam","Wild Strike"],"picked":"SKIP","floor":1},{"not_picked":["Reckless Charge","Carnage"],"picked":"Shrug It Off","floor":4},{"not_picked":["Twin Strike","Fiend Fire","champ:GutPunch"],"picked":"SKIP","floor":7},{"not_picked":["Intimidate","True Grit","Armaments"],"picked":"SKIP","floor":8},{"not_picked":["jedi:strikingstrike","Perfected Strike"],"picked":"Inflame","floor":12},{"not_picked":["Armaments","Perfected Strike","Pommel Strike"],"picked":"SKIP","floor":13},{"not_picked":["Cleave","Anger"],"picked":"Rampage","floor":14},{"not_picked":["ReplayTheSpireMod:Stacked+1","Replay:Undeath\u0027s Touch+1","Power Through"],"picked":"SKIP","floor":18},{"not_picked":["jedi:collectorstrike","Intimidate"],"picked":"Shrug It Off+1","floor":20},{"not_picked":["Headbutt","Searing Blow","Demon Form"],"picked":"SKIP","floor":23},{"not_picked":["Sword Boomerang","Warcry","ReplayTheSpireMod:Corrosion Curse"],"picked":"SKIP","floor":25},{"not_picked":["True Grit","Perfected Strike"],"picked":"Evolve+1","floor":27},{"not_picked":["Anger","jedi:fear","Heavy Blade"],"picked":"SKIP","floor":31},{"not_picked":["Double Tap","Corruption"],"picked":"Berserk","floor":33},{"not_picked":["Metallicize+1","Headbutt"],"picked":"Thunderclap+1","floor":35},{"not_picked":["Pummel","Thunderclap","Rage+1"],"picked":"SKIP","floor":38},{"not_picked":["Abandon+1","Perfected Strike","Shrug It Off"],"picked":"SKIP","floor":39},{"not_picked":["Warcry+1","Clash+1","Body Slam+1"],"picked":"SKIP","floor":42},{"not_picked":["jedi:fear","Shrug It Off+1","Havoc"],"picked":"SKIP","floor":44}],"player_experience":1340477,"relics_obtained":[{"floor":7,"key":"WingedGreaves"},{"floor":9,"key":"jedi:angrymask"},{"floor":12,"key":"Bag of Preparation"},{"floor":14,"key":"Regal Pillow"},{"floor":15,"key":"aspiration:StickyExplosives_weak"},{"floor":23,"key":"Smiling Mask"},{"floor":26,"key":"reliquary:BallBearing"},{"floor":27,"key":"Torii"}],"event_choices":[{"damage_healed":0,"gold_gain":0,"player_choice":"Lose Max HP","damage_taken":0,"relics_obtained":["Golden Idol"],"max_hp_gain":0,"max_hp_loss":6,"event_name":"Golden Idol","floor":2,"gold_loss":0},{"damage_healed":0,"gold_gain":100,"player_choice":"Pray","damage_taken":0,"max_hp_gain":0,"max_hp_loss":0,"event_name":"Golden Shrine","floor":3,"gold_loss":0},{"damage_healed":0,"gold_gain":0,"player_choice":"Max HP","damage_taken":0,"max_hp_gain":0,"max_hp_loss":4,"event_name":"Winding Halls","floor":36,"gold_loss":0},{"damage_healed":0,"gold_gain":0,"player_choice":"Ignored","damage_taken":0,"max_hp_gain":0,"max_hp_loss":0,"event_name":"Transmorgrifier","floor":37,"gold_loss":0}],"is_beta":false,"boss_relics":[{"not_picked":["reliquary:KinkedSpring","ChewingGum"],"picked":"Ooze Armor"},{"not_picked":["reliquary:Ember","jedi:battlestandard"],"picked":"Coffee Dripper"}],"items_purged_floors":[5,10,22,22,29],"is_endless":false,"potions_floor_spawned":[1,7,12,14,20,23,25,35,38,42],"killed_by":"Nemesis","ascension_level":11}}