{"host":"6ggzka4dag2kvku2","time":1613215319,"event":{"mods":["AchievementEnabler","BaseMod","DeckTracker","Minty Spire (QoL Compilation)","Permanent Neow","SuperFastMode"],"gold_per_floor":[18,37,54,54,66,66,100,120,120,195,195,195,223,241,241,337,337,351,351,351,351,351,351,370,403,427,427,427,440,287,322,322,427,427,445,464,220,220,236,270,270],"floor_reached":40,"language":"KOR","playtime":1459,"items_purged":[],"score":584,"play_id":"2cdf24d4-9be8-4bc6-9547-ac3d8ff4fe21","local_time":"20210213202159","is_ascension_mode":true,"campfire_choices":[{"data":"Feed","floor":6.0,"key":"SMITH"},{"data":"Shockwave","floor":12.0,"key":"SMITH"},{"data":"True Grit","floor":15.0,"key":"SMITH"},{"data":"Inflame","floor":23.0,"key":"SMITH"},{"data":"Bash","floor":27.0,"key":"SMITH"},{"floor":32.0,"key":"REST"}],"circlet_count":0,"master_deck":["Strike_R","Strike_R","Strike_R","Defend_R","Defend_R","Defend_R","Bash+1","Feed+1","Rage","Headbutt","Shrug It Off","True Grit+1","Shockwave+1","Inflame+1","Reaper","Flex+1","Offering","Corruption","Dark Embrace","Warcry+1","Madness","Feel No Pain"],"relics":["Burning Blood","Paper Frog","Tiny Chest","Shuriken","Mango","Mark of Pain","Nloth\u0027s Gift","Centennial Puzzle","Pen Nib","HornCleat","Strange Spoon","White Beast Statue","Empty Cage","Bag of Preparation","Regal Pillow"],"acts_visited":["Exordium","TheCity","TheBeyond"],"potions_floor_usage":[],"damage_taken":[{"damage":7.0,"enemies":"2 Louse","floor":1.0,"turns":3.0},{"damage":5.0,"enemies":"Small Slimes","floor":2.0,"turns":3.0},{"damage":5.0,"enemies":"Cultist","floor":3.0,"turns":5.0},{"damage":14.0,"enemies":"Blue Slaver","floor":5.0,"turns":5.0},{"damage":19.0,"enemies":"Gremlin Nob","floor":7.0,"turns":4.0},{"damage":4.0,"enemies":"2 Fungi Beasts","floor":8.0,"turns":4.0},{"damage":9.0,"enemies":"Lagavulin","floor":13.0,"turns":7.0},{"damage":13.0,"enemies":"Red Slaver","floor":14.0,"turns":5.0},{"damage":56.0,"enemies":"The Guardian","floor":16.0,"turns":13.0},{"damage":11.0,"enemies":"Shell Parasite","floor":18.0,"turns":4.0},{"damage":54.0,"enemies":"3 Byrds","floor":24.0,"turns":7.0},{"damage":74.0,"enemies":"Gremlin Leader","floor":25.0,"turns":9.0},{"damage":15.0,"enemies":"Snake Plant","floor":29.0,"turns":3.0},{"damage":39.0,"enemies":"Book of Stabbing","floor":31.0,"turns":6.0},{"damage":62.0,"enemies":"Automaton","floor":33.0,"turns":8.0},{"damage":33.0,"enemies":"3 Darklings","floor":35.0,"turns":3.0},{"damage":26.0,"enemies":"Orb Walker","floor":36.0,"turns":4.0},{"damage":30.0,"enemies":"Writhing Mass","floor":39.0,"turns":7.0},{"damage":146.0,"enemies":"Reptomancer","floor":40.0,"turns":9.0}],"seed_played":"8917576746558398822","potions_obtained":[{"floor":1.0,"key":"Fire Potion"},{"floor":3.0,"key":"Dexterity Potion"},{"floor":8.0,"key":"SmokeBomb"},{"floor":24.0,"key":"Strength Potion"},{"floor":25.0,"key":"Swift Potion"},{"floor":29.0,"key":"SmokeBomb"},{"floor":33.0,"key":"PowerPotion"},{"floor":35.0,"key":"ColorlessPotion"},{"floor":39.0,"key":"Ancient Potion"},{"floor":40,"key":"SpeedPotion"}],"is_trial":false,"path_per_floor":["M","M","M","?","M","R","E","M","T","?","?","R","E","M","R","B",null,"M","?","T","?","?","R","M","E","T","R","T","M","$","E","R","B",null,"M","M","$","?","M","E"],"character_chosen":"IRONCLAD","items_purchased":["Strange Spoon","Bag of Preparation","Madness"],"campfire_rested":1,"item_purchase_floors":[30,37,37],"current_hp_per_floor":[82,86,89,82,77,77,64,70,70,59,52,52,63,60,60,14,118,119,119,119,119,119,119,89,51,51,51,51,46,46,28,68,73,134,134,114,114,114,111,22,22],"gold":270,"neow_bonus":"THREE_RARE_CARDS","is_daily":false,"chose_seed":false,"campfire_upgraded":5,"win_rate":0.0,"timestamp":1613215319,"path_taken":["M","M","M","?","M","R","E","M","T","?","?","R","E","M","R","BOSS","M","?","?","?","?","R","?","E","T","R","?","M","?","E","R","BOSS","M","M","$","?","M","E"],"items_purchased_type":["Relic","Relic","Card"],"build_version":"2020-12-22","purchased_purges":0,"victory":false,"max_hp_per_floor":[83,86,89,89,92,92,92,96,96,96,96,96,110,114,114,118,118,122,122,122,122,122,122,126,126,126,126,126,130,130,134,134,134,134,134,134,134,127,127,127,127],"card_choices":[{"not_picked":["Limit Break","Reaper"],"picked":"Feed","floor":0.0},{"not_picked":["Flame Barrier","Seeing Red"],"picked":"Rage","floor":1.0},{"not_picked":["Clothesline","Entrench"],"picked":"Headbutt","floor":2.0},{"not_picked":["Combust","Searing Blow"],"picked":"Shrug It Off","floor":3.0},{"not_picked":["Metallicize","Body Slam"],"picked":"True Grit","floor":5.0},{"not_picked":["Reckless Charge","Clash"],"picked":"Shockwave","floor":7.0},{"not_picked":["Entrench","Perfected Strike"],"picked":"Inflame","floor":8.0},{"not_picked":["Rage","Sword Boomerang","Infernal Blade"],"picked":"SKIP","floor":13.0},{"not_picked":["Headbutt","Cleave","Carnage"],"picked":"SKIP","floor":14.0},{"not_picked":["Juggernaut","Barricade"],"picked":"Reaper","floor":16.0},{"not_picked":["Body Slam+1","Combust","Shrug It Off+1"],"picked":"SKIP","floor":18.0},{"not_picked":["Shockwave","Anger","Inflame"],"picked":"SKIP","floor":24.0},{"not_picked":["Perfected Strike+1","Bludgeon","Reckless Charge"],"picked":"SKIP","floor":25.0},{"not_picked":["Wild Strike","Anger"],"picked":"Flex+1","floor":29.0},{"not_picked":["Cleave","Second Wind"],"picked":"Offering","floor":31.0},{"not_picked":["Fiend Fire","Impervious"],"picked":"Corruption","floor":33.0},{"not_picked":["Intimidate","Headbutt"],"picked":"Dark Embrace","floor":35.0},{"not_picked":["Perfected Strike","Combust"],"picked":"Warcry+1","floor":36.0},{"not_picked":["Bloodletting","Anger+1"],"picked":"Feel No Pain","floor":39.0}],"player_experience":293663,"relics_obtained":[{"floor":7.0,"key":"Tiny Chest"},{"floor":9.0,"key":"Shuriken"},{"floor":13.0,"key":"Mango"},{"floor":20.0,"key":"InkBottle"},{"floor":25.0,"key":"Centennial Puzzle"},{"floor":26.0,"key":"Pen Nib"},{"floor":28.0,"key":"HornCleat"},{"floor":31.0,"key":"White Beast Statue"},{"floor":40,"key":"Regal Pillow"}],"event_choices":[{"damage_healed":0.0,"max_hp_gain":0.0,"max_hp_loss":0.0,"gold_gain":0.0,"event_name":"Scrap Ooze","player_choice":"Success","floor":4.0,"gold_loss":0.0,"damage_taken":7.0,"relics_obtained":["Paper Frog"]},{"damage_healed":0.0,"max_hp_gain":0.0,"max_hp_loss":0.0,"gold_gain":75.0,"event_name":"World of Goop","player_choice":"Gather Gold","floor":10.0,"gold_loss":0.0,"damage_taken":11.0},{"cards_removed":["Strike_R"],"damage_healed":0.0,"max_hp_gain":0.0,"max_hp_loss":0.0,"gold_gain":0.0,"event_name":"Golden Wing","player_choice":"Card Removal","floor":11.0,"gold_loss":0.0,"damage_taken":7.0},{"damage_healed":0.0,"max_hp_gain":0.0,"max_hp_loss":0.0,"gold_gain":0.0,"event_name":"Wheel of Change","player_choice":"Cursed","floor":19.0,"gold_loss":0.0,"damage_taken":0.0,"cards_obtained":["Decay"]},{"cards_removed":["Decay"],"damage_healed":0.0,"max_hp_gain":0.0,"max_hp_loss":0.0,"gold_gain":0.0,"event_name":"Back to Basics","player_choice":"Elegance","floor":21.0,"gold_loss":0.0,"damage_taken":0.0},{"damage_healed":0.0,"max_hp_gain":0.0,"max_hp_loss":0.0,"gold_gain":0.0,"event_name":"N\u0027loth","player_choice":"Traded Relic","floor":22.0,"relics_lost":["InkBottle"],"gold_loss":0.0,"damage_taken":0.0,"relics_obtained":["Nloth\u0027s Gift"]},{"damage_healed":0.0,"max_hp_gain":0.0,"max_hp_loss":7.0,"gold_gain":0.0,"event_name":"Winding Halls","player_choice":"Max HP","floor":38.0,"gold_loss":0.0,"damage_taken":0.0}],"is_beta":false,"boss_relics":[{"not_picked":["Black Blood","Coffee Dripper"],"picked":"Mark of Pain"},{"not_picked":["Calling Bell","Velvet Choker"],"picked":"Empty Cage"}],"items_purged_floors":[],"is_endless":false,"potions_floor_spawned":[1,3,8,13,24,25,29,33,35,36,39,40],"killed_by":"Reptomancer","ascension_level":3}}