{"host":"19r1ww88x2tc73i0","time":1613200620,"event":{"mods":["BaseMod","BetterRewards","Colored Map","Minty Spire (QoL Compilation)","Relic Stats","StSLib","SuperFastMode","slay the spire mod where everything is the same but ironclad has a cowboy hat"],"gold_per_floor":[10,10,23,23,42,42,60,60,60,60,95,115,140,65,65,65,65],"floor_reached":16,"language":"ENG","playtime":569,"items_purged":["Strike_G"],"score":204,"play_id":"aea84cdf-a32b-4a62-bfe7-0bbb53cf1a50","local_time":"25640213141700","is_ascension_mode":true,"campfire_choices":[{"data":"Deadly Poison","floor":6.0,"key":"SMITH"},{"data":"Blade Dance","floor":8.0,"key":"SMITH"},{"data":"Poisoned Stab","floor":15.0,"key":"SMITH"}],"circlet_count":0,"master_deck":["AscendersBane","Strike_G","Strike_G","Defend_G","Defend_G","Defend_G","Defend_G","Defend_G","Survivor","Neutralize","Deadly Poison+1","Backflip","Blade Dance+1","Deflect","Backstab","Flying Knee","Poisoned Stab+1"],"relics":["Ring of the Snake","Golden Idol","Letter Opener","HornCleat"],"acts_visited":["Exordium"],"potions_floor_usage":[16,16],"damage_taken":[{"damage":1.0,"enemies":"Cultist","floor":1.0,"turns":5.0},{"damage":1.0,"enemies":"2 Louse","floor":3.0,"turns":4.0},{"damage":4.0,"enemies":"Jaw Worm","floor":5.0,"turns":6.0},{"damage":0.0,"enemies":"Gremlin Gang","floor":7.0,"turns":5.0},{"damage":20.0,"enemies":"3 Sentries","floor":11.0,"turns":8.0},{"damage":1.0,"enemies":"Large Slime","floor":12.0,"turns":6.0},{"damage":0.0,"enemies":"Blue Slaver","floor":13.0,"turns":2.0},{"damage":37,"enemies":"Slime Boss","floor":16,"turns":6}],"seed_played":"3215214334685359944","potions_obtained":[{"floor":1.0,"key":"Energy Potion"},{"floor":5.0,"key":"Fire Potion"},{"floor":11.0,"key":"Swift Potion"}],"is_trial":false,"path_per_floor":["M","$","M","?","M","R","M","R","T","?","E","M","M","$","R","B"],"character_chosen":"THE_SILENT","items_purchased":[],"campfire_rested":0,"item_purchase_floors":[],"current_hp_per_floor":[58,58,57,57,53,53,53,53,53,53,33,32,32,32,32,0,0],"gold":65,"neow_bonus":"REMOVE_TWO","is_daily":false,"chose_seed":false,"campfire_upgraded":3,"win_rate":0.0,"timestamp":1613200620,"path_taken":["M","$","M","?","M","R","M","R","T","?","E","M","M","?","R","BOSS"],"items_purchased_type":[],"build_version":"2020-12-22","purchased_purges":1,"victory":false,"max_hp_per_floor":[66,66,66,60,60,60,60,60,60,60,60,60,60,60,60,60,60],"relic_stats":{"counters":[8,42],"Golden Idol":24,"Letter Opener":[88],"obtain_stats":[{"HornCleat":11,"Golden Idol":4,"Letter Opener":9,"Ring of the Snake":0},{"HornCleat":5,"Golden Idol":2,"Letter Opener":4,"Ring of the Snake":0},{"HornCleat":28,"Golden Idol":9,"Letter Opener":20,"Ring of the Snake":0}],"Ring of the Snake":[16]},"card_choices":[{"not_picked":["Tactician","Cloak And Dagger"],"picked":"Deadly Poison","floor":1.0},{"not_picked":["Acrobatics","Skewer"],"picked":"Backflip","floor":3.0},{"not_picked":["Riddle With Holes","Cloak And Dagger"],"picked":"Blade Dance","floor":5.0},{"not_picked":["Slice","Infinite Blades"],"picked":"Deflect","floor":7.0},{"not_picked":["Concentrate","Distraction"],"picked":"Backstab","floor":11.0},{"not_picked":["Masterful Stab","Prepared"],"picked":"Flying Knee","floor":12.0},{"not_picked":["Heel Hook","Dodge and Roll"],"picked":"Poisoned Stab","floor":13.0}],"player_experience":1072083,"relics_obtained":[{"floor":9.0,"key":"Letter Opener"},{"floor":11.0,"key":"HornCleat"}],"event_choices":[{"damage_healed":0.0,"max_hp_gain":0.0,"max_hp_loss":6.0,"gold_gain":0.0,"event_name":"Golden Idol","player_choice":"Lose Max HP","floor":4.0,"gold_loss":0.0,"damage_taken":0.0,"relics_obtained":["Golden Idol"]},{"damage_healed":0.0,"max_hp_gain":0.0,"max_hp_loss":0.0,"gold_gain":0.0,"event_name":"Liars Game","player_choice":"Ignored","floor":10.0,"gold_loss":0.0,"damage_taken":0.0}],"is_beta":false,"boss_relics":[],"items_purged_floors":[14],"is_endless":false,"potions_floor_spawned":[1,5,11],"killed_by":"Slime Boss","ascension_level":20}}