{"host":"2rbn7ywmirq5y689","time":1613233261,"event":{"mods":["BaseMod","Bestiary","Colored Map","Colored Powertips","Highlight Path","Minty Spire (QoL Compilation)","Rare Cards Sparkle","Relic Stats","StSLib"],"gold_per_floor":[368,381,399,399,411,441,294,314,314,314,339,2,2,2],"floor_reached":13,"language":"ENG","playtime":856,"items_purged":["Strike_R","Strike_R"],"score":114,"play_id":"f72d2047-c4c3-4338-849c-93f4060196fa","local_time":"20210214002101","is_ascension_mode":true,"campfire_choices":[],"circlet_count":0,"master_deck":["Strike_R","Defend_R","Defend_R","Defend_R","Defend_R","Bash","Flame Barrier","Sword Boomerang","Spot Weakness","Anger","True Grit","Inflame","Whirlwind","Searing Blow","Heavy Blade","Uppercut","Impervious"],"relics":["Burning Blood","Lizard Tail","Letter Opener","Question Card"],"acts_visited":["Exordium"],"potions_floor_usage":[6],"damage_taken":[{"damage":1,"enemies":"Cultist","floor":1,"turns":3},{"damage":6,"enemies":"Jaw Worm","floor":2,"turns":5},{"damage":9,"enemies":"2 Louse","floor":3,"turns":3},{"damage":18,"enemies":"Lots of Slimes","floor":5,"turns":5},{"damage":25,"enemies":"Lagavulin","floor":6,"turns":6},{"damage":23,"enemies":"Exordium Wildlife","floor":8,"turns":4},{"damage":23,"enemies":"3 Sentries","floor":11,"turns":4},{"damage":38,"enemies":"Lagavulin","floor":13,"turns":10}],"seed_played":"-7520408423043284998","potions_obtained":[{"floor":1,"key":"SkillPotion"},{"floor":8,"key":"Energy Potion"}],"is_trial":false,"path_per_floor":["M","M","M","?","M","E","$","M","T","?","E","$","E"],"character_chosen":"IRONCLAD","items_purchased":["Inflame","Heavy Blade","Uppercut","Impervious"],"campfire_rested":0,"item_purchase_floors":[7,12,12,12],"current_hp_per_floor":[61,61,58,58,46,27,27,10,10,3,33,33,0,0],"gold":2,"neow_bonus":"TWO_FIFTY_GOLD","is_daily":false,"chose_seed":false,"campfire_upgraded":0,"win_rate":0.0,"timestamp":1613233261,"path_taken":["M","M","M","?","M","E","$","M","T","?","E","$","E"],"items_purchased_type":["Card","Card","Card","Card"],"build_version":"2020-12-22","purchased_purges":2,"victory":false,"max_hp_per_floor":[80,80,80,80,80,80,80,80,80,80,80,80,80,80],"relic_stats":{"Lizard Tail":40,"counters":[8,40],"Letter Opener":[0],"Question Card":0,"obtain_stats":[{"Lizard Tail":6,"Letter Opener":9,"Question Card":11,"Burning Blood":0},{"Lizard Tail":5,"Letter Opener":6,"Question Card":7,"Burning Blood":0},{"Lizard Tail":22,"Letter Opener":26,"Question Card":30,"Burning Blood":0}],"Burning Blood":42},"card_choices":[{"not_picked":["Rage","Body Slam"],"picked":"Flame Barrier","floor":1},{"not_picked":["True Grit","Flame Barrier"],"picked":"Sword Boomerang","floor":2},{"not_picked":["Dual Wield","Twin Strike"],"picked":"Spot Weakness","floor":3},{"not_picked":["Second Wind","Anger"],"picked":"True Grit","floor":5},{"not_picked":["Thunderclap","Warcry","Anger"],"picked":"SKIP","floor":6},{"not_picked":["Clash","Iron Wave"],"picked":"Whirlwind","floor":8},{"not_picked":["Evolve","Thunderclap"],"picked":"Searing Blow","floor":11}],"player_experience":235319,"relics_obtained":[{"floor":6,"key":"Lizard Tail"},{"floor":9,"key":"Letter Opener"},{"floor":11,"key":"Question Card"}],"event_choices":[{"damage_healed":0,"gold_gain":0,"cards_transformed":["Strike_R"],"player_choice":"Change","damage_taken":0,"max_hp_gain":0,"max_hp_loss":0,"event_name":"Living Wall","floor":4,"gold_loss":0,"cards_obtained":["Anger"]},{"cards_removed":["Strike_R"],"damage_healed":0,"gold_gain":0,"player_choice":"Card Removal","damage_taken":7,"max_hp_gain":0,"max_hp_loss":0,"event_name":"Golden Wing","floor":10,"gold_loss":0}],"is_beta":false,"boss_relics":[],"items_purged_floors":[7,12],"is_endless":false,"potions_floor_spawned":[1,8],"killed_by":"Lagavulin","ascension_level":4}}