{"host":"5uuadjc5gi6cs0xs","time":1613242637,"event":{"mods":["2.2 Compatiblity","Abigail Mod","AchievementEnabler","Act Like it!","BaseMod","BetterRewards","Chen","FTL Soundtrack","Friendly Minions","Hero for Fun","KinomotoSakuraMod(????)","Kiyohime????","Koishi","Marisa????????","Minty Spire (QoL Compilation)","Onozuka Komachi Mod","Permanent Neow","Prisma Mod","Quick Restart","Railgun Mod","Rare Cards Sparkle","Relic Stats","Remilia??????","StSLib","The Administrix","The Animator","The Exalted","The Gatherer","TheSwordswoman","Waifu the Spire","WarShipGirlsR/????R mod","Yohane!","Yuri Mod","Yuyuko"],"gold_per_floor":[119,119,84,259,259,292,303,303,303],"floor_reached":8,"language":"DEU","playtime":679,"items_purged":[],"score":54,"play_id":"ce4bd4bc-4ad5-4329-8483-dae56886f1b5","local_time":"20210213195717","is_ascension_mode":false,"campfire_choices":[],"circlet_count":0,"master_deck":["rmod:strick","rmod:strick","rmod:strick","rmod:strick","rmod:defend","rmod:defend","rmod:defend","rmod:defend","rmod:basicallowance","rmod:maingunfire","rmod:stealaluminum","rmod:aviationdawn","rmod:aggressivemary","Doubt","rmod:maingunfire","rmod:saltedfish","rmod:heivgo","rmod:guardianhero","rmod:intelligenceanalysis"],"relics":["rmod:firstchargereward","Letter Opener"],"acts_visited":["Exordium"],"potions_floor_usage":[],"damage_taken":[{"damage":8,"enemies":"Small Slimes","floor":1,"turns":4},{"damage":31,"enemies":"Lagavulin","floor":6,"turns":7},{"damage":0,"enemies":"Cultist","floor":7,"turns":3},{"damage":29,"enemies":"3 Sentries","floor":8,"turns":5}],"seed_played":"3217282380455841413","potions_obtained":[],"is_trial":false,"path_per_floor":["M","?","$","?","?","E","M","E"],"character_chosen":"PRAEFECT","items_purchased":["rmod:aggressivemary"],"campfire_rested":0,"item_purchase_floors":[3],"current_hp_per_floor":[67,60,60,60,60,29,29,0,0],"gold":303,"neow_bonus":"ONE_RANDOM_RARE_CARD","is_daily":false,"chose_seed":false,"campfire_upgraded":0,"win_rate":0.0,"timestamp":1613242637,"path_taken":["M","?","?","?","?","E","M","E"],"items_purchased_type":["Card"],"build_version":"2020-12-22","purchased_purges":0,"victory":false,"max_hp_per_floor":[75,75,75,75,75,75,75,75,75],"relic_stats":{"counters":[4,19],"Letter Opener":[0],"obtain_stats":[{"rmod:firstchargereward":0,"Letter Opener":6},{"rmod:firstchargereward":0,"Letter Opener":2},{"rmod:firstchargereward":0,"Letter Opener":11}]},"card_choices":[{"not_picked":["rmod:diamondstrike","rmod:fuelsupply"],"picked":"rmod:aviationdawn","floor":1},{"not_picked":["rmod:aviationdawn","rmod:supriseattacks"],"picked":"rmod:guardianhero","floor":6},{"not_picked":["rmod:luckystar","rmod:fuelsupply"],"picked":"rmod:intelligenceanalysis","floor":7}],"player_experience":421520,"relics_obtained":[{"floor":6,"key":"Letter Opener"}],"event_choices":[{"damage_healed":0,"gold_gain":0,"player_choice":"Damaged","damage_taken":7,"max_hp_gain":0,"max_hp_loss":0,"event_name":"Wheel of Change","floor":2,"gold_loss":0},{"damage_healed":0,"gold_gain":175,"player_choice":"AGREE","damage_taken":0,"max_hp_gain":0,"max_hp_loss":0,"event_name":"Liars Game","floor":4,"gold_loss":0,"cards_obtained":["Doubt"]},{"damage_healed":0,"gold_gain":0,"player_choice":"3 cards matched","damage_taken":0,"max_hp_gain":0,"max_hp_loss":0,"event_name":"Match and Keep!","floor":5,"gold_loss":0,"cards_obtained":["rmod:maingunfire","rmod:saltedfish","rmod:heivgo"]}],"is_beta":false,"boss_relics":[],"items_purged_floors":[],"is_endless":false,"potions_floor_spawned":[],"killed_by":"3 Sentries","ascension_level":0}}