{"host":"kig4ty9d1aubg29s","time":1613245717,"event":{"mods":["BaseMod","Minty Spire (QoL Compilation)","READ ME - Guardian Mod","READ ME - Snecko Mod","StSLib","The Cursed","The Gatherer","The Hierophant","The Runesmith"],"gold_per_floor":[119,134,146,146,161,188,201,201,226,226,258,269,194,194,194,267,267,278,278,278,278,291,291,305,338,361,361,361],"floor_reached":27,"language":"KOR","playtime":773,"items_purged":[],"score":477,"play_id":"3acae83b-c9ff-4cea-b5a2-a0829eb8598b","local_time":"20210214044837","is_ascension_mode":true,"campfire_choices":[{"floor":8,"key":"REST"},{"floor":10,"key":"REST"},{"floor":15,"key":"REST"},{"floor":23,"key":"REST"}],"circlet_count":0,"master_deck":["AscendersBane","Strike_G","Strike_G","Strike_G","Strike_G","Strike_G","Defend_G","Defend_G","Defend_G","Defend_G","Defend_G","Survivor","Neutralize","Deadly Poison","Accuracy","Flying Knee","Bouncing Flask","Catalyst","Leg Sweep","Bane","Corpse Explosion","Poisoned Stab+1","Envenom","Blade Dance","Leg Sweep"],"relics":["Ring of the Snake","Snake Skull","Bronze Scales","Bag of Marbles","Omamori","Strawberry","Fusion Hammer","MutagenicStrength","Bottled Tornado","Oddly Smooth Stone"],"acts_visited":["Exordium","TheCity"],"potions_floor_usage":[11,16,25,25,27],"damage_taken":[{"damage":1,"enemies":"2 Louse","floor":1,"turns":3},{"damage":2,"enemies":"Jaw Worm","floor":2,"turns":4},{"damage":7,"enemies":"Small Slimes","floor":3,"turns":5},{"damage":10,"enemies":"2 Fungi Beasts","floor":5,"turns":4},{"damage":10,"enemies":"Blue Slaver","floor":7,"turns":3},{"damage":35,"enemies":"Gremlin Nob","floor":11,"turns":5},{"damage":0,"enemies":"3 Louse","floor":12,"turns":4},{"damage":23,"enemies":"Hexaghost","floor":16,"turns":9},{"damage":1,"enemies":"Chosen","floor":18,"turns":3},{"damage":7,"enemies":"Shell Parasite","floor":22,"turns":2},{"damage":3,"enemies":"Centurion and Healer","floor":24,"turns":5},{"damage":57,"enemies":"Gremlin Leader","floor":25,"turns":6},{"damage":15,"enemies":"Shelled Parasite and Fungi","floor":27,"turns":2}],"seed_played":"5823014375705291740","potions_obtained":[{"floor":2,"key":"LiquidBronze"},{"floor":3,"key":"Dexterity Potion"},{"floor":12,"key":"DuplicationPotion"},{"floor":24,"key":"LiquidMemories"},{"floor":25,"key":"DuplicationPotion"}],"is_trial":false,"path_per_floor":["M","M","M","?","M","T","M","R","T","R","E","M","?","?","R","B",null,"M","?","?","?","M","R","M","E","T","M"],"character_chosen":"THE_SILENT","items_purchased":[],"campfire_rested":4,"item_purchase_floors":[],"current_hp_per_floor":[58,56,49,49,39,39,29,48,48,66,38,38,38,38,59,36,64,63,63,63,63,56,73,70,13,13,0,0],"gold":361,"neow_bonus":"RANDOM_COMMON_RELIC","is_daily":false,"chose_seed":false,"campfire_upgraded":0,"win_rate":0.0,"timestamp":1613245717,"path_taken":["M","M","M","?","M","?","M","R","T","R","E","M","?","?","R","BOSS","M","?","?","?","M","R","M","E","T","M"],"items_purchased_type":[],"build_version":"2020-12-22","purchased_purges":0,"victory":false,"max_hp_per_floor":[66,66,66,66,66,66,66,66,66,66,73,73,73,73,73,73,73,73,73,73,73,73,73,73,73,73,73,73],"card_choices":[{"not_picked":["Bane","Sucker Punch"],"picked":"Deadly Poison","floor":1},{"not_picked":["Underhanded Strike","Acrobatics"],"picked":"Accuracy","floor":2},{"not_picked":["Backflip","Expertise"],"picked":"Flying Knee","floor":3},{"not_picked":["Deflect","Deadly Poison"],"picked":"Bouncing Flask","floor":5},{"not_picked":["Skewer","Dagger Spray"],"picked":"Catalyst","floor":7},{"not_picked":["Deflect","Phantasmal Killer"],"picked":"Leg Sweep","floor":11},{"not_picked":["Dagger Spray","Tactician"],"picked":"Bane","floor":12},{"not_picked":["Tools of the Trade","Phantasmal Killer"],"picked":"Corpse Explosion","floor":16},{"not_picked":["Dodge and Roll","Bane"],"picked":"Poisoned Stab+1","floor":18},{"not_picked":["Leg Sweep","Dagger Spray"],"picked":"Envenom","floor":22},{"not_picked":["Sucker Punch","Distraction"],"picked":"Blade Dance","floor":24},{"not_picked":["Underhanded Strike+1","Dodge and Roll"],"picked":"Leg Sweep","floor":25}],"player_experience":1978525,"relics_obtained":[{"floor":6,"key":"Bag of Marbles"},{"floor":9,"key":"Omamori"},{"floor":11,"key":"Strawberry"},{"floor":25,"key":"Bottled Tornado"},{"floor":26,"key":"Oddly Smooth Stone"}],"event_choices":[{"damage_healed":0,"gold_gain":0,"player_choice":"Box","damage_taken":0,"relics_obtained":["Bronze Scales"],"max_hp_gain":0,"max_hp_loss":0,"event_name":"Big Fish","floor":4,"gold_loss":0,"cards_obtained":["Regret"]},{"cards_removed":["Regret"],"damage_healed":0,"gold_gain":0,"player_choice":"Card Removal","damage_taken":0,"max_hp_gain":0,"max_hp_loss":0,"event_name":"The Cleric","floor":13,"gold_loss":75},{"damage_healed":0,"gold_gain":0,"player_choice":"Ignored","damage_taken":0,"max_hp_gain":0,"max_hp_loss":0,"event_name":"Shining Light","floor":14,"gold_loss":0},{"damage_healed":0,"gold_gain":0,"player_choice":"Ignored","damage_taken":0,"max_hp_gain":0,"max_hp_loss":0,"event_name":"Beggar","floor":19,"gold_loss":0},{"damage_healed":0,"gold_gain":0,"player_choice":"Inject Mutagens","damage_taken":0,"relics_obtained":["MutagenicStrength"],"max_hp_gain":0,"max_hp_loss":0,"event_name":"Drug Dealer","floor":20,"gold_loss":0},{"damage_healed":0,"gold_gain":0,"player_choice":"Ignored","damage_taken":0,"max_hp_gain":0,"max_hp_loss":0,"event_name":"Ghosts","floor":21,"gold_loss":0}],"is_beta":false,"boss_relics":[{"not_picked":["HoveringKite","Empty Cage"],"picked":"Fusion Hammer"}],"items_purged_floors":[],"is_endless":false,"potions_floor_spawned":[2,3,5,12,24,25],"killed_by":"Shelled Parasite and Fungi","ascension_level":17}}