{"host":"yn9ark2hagzvtzkg","time":1613240322,"event":{"mods":["BaseMod","BetterRewards","Marisa£¨Ùöéë¡¡Øª×âÞÞ£©","Minty Spire (QoL Compilation)","StSLib","Td1madao Mod","The Bug Knight","The Cursed","The Disciple","The Hierophant","The Necromancer","The Servant 0.9.4"],"gold_per_floor":[109,109,109,119,129,163,163,176,176,251,251,251,265,283,283,385,385,395,395,414,514,524,524,12,12,12,12,12,12],"floor_reached":28,"language":"KOR","playtime":1703,"items_purged":[],"score":268,"play_id":"6cff486f-3218-41f3-85f0-8b14bb09a032","local_time":"20210214031842","is_ascension_mode":false,"campfire_choices":[{"data":"Seeing Red","floor":7,"key":"SMITH"},{"data":"Bash","floor":12,"key":"SMITH"},{"floor":15,"key":"REST"},{"floor":23,"key":"REST"},{"data":"Pommel Strike","floor":27,"key":"SMITH"}],"circlet_count":0,"master_deck":["Strike_R","Strike_R","Strike_R","Strike_R","Strike_R","Defend_R+1","Defend_R+1","Defend_R","Bash+1","Cleave","Shrug It Off","Metallicize","Seeing Red+1","Iron Wave","Flex+1","Pommel Strike+1","Headbutt","Brutality","Heavy Blade","Perfected Strike+1","Pommel Strike"],"relics":["Black Blood","Darkstone Periapt","Shuriken","Gremlin Horn","Meat on the Bone","Sundial","War Paint","Mummified Hand"],"acts_visited":["TheCity"],"potions_floor_usage":[14,16,20,28],"damage_taken":[{"damage":0.0,"enemies":"Small Slimes","floor":1.0,"turns":3.0},{"damage":0.0,"enemies":"Cultist","floor":4.0,"turns":3.0},{"damage":8.0,"enemies":"Jaw Worm","floor":5.0,"turns":3.0},{"damage":17.0,"enemies":"3 Sentries","floor":6.0,"turns":8.0},{"damage":0,"enemies":"Blue Slaver","floor":8,"turns":5},{"damage":12,"enemies":"Exordium Thugs","floor":13,"turns":4},{"damage":10,"enemies":"2 Fungi Beasts","floor":14,"turns":4},{"damage":0,"enemies":"Slime Boss","floor":16,"turns":6},{"damage":20,"enemies":"2 Thieves","floor":18,"turns":3},{"damage":31,"enemies":"Spheric Guardian","floor":20,"turns":6},{"damage":45,"enemies":"Centurion and Healer","floor":22,"turns":4},{"damage":46,"enemies":"Gremlin Leader","floor":28,"turns":4}],"seed_played":"-3839123979746828234","potions_obtained":[{"floor":4.0,"key":"DistilledChaos"},{"floor":8,"key":"Swift Potion"},{"floor":13,"key":"SpeedPotion"},{"floor":14,"key":"Explosive Potion"},{"floor":16,"key":"SpeedPotion"}],"is_trial":false,"path_per_floor":["M","?","?","M","M","E","R","M","T","?","?","R","M","M","R","B",null,"M","?","M","?","M","R","$","?","T","R","E"],"character_chosen":"IRONCLAD","items_purchased":["Meat on the Bone","Sundial"],"campfire_rested":2,"item_purchase_floors":[24,24],"current_hp_per_floor":[80,73,66,72,70,59,59,65,65,54,54,54,48,44,68,74,80,72,72,53,53,20,44,44,44,44,44,0,0],"gold":12,"neow_bonus":"THREE_CARDS","is_daily":false,"chose_seed":false,"campfire_upgraded":3,"win_rate":0.0,"timestamp":1613240322,"path_taken":["M","?","?","M","M","E","R","M","T","?","?","R","?","M","R","BOSS","M","?","M","?","?","R","$","?","T","R","E"],"items_purchased_type":["Relic","Relic"],"build_version":"2020-12-22","purchased_purges":0,"victory":false,"max_hp_per_floor":[80,80,80,80,80,80,80,80,80,80,80,80,80,80,80,80,80,80,80,80,80,80,80,80,80,80,80,80,80],"card_choices":[{"not_picked":["Intimidate","Perfected Strike"],"picked":"Cleave","floor":0.0},{"not_picked":["Thunderclap","Rupture"],"picked":"Shrug It Off","floor":1.0},{"not_picked":["Entrench","Sword Boomerang"],"picked":"Metallicize","floor":4.0},{"not_picked":["Sword Boomerang","Dark Embrace"],"picked":"Seeing Red","floor":5.0},{"not_picked":["Combust","Rupture"],"picked":"Iron Wave","floor":6.0},{"not_picked":["True Grit","Sever Soul"],"picked":"Flex","floor":8},{"not_picked":["Uppercut","Clothesline"],"picked":"Pommel Strike","floor":13},{"not_picked":["Sever Soul","Warcry"],"picked":"Headbutt","floor":14},{"not_picked":["Impervious","Fiend Fire"],"picked":"Brutality","floor":16},{"not_picked":["Shrug It Off","Clothesline"],"picked":"Heavy Blade","floor":18},{"not_picked":["Shrug It Off","Whirlwind+1"],"picked":"Perfected Strike+1","floor":20},{"not_picked":["Rage","Thunderclap"],"picked":"Pommel Strike","floor":22}],"player_experience":43951,"relics_obtained":[{"floor":6.0,"key":"Shuriken"},{"floor":9,"key":"Gremlin Horn"},{"floor":26,"key":"Mummified Hand"}],"event_choices":[{"damage_healed":0.0,"max_hp_gain":0.0,"max_hp_loss":0.0,"gold_gain":0.0,"event_name":"Scrap Ooze","player_choice":"Success","floor":2.0,"gold_loss":0.0,"damage_taken":7.0,"relics_obtained":["Darkstone Periapt"]},{"cards_removed":["Defend_R"],"damage_healed":0.0,"max_hp_gain":0.0,"max_hp_loss":0.0,"gold_gain":0.0,"event_name":"Golden Wing","player_choice":"Card Removal","floor":3.0,"gold_loss":0.0,"damage_taken":7.0},{"damage_healed":0,"gold_gain":75,"player_choice":"Gather Gold","damage_taken":11,"max_hp_gain":0,"max_hp_loss":0,"event_name":"World of Goop","floor":10,"gold_loss":0},{"damage_healed":0,"gold_gain":0,"player_choice":"Forge","damage_taken":0,"max_hp_gain":0,"max_hp_loss":0,"event_name":"Accursed Blacksmith","floor":11,"gold_loss":0,"cards_upgraded":["Flex"]},{"damage_healed":0,"gold_gain":0,"player_choice":"Ignored","damage_taken":0,"max_hp_gain":0,"max_hp_loss":0,"event_name":"Ghosts","floor":19,"gold_loss":0},{"damage_healed":0,"gold_gain":100,"player_choice":"Pray","damage_taken":0,"max_hp_gain":0,"max_hp_loss":0,"event_name":"Golden Shrine","floor":21,"gold_loss":0},{"damage_healed":0,"gold_gain":0,"player_choice":"Opened","damage_taken":0,"relics_obtained":["War Paint"],"max_hp_gain":0,"max_hp_loss":0,"event_name":"The Mausoleum","floor":25,"gold_loss":0}],"is_beta":false,"boss_relics":[{"not_picked":["Busted Crown","Astrolabe"],"picked":"Black Blood"}],"items_purged_floors":[],"is_endless":false,"potions_floor_spawned":[4,8,13,14,16],"killed_by":"Gremlin Leader","ascension_level":0}}