{"host":"7l2t4psy44vpcd9q","time":1613231277,"event":{"mods":["AchievementEnabler","BaseMod","DeckTracker","Minty Spire (QoL Compilation)","SuperFastMode"],"gold_per_floor":[109,122,122,140,140,140,178,178,203,45,95,113,113,137,137,230,230,246,261,261,280,304,304,347,347,374,374,374],"floor_reached":27,"language":"KOR","playtime":758,"items_purged":["Strike_R"],"score":466,"play_id":"15577863-4a21-427d-ac82-7d4342384e16","local_time":"20210214004757","is_ascension_mode":true,"campfire_choices":[{"data":"Rampage","floor":6,"key":"SMITH"},{"floor":8,"key":"REST"},{"data":"Blood for Blood","floor":13,"key":"SMITH"},{"data":"Fire Breathing","floor":15,"key":"SMITH"},{"floor":23,"key":"REST"},{"floor":25,"key":"REST"}],"circlet_count":0,"master_deck":["AscendersBane","Strike_R","Strike_R","Strike_R","Defend_R","Defend_R","Defend_R","Defend_R","Bash","Rampage+1","Flame Barrier","Blood for Blood+1","Fire Breathing+1","Offering","Headbutt"],"relics":["Burning Blood","PreservedInsect","Golden Idol","Omamori","Pen Nib","Fusion Hammer","Art of War","Lantern"],"acts_visited":["Exordium","TheCity"],"potions_floor_usage":[16,16,19,24,27],"damage_taken":[{"damage":3,"enemies":"2 Louse","floor":1,"turns":3},{"damage":5,"enemies":"Small Slimes","floor":2,"turns":3},{"damage":11,"enemies":"Jaw Worm","floor":4,"turns":5},{"damage":40,"enemies":"3 Sentries","floor":7,"turns":9},{"damage":17,"enemies":"Lots of Slimes","floor":12,"turns":5},{"damage":3,"enemies":"Blue Slaver","floor":14,"turns":3},{"damage":23,"enemies":"Slime Boss","floor":16,"turns":5},{"damage":6,"enemies":"Chosen","floor":18,"turns":3},{"damage":18,"enemies":"3 Byrds","floor":19,"turns":4},{"damage":17,"enemies":"Centurion and Healer","floor":21,"turns":5},{"damage":20,"enemies":"Snecko","floor":22,"turns":4},{"damage":19,"enemies":"Book of Stabbing","floor":24,"turns":3},{"damage":48,"enemies":"Snake Plant","floor":27,"turns":3}],"seed_played":"-5018112492429950669","potions_obtained":[{"floor":4,"key":"FearPotion"},{"floor":7,"key":"DuplicationPotion"},{"floor":16,"key":"GamblersBrew"},{"floor":18,"key":"SpeedPotion"},{"floor":22,"key":"Explosive Potion"}],"is_trial":false,"path_per_floor":["M","M","?","M","?","R","E","R","T","$","?","M","R","M","R","B",null,"M","M","?","M","M","R","E","R","T","M"],"character_chosen":"IRONCLAD","items_purchased":["Blood for Blood"],"campfire_rested":3,"item_purchase_floors":[10],"current_hp_per_floor":[71,72,65,60,60,60,26,46,46,46,46,35,35,38,38,21,56,56,44,44,33,19,39,26,46,46,0,0],"gold":374,"neow_bonus":"RANDOM_COMMON_RELIC","is_daily":false,"chose_seed":false,"campfire_upgraded":3,"win_rate":0.0,"timestamp":1613231277,"path_taken":["M","M","?","M","?","R","E","R","T","$","?","M","R","?","R","BOSS","M","M","?","M","M","R","E","R","T","M"],"items_purchased_type":["Card"],"build_version":"2020-12-22","purchased_purges":1,"victory":false,"max_hp_per_floor":[75,75,75,75,68,68,68,68,68,68,68,68,68,68,68,68,68,68,68,68,68,68,68,68,68,68,68,68],"card_choices":[{"not_picked":["Twin Strike","Iron Wave"],"picked":"Rampage","floor":1},{"not_picked":["Havoc","Anger","Perfected Strike"],"picked":"SKIP","floor":2},{"not_picked":["Rupture","Dark Embrace","Thunderclap"],"picked":"SKIP","floor":4},{"not_picked":["Juggernaut","Combust"],"picked":"Flame Barrier","floor":7},{"not_picked":["Reckless Charge","Thunderclap"],"picked":"Fire Breathing","floor":12},{"not_picked":["Spot Weakness","Sentinel","Searing Blow"],"picked":"SKIP","floor":14},{"not_picked":["Impervious","Barricade"],"picked":"Offering","floor":16},{"not_picked":["True Grit","Iron Wave","Twin Strike"],"picked":"SKIP","floor":18},{"not_picked":["Inflame","Anger","Second Wind"],"picked":"SKIP","floor":19},{"not_picked":["Body Slam","Headbutt","Clash+1"],"picked":"SKIP","floor":21},{"not_picked":["Hemokinesis","Brutality","Rage"],"picked":"SKIP","floor":22},{"not_picked":["Iron Wave","Clash","Anger+1"],"picked":"SKIP","floor":24}],"player_experience":1299824,"relics_obtained":[{"floor":7,"key":"Omamori"},{"floor":9,"key":"Pen Nib"},{"floor":24,"key":"Art of War"},{"floor":26,"key":"Lantern"}],"event_choices":[{"cards_removed":["Strike_R"],"damage_healed":0,"gold_gain":0,"player_choice":"Card Removal","damage_taken":7,"max_hp_gain":0,"max_hp_loss":0,"event_name":"Golden Wing","floor":3,"gold_loss":0},{"damage_healed":0,"gold_gain":0,"player_choice":"Lose Max HP","damage_taken":0,"relics_obtained":["Golden Idol"],"max_hp_gain":0,"max_hp_loss":7,"event_name":"Golden Idol","floor":5,"gold_loss":0},{"damage_healed":0,"gold_gain":50,"player_choice":"Pray","damage_taken":0,"max_hp_gain":0,"max_hp_loss":0,"event_name":"Golden Shrine","floor":11,"gold_loss":0},{"damage_healed":0,"gold_gain":0,"player_choice":"Read","damage_taken":0,"max_hp_gain":0,"max_hp_loss":0,"event_name":"The Library","floor":20,"gold_loss":0,"cards_obtained":["Headbutt"]}],"is_beta":false,"boss_relics":[{"not_picked":["Coffee Dripper","Black Blood"],"picked":"Fusion Hammer"}],"items_purged_floors":[10],"is_endless":false,"potions_floor_spawned":[4,7,12,14,16,18,22],"killed_by":"Snake Plant","ascension_level":20}}