{"host":"5z7rhcocprldured","time":1613240483,"event":{"mods":["2.2 Compatiblity","AchievementEnabler","AlwaysNeverKeys","BaseMod","Best Route Mod","Better Altar","Better Match","Better Note","Better Sensory Stone","Better Skull","Better Third Choice","BetterRewards","Block Reminder","Colored Map","Colored Powertips","Emptier Cage","Energized Spire","Infinite Spire","Marisa????????","Minty Spire (QoL Compilation)","Permanent Neow","Rare Cards Sparkle","Replay The Spire","SacredBarkPlus","Spicy Shops","StSLib","Synergy Search","The Bug Knight","Unceasing Turn Reminder"],"gold_per_floor":[116,129,129,129,153,153,191,191,191,191,191,42,66,90,90,209,209,229,169,188,188],"floor_reached":20,"language":"ENG","playtime":816,"items_purged":["Life Link+1"],"score":324,"play_id":"61bb2cc1-290a-4e83-86a6-45e0ffa497fc","local_time":"20210213182123","is_ascension_mode":false,"campfire_choices":[{"data":"Eruption","floor":6,"key":"SMITH"},{"data":"BattleHymn","floor":8,"key":"SMITH"},{"data":"WindmillStrike","floor":11,"key":"SMITH"},{"data":"Life Link","floor":15,"key":"SMITH"}],"circlet_count":0,"master_deck":["Strike_P","Strike_P","Strike_P","Strike_P","Defend_P","Defend_P","Defend_P","Defend_P","Eruption+1","Vigilance","BattleHymn+1","WindmillStrike+1","Anger","Rupture","Wallop","Berserk","Bandage Up","Ball Lightning"],"relics":["PureWater","PrismaticShard","Golden Idol","Bag of Marbles","PreservedInsect","The Courier","Damaru"],"acts_visited":["Exordium","TheCity"],"potions_floor_usage":[7],"damage_taken":[{"damage":0,"enemies":"2 Louse","floor":1,"turns":2},{"damage":0,"enemies":"Small Slimes","floor":2,"turns":3},{"damage":0,"enemies":"Cultist","floor":5,"turns":1},{"damage":10,"enemies":"3 Sentries","floor":7,"turns":3},{"damage":2,"enemies":"2 Fungi Beasts","floor":13,"turns":3},{"damage":8,"enemies":"Gremlin Gang","floor":14,"turns":4},{"damage":0,"enemies":"Fading Forest","floor":16,"turns":11},{"damage":9,"enemies":"Chosen","floor":18,"turns":4},{"damage":50,"enemies":"2 Thieves","floor":20,"turns":3}],"seed_played":"2486320491360366149","potions_obtained":[{"floor":2,"key":"Explosive Potion"},{"floor":5,"key":"LiquidBronze"},{"floor":13,"key":"Venom Potion"}],"is_trial":false,"path_per_floor":["M","M","?","?","M","R","E","R","T","?","R","$","M","M","R","B",null,"M","$","M"],"character_chosen":"WATCHER","items_purchased":["PrismaticShard","BattleHymn","Wallop","Damaru"],"campfire_rested":0,"item_purchase_floors":[0,0,12,12],"current_hp_per_floor":[72,72,54,47,47,47,37,37,37,82,82,82,80,72,72,82,82,73,73,23,23],"gold":188,"neow_bonus":"","is_daily":false,"chose_seed":false,"campfire_upgraded":4,"win_rate":0.0,"timestamp":1613240483,"path_taken":["M","M","?","?","M","R","E","R","T","?","R","$","M","M","R","BOSS","M","?","M"],"items_purchased_type":["Relic","Card","Card","Relic"],"build_version":"2020-12-22","purchased_purges":1,"victory":false,"max_hp_per_floor":[72,72,72,72,72,72,72,72,72,82,82,82,82,82,82,82,82,82,82,82,82],"card_choices":[{"not_picked":["HollowMod:WraithStrike","Dark Shackles"],"picked":"WindmillStrike","floor":1},{"not_picked":["Prostrate","GalacticHalo"],"picked":"Anger","floor":2},{"not_picked":["Leap","Slice"],"picked":"Buffer","floor":5},{"not_picked":["Impatience","ReplayTheSpireMod:Strike From Hell"],"picked":"Rupture","floor":7},{"not_picked":["WheelKick","Replay:DivineShield"],"picked":"Life Link","floor":13},{"not_picked":["Burning Pact","Expertise","Sucker Punch"],"picked":"SKIP","floor":14},{"not_picked":["HollowMod:Hiveblood","HollowMod:AwokenDreamNail"],"picked":"Berserk","floor":16},{"not_picked":["Abandon","ReplayTheSpireMod:Corrosion Curse"],"picked":"Bandage Up","floor":18},{"not_picked":["Specialist","Headbutt"],"picked":"Ball Lightning","floor":20}],"player_experience":186707,"relics_obtained":[{"floor":7,"key":"PreservedInsect"},{"floor":9,"key":"The Courier"}],"event_choices":[{"damage_healed":0,"gold_gain":0,"player_choice":"Take Damage","damage_taken":18,"relics_obtained":["Golden Idol"],"max_hp_gain":0,"max_hp_loss":0,"event_name":"Golden Idol","floor":3,"gold_loss":0},{"damage_healed":0,"gold_gain":0,"player_choice":"Relic ","damage_taken":7,"max_hp_gain":0,"max_hp_loss":0,"event_name":"betterThird:BetterScrap","floor":4,"gold_loss":0,"cards_obtained":["Reboot"]},{"cards_removed":["Buffer"],"damage_healed":35,"gold_gain":0,"player_choice":"Offered Rare","damage_taken":0,"max_hp_gain":10,"max_hp_loss":0,"event_name":"Bonfire Elementals","floor":10,"gold_loss":0}],"is_beta":false,"boss_relics":[{"not_picked":["Fusion Hammer","energizedSpire:StickyHand","energizedSpire:CursedPentagram"]}],"items_purged_floors":[19],"is_endless":false,"potions_floor_spawned":[2,5,13],"killed_by":"2 Thieves","ascension_level":0}}