{"host":"362zhnvmfmhc3u7b","time":1613190131,"event":{"mods":["BaseMod","Colored Powertips","Minty Spire (QoL Compilation)","Quick Restart","Rare Cards Sparkle","StSLib"],"gold_per_floor":[114,133,53,128,93,123,123,155,206,233,253,265,278,297,297,297,297],"floor_reached":16,"language":"ENG","playtime":1067,"items_purged":[],"score":207,"play_id":"40b3f5ea-0569-41d0-bc28-19813766bb90","local_time":"20210212232211","is_ascension_mode":true,"campfire_choices":[{"data":"BowlingBash","floor":7,"key":"SMITH"},{"floor":15,"key":"REST"}],"circlet_count":0,"master_deck":["AscendersBane","Strike_P","Strike_P","Strike_P","Strike_P","Defend_P","Defend_P","Defend_P","Defend_P","Eruption","Vigilance","BowlingBash+1","SashWhip","Prostrate","FearNoEvil","EmptyBody","Perseverance","Prostrate","Brilliance","Tantrum","Halt","Indignation"],"relics":["PureWater","Toy Ornithopter","Orichalcum","MealTicket","Matryoshka"],"acts_visited":["Exordium"],"potions_floor_usage":[6,12,16],"damage_taken":[{"damage":5,"enemies":"Cultist","floor":1,"turns":4},{"damage":2,"enemies":"Small Slimes","floor":2,"turns":5},{"damage":17,"enemies":"Lagavulin","floor":6,"turns":6},{"damage":23,"enemies":"3 Sentries","floor":8,"turns":12},{"damage":10,"enemies":"Gremlin Nob","floor":10,"turns":4},{"damage":0,"enemies":"2 Louse","floor":11,"turns":4},{"damage":2,"enemies":"Exordium Wildlife","floor":12,"turns":4},{"damage":1,"enemies":"2 Fungi Beasts","floor":13,"turns":4},{"damage":0,"enemies":"Large Slime","floor":14,"turns":4},{"damage":46,"enemies":"Hexaghost","floor":16,"turns":14}],"seed_played":"2891996603285986217","potions_obtained":[{"floor":2,"key":"BlessingOfTheForge"},{"floor":8,"key":"SkillPotion"},{"floor":14,"key":"BottledMiracle"}],"is_trial":false,"path_per_floor":["M","M","$","?","?","E","R","E","T","E","M","M","M","M","R","B"],"character_chosen":"WATCHER","items_purchased":["FearNoEvil"],"campfire_rested":1,"item_purchase_floors":[3],"current_hp_per_floor":[56,54,54,43,60,43,43,20,20,10,10,13,12,12,32,0,0],"gold":297,"neow_bonus":"THREE_CARDS","is_daily":false,"chose_seed":false,"campfire_upgraded":1,"win_rate":0.0,"timestamp":1613190131,"path_taken":["M","M","$","?","?","E","R","E","T","E","M","M","M","M","R","BOSS"],"items_purchased_type":["Card"],"build_version":"2020-12-22","purchased_purges":0,"victory":false,"max_hp_per_floor":[68,68,68,68,68,68,68,68,68,68,68,68,68,68,68,68,68],"card_choices":[{"not_picked":["Vengeance","CrushJoints"],"picked":"BowlingBash","floor":0},{"not_picked":["Halt","FlyingSleeves"],"picked":"SashWhip","floor":1},{"not_picked":["BowlingBash","FlyingSleeves"],"picked":"Prostrate","floor":2},{"not_picked":["Vengeance","InnerPeace"],"picked":"EmptyBody","floor":6},{"not_picked":["BattleHymn","Worship"],"picked":"Perseverance","floor":8},{"not_picked":["Swivel","Halt"],"picked":"Prostrate","floor":10},{"not_picked":["Study","ClearTheMind"],"picked":"Brilliance","floor":11},{"not_picked":["Wireheading","SignatureMove"],"picked":"Tantrum","floor":12},{"not_picked":["ClearTheMind","DeceiveReality"],"picked":"Halt","floor":13},{"not_picked":["Halt","FearNoEvil"],"picked":"Indignation","floor":14}],"player_experience":1605418,"relics_obtained":[{"floor":6,"key":"Toy Ornithopter"},{"floor":8,"key":"Orichalcum"},{"floor":9,"key":"MealTicket"},{"floor":10,"key":"Matryoshka"}],"event_choices":[{"damage_healed":0,"gold_gain":75,"player_choice":"Gather Gold","damage_taken":11,"max_hp_gain":0,"max_hp_loss":0,"event_name":"World of Goop","floor":4,"gold_loss":0},{"damage_healed":17,"gold_gain":0,"player_choice":"Healed","damage_taken":0,"max_hp_gain":0,"max_hp_loss":0,"event_name":"The Cleric","floor":5,"gold_loss":35}],"is_beta":false,"boss_relics":[],"items_purged_floors":[],"is_endless":false,"potions_floor_spawned":[2,8,14],"killed_by":"Hexaghost","ascension_level":14}}