{"host":"p0hktren06injwdf","time":1613186937,"event":{"mods":["AchievementEnabler","BaseMod","Colored Map","DeckTracker","Minty Spire (QoL Compilation)","Permanent Neow","StSLib","SuperFastMode"],"gold_per_floor":[114,125,125,10,30,30,60,60,60,91,102,102,119,146,146,218,218,231,46,60,93,93,93,121,121,145,145,195,213,213,233,233,307,357,371,371,390,612,240,266,282,315,315,315,333,366,163,192,192,192,192,192,192,109,134,134],"floor_reached":57,"language":"KOR","playtime":1280,"items_purged":["Defend_P","Strike_P","Brilliance"],"score":3562,"play_id":"91b2286d-1f6d-45c5-80d0-81999b5eecd3","local_time":"20210213122857","is_ascension_mode":true,"campfire_choices":[{"data":"Eruption","floor":6,"key":"SMITH"},{"data":"Adaptation","floor":8,"key":"SMITH"},{"data":"Halt","floor":12,"key":"SMITH"},{"data":"Defend_P","floor":15,"key":"PURGE"},{"data":"Scrawl","floor":23,"key":"SMITH"},{"data":"Adaptation","floor":25,"key":"SMITH"},{"data":"Defend_P","floor":27,"key":"PURGE"},{"data":"Strike_P","floor":30,"key":"PURGE"},{"data":"Strike_P","floor":32,"key":"PURGE"},{"floor":49,"key":"RECALL"},{"data":"CutThroughFate+1","floor":53,"key":"PURGE"}],"circlet_count":0,"master_deck":["AscendersBane","Eruption+1","Vigilance","Adaptation+1","InnerPeace","Halt+1","Tantrum","Scrawl+1","Adaptation+1","Finesse","MentalFortress","TalkToTheHand"],"relics":["PureWater","Peace Pipe","Meat on the Bone","StoneCalendar","Du-Vu Doll","Black Star","Red Mask","Tiny Chest","Orichalcum","Lantern","Tiny House","Kunai","Toy Ornithopter","Boot","Happy Flower","Ancient Tea Set","Ornamental Fan","Oddly Smooth Stone","Lizard Tail","Potion Belt","Mummified Hand","Blood Vial","Akabeko"],"acts_visited":["Exordium","TheCity","TheBeyond","TheEnding"],"potions_floor_usage":[7,14,24,56],"damage_taken":[{"damage":0.0,"enemies":"Small Slimes","floor":1.0,"turns":2.0},{"damage":9.0,"enemies":"Jaw Worm","floor":2.0,"turns":4.0},{"damage":0,"enemies":"Cultist","floor":5,"turns":2},{"damage":0,"enemies":"Lagavulin","floor":7,"turns":3},{"damage":16,"enemies":"Gremlin Nob","floor":10,"turns":3},{"damage":0,"enemies":"Gremlin Gang","floor":11,"turns":4},{"damage":0,"enemies":"Exordium Wildlife","floor":13,"turns":2},{"damage":2,"enemies":"3 Sentries","floor":14,"turns":3},{"damage":0,"enemies":"Slime Boss","floor":16,"turns":4},{"damage":1,"enemies":"Shell Parasite","floor":18,"turns":3},{"damage":0,"enemies":"Spheric Guardian","floor":20,"turns":2},{"damage":0,"enemies":"Masked Bandits","floor":21,"turns":3},{"damage":0,"enemies":"Slavers","floor":24,"turns":3},{"damage":0,"enemies":"Centurion and Healer","floor":29,"turns":2},{"damage":0,"enemies":"Sentry and Sphere","floor":31,"turns":1},{"damage":0,"enemies":"Collector","floor":33,"turns":1},{"damage":0,"enemies":"Orb Walker","floor":35,"turns":1},{"damage":0,"enemies":"3 Shapes","floor":37,"turns":1},{"damage":0,"enemies":"Giant Head","floor":40,"turns":2},{"damage":0,"enemies":"Spire Growth","floor":41,"turns":1},{"damage":0,"enemies":"Nemesis","floor":42,"turns":2},{"damage":0,"enemies":"Maw","floor":45,"turns":1},{"damage":0,"enemies":"Reptomancer","floor":46,"turns":1},{"damage":0,"enemies":"Nemesis","floor":48,"turns":1},{"damage":0,"enemies":"Awakened One","floor":50,"turns":2},{"damage":0,"enemies":"Donu and Deca","floor":51,"turns":1},{"damage":0,"enemies":"Shield and Spear","floor":55,"turns":1},{"damage":0,"enemies":"The Heart","floor":56,"turns":4}],"seed_played":"7923496337334106","potions_obtained":[{"floor":5,"key":"Fire Potion"},{"floor":7,"key":"Regen Potion"},{"floor":11,"key":"AttackPotion"},{"floor":21,"key":"GamblersBrew"},{"floor":29,"key":"PowerPotion"},{"floor":41,"key":"Dexterity Potion"},{"floor":48,"key":"Ambrosia"}],"is_trial":false,"path_per_floor":["M","M","?","$","M","R","E","R","T","E","M","R","M","E","R","B",null,"M","$","M","?","?","R","E","R","T","R","?","M","R","M","R","B",null,"M","?","M","?","$","E","M","E","T","T","M","E","$","E","R","B","B",null,"R","$","E","B",null],"character_chosen":"WATCHER","items_purchased":["Adaptation","Adaptation","Finesse","Kunai","MentalFortress","LiquidMemories"],"campfire_rested":0,"item_purchase_floors":[4,19,19,39,47,54],"current_hp_per_floor":[61,52,52,52,52,52,52,52,52,36,36,36,36,46,46,46,63,62,62,62,62,62,62,62,62,62,62,62,62,62,62,62,62,72,72,69,69,69,69,69,69,69,69,69,69,69,69,69,69,69,69,69,69,69,69,69],"gold":134,"neow_bonus":"REMOVE_CARD","is_daily":false,"chose_seed":false,"campfire_upgraded":5,"win_rate":0.0,"timestamp":1613186937,"path_taken":["M","M","?","?","M","R","E","R","T","E","M","R","M","E","R","BOSS","M","?","?","?","?","R","E","R","T","R","?","M","R","M","R","BOSS","M","?","M","?","$","E","M","E","T","?","M","E","$","E","R","BOSS","BOSS","R","$","E","BOSS"],"items_purchased_type":["Card","Card","Card","Relic","Card","Potion"],"build_version":"2020-12-22","purchased_purges":3,"victory":true,"max_hp_per_floor":[68,68,68,68,68,68,68,68,68,68,68,68,68,68,68,68,68,68,68,68,68,68,68,68,68,68,68,68,68,68,68,68,68,73,73,69,69,69,69,69,69,69,69,69,69,69,69,69,69,69,69,69,69,69,69,69],"card_choices":[{"not_picked":["EmptyFist","ClearTheMind"],"picked":"CutThroughFate","floor":1.0},{"not_picked":["ClearTheMind","WreathOfFlame","ForeignInfluence"],"picked":"SKIP","floor":2.0},{"not_picked":["Pray","Indignation"],"picked":"InnerPeace","floor":5},{"not_picked":["JustLucky","Vengeance"],"picked":"Halt","floor":7},{"not_picked":["JustLucky","EmptyFist","ReachHeaven"],"picked":"SKIP","floor":10},{"not_picked":["Nirvana","SandsOfTime"],"picked":"Tantrum","floor":11},{"not_picked":["EmptyFist","ThirdEye","SandsOfTime"],"picked":"SKIP","floor":13},{"not_picked":["Crescendo","Weave"],"picked":"Brilliance","floor":14},{"not_picked":["DevaForm","Vault"],"picked":"Scrawl","floor":16},{"not_picked":["SashWhip","Wireheading","Halt"],"picked":"SKIP","floor":18},{"not_picked":["Protect+1","BowlingBash","CutThroughFate"],"picked":"SKIP","floor":20},{"not_picked":["Consecrate","Protect","BowlingBash"],"picked":"SKIP","floor":24},{"not_picked":["Omniscience","WheelKick","Tantrum"],"picked":"SKIP","floor":29},{"not_picked":["Adaptation","Halt+1","Wallop"],"picked":"SKIP","floor":31},{"not_picked":["Swivel+1","ForeignInfluence","FlurryOfBlows"],"picked":"SKIP","floor":35},{"not_picked":["FlyingSleeves","FollowUp+1","ClearTheMind"],"picked":"SKIP","floor":37},{"not_picked":["Consecrate","Nirvana+1","WindmillStrike"],"picked":"SKIP","floor":40},{"not_picked":["Sanctity","Meditate","WreathOfFlame"],"picked":"SKIP","floor":41},{"not_picked":["SignatureMove","FearNoEvil+1","Consecrate"],"picked":"SKIP","floor":42},{"not_picked":["Collect","InnerPeace","WindmillStrike"],"picked":"SKIP","floor":45},{"not_picked":["WreathOfFlame","DeceiveReality+1","CrushJoints"],"picked":"SKIP","floor":46},{"not_picked":["Indignation","Vengeance+1","ThirdEye+1"],"picked":"SKIP","floor":48},{"not_picked":["JustLucky","Swivel"],"picked":"TalkToTheHand","floor":55}],"player_experience":1042968,"relics_obtained":[{"floor":7,"key":"Peace Pipe"},{"floor":9,"key":"Meat on the Bone"},{"floor":10,"key":"StoneCalendar"},{"floor":14,"key":"Du-Vu Doll"},{"floor":21,"key":"Red Mask"},{"floor":24,"key":"Tiny Chest"},{"floor":24,"key":"Orichalcum"},{"floor":26,"key":"Lantern"},{"floor":40,"key":"Toy Ornithopter"},{"floor":40,"key":"Boot"},{"floor":42,"key":"Happy Flower"},{"floor":42,"key":"Ancient Tea Set"},{"floor":44,"key":"Ornamental Fan"},{"floor":46,"key":"Oddly Smooth Stone"},{"floor":46,"key":"Lizard Tail"},{"floor":48,"key":"Potion Belt"},{"floor":48,"key":"Mummified Hand"},{"floor":55,"key":"Blood Vial"},{"floor":55,"key":"Akabeko"}],"event_choices":[{"damage_healed":0.0,"max_hp_gain":0.0,"max_hp_loss":0.0,"gold_gain":0.0,"event_name":"Liars Game","player_choice":"Ignored","floor":3.0,"gold_loss":0.0,"damage_taken":0.0},{"damage_healed":0,"gold_gain":0,"player_choice":"Fought Bandits","damage_taken":0,"max_hp_gain":0,"max_hp_loss":0,"event_name":"Masked Bandits","floor":21,"gold_loss":0},{"cards_removed":["Strike_P"],"damage_healed":0,"gold_gain":0,"player_choice":"Elegance","damage_taken":0,"max_hp_gain":0,"max_hp_loss":0,"event_name":"Back to Basics","floor":22,"gold_loss":0},{"damage_healed":0,"gold_gain":50,"player_choice":"Stole From Cult","damage_taken":0,"max_hp_gain":0,"max_hp_loss":0,"event_name":"Nest","floor":28,"gold_loss":0},{"damage_healed":0,"gold_gain":0,"player_choice":"Max HP","damage_taken":0,"max_hp_gain":0,"max_hp_loss":4,"event_name":"Winding Halls","floor":36,"gold_loss":0},{"damage_healed":0,"gold_gain":222,"player_choice":"Wore Mask","damage_taken":0,"max_hp_gain":0,"max_hp_loss":0,"event_name":"Tomb of Lord Red Mask","floor":38,"gold_loss":0}],"is_beta":false,"boss_relics":[{"not_picked":["Calling Bell","Ectoplasm"],"picked":"Black Star"},{"not_picked":["Cursed Key","Coffee Dripper"],"picked":"Tiny House"}],"items_purged_floors":[4,39,47],"is_endless":false,"potions_floor_spawned":[5,7,11,13,21,29,33,37,41,45,48],"ascension_level":20}}