{"host":"19tvufa8xx4wr4o1","time":1613253841,"event":{"mods":["AchievementEnabler","BaseMod","Better Sensory Stone","Better Third Choice","Highlight Path","Minty Spire (QoL Compilation)","Relic Stats","StSLib"],"gold_per_floor":[119,269,295,312,312,312,345,360,360,360,360,376,376,396,396,473,473,491,491,74,74,0,0,27,27,27,41,56,91,91,16,16,87,87,100,111,136,151,166,166,198,198,198,198,209,209,223,241,241,241,241],"floor_reached":50,"language":"ENG","playtime":2595,"items_purged":["Doubt"],"score":893,"play_id":"cede75a4-ef77-47d7-abbb-3dd73b8d11fa","local_time":"20210213160401","is_ascension_mode":true,"campfire_choices":[{"data":"Apotheosis","floor":6.0,"key":"SMITH"},{"floor":11.0,"key":"REST"},{"data":"Noxious Fumes","floor":13.0,"key":"SMITH"},{"data":"Noxious Fumes","floor":15.0,"key":"SMITH"},{"floor":23.0,"key":"REST"},{"floor":25.0,"key":"REST"},{"floor":30.0,"key":"REST"},{"floor":32.0,"key":"REST"},{"floor":40.0,"key":"REST"},{"floor":42.0,"key":"REST"},{"floor":49.0,"key":"REST"}],"circlet_count":0,"master_deck":["AscendersBane","Strike_G","Strike_G","Strike_G","Strike_G","Defend_G","Defend_G","Defend_G","Defend_G","Defend_G+1","Survivor","Neutralize","Footwork","Apotheosis+1","Poisoned Stab","Noxious Fumes+1","Noxious Fumes+1","Leg Sweep","Blade Dance","Terror","Catalyst+1","Blur","Bane+1","Backflip+1","A Thousand Cuts","PiercingWail+1","Bouncing Flask+1","PiercingWail+1","After Image","Dagger Spray","Writhe","Well Laid Plans"],"relics":["Snecko Eye","Orichalcum","Bag of Preparation","Lantern","Fusion Hammer","Gremlin Horn","War Paint","Bottled Lightning","Smiling Mask","SacredBark","Calipers","Sundial","Happy Flower"],"acts_visited":["Exordium","TheCity","TheBeyond"],"potions_floor_usage":[50,50],"damage_taken":[{"damage":0.0,"enemies":"2 Louse","floor":1.0,"turns":4.0},{"damage":9.0,"enemies":"Jaw Worm","floor":4.0,"turns":6.0},{"damage":32.0,"enemies":"Lagavulin","floor":7.0,"turns":10.0},{"damage":0.0,"enemies":"Small Slimes","floor":8.0,"turns":3.0},{"damage":0.0,"enemies":"Blue Slaver","floor":12.0,"turns":4.0},{"damage":13.0,"enemies":"Exordium Wildlife","floor":14.0,"turns":7.0},{"damage":9.0,"enemies":"Hexaghost","floor":16.0,"turns":10.0},{"damage":2.0,"enemies":"Chosen","floor":18.0,"turns":6.0},{"damage":2.0,"enemies":"Book of Stabbing","floor":24.0,"turns":5.0},{"damage":21.0,"enemies":"2 Thieves","floor":27.0,"turns":4.0},{"damage":0.0,"enemies":"Centurion and Healer","floor":28.0,"turns":6.0},{"damage":19.0,"enemies":"Slavers","floor":29.0,"turns":5.0},{"damage":4.0,"enemies":"Automaton","floor":33.0,"turns":12.0},{"damage":13.0,"enemies":"3 Shapes","floor":35.0,"turns":4.0},{"damage":8.0,"enemies":"3 Darklings","floor":36.0,"turns":5.0},{"damage":4.0,"enemies":"Mind Bloom Boss Battle","floor":37.0,"turns":6.0},{"damage":27.0,"enemies":"Spire Growth","floor":38.0,"turns":6.0},{"damage":9.0,"enemies":"Jaw Worm Horde","floor":39.0,"turns":5.0},{"damage":52.0,"enemies":"Nemesis","floor":41.0,"turns":11.0},{"damage":11.0,"enemies":"Transient","floor":45.0,"turns":5.0},{"damage":2.0,"enemies":"4 Shapes","floor":47.0,"turns":4.0},{"damage":9.0,"enemies":"Jaw Worm Horde","floor":48.0,"turns":3.0},{"damage":78,"enemies":"Awakened One","floor":50,"turns":13}],"seed_played":"-1018093004882249831","potions_obtained":[{"floor":1.0,"key":"Strength Potion"},{"floor":7.0,"key":"Energy Potion"},{"floor":14.0,"key":"SteroidPotion"},{"floor":24.0,"key":"Weak Potion"},{"floor":28.0,"key":"FairyPotion"},{"floor":35.0,"key":"BlessingOfTheForge"},{"floor":45.0,"key":"DistilledChaos"},{"floor":47.0,"key":"SteroidPotion"},{"floor":48.0,"key":"ColorlessPotion"}],"is_trial":false,"path_per_floor":["M","?","T","M","?","R","E","M","T","?","R","M","R","M","R","B",null,"M","?","$","?","$","R","E","R","T","M","M","E","R","?","R","B",null,"M","M","?","M","M","R","E","R","T","?","M","?","M","M","R","B"],"character_chosen":"THE_SILENT","items_purchased":["Gremlin Horn","Blade Dance","Terror","Catalyst"],"campfire_rested":8,"item_purchase_floors":[20,20,20,22],"current_hp_per_floor":[59,59,59,50,50,50,18,18,18,18,37,37,37,24,24,15,53,51,33,33,33,33,54,52,71,71,50,50,31,52,52,71,67,70,57,49,45,18,9,30,26,47,47,47,36,50,48,39,60,0,0],"gold":241,"neow_bonus":"BOSS_RELIC","is_daily":false,"chose_seed":false,"campfire_upgraded":3,"win_rate":0.0,"timestamp":1613253841,"path_taken":["M","?","?","M","?","R","E","M","T","?","R","M","R","?","R","BOSS","M","?","$","?","?","R","E","R","T","?","M","E","R","?","R","BOSS","M","M","?","M","M","R","E","R","T","?","?","?","M","M","R","BOSS"],"items_purchased_type":["Relic","Card","Card","Card"],"build_version":"2020-12-22","purchased_purges":1,"victory":false,"max_hp_per_floor":[66,66,66,66,66,66,66,66,66,66,66,66,66,66,66,66,66,66,71,71,71,71,71,71,71,71,71,71,71,71,71,71,71,71,71,71,71,71,71,71,71,71,71,71,71,71,71,71,71,71,71],"relic_stats":{"Gremlin Horn":[17,17],"Happy Flower":[8],"counters":[23,144],"Sundial":[2],"Snecko Eye":[245,260,252,262],"Bag of Preparation":[40],"Orichalcum":[180],"War Paint":["Catalyst","Defend_G"],"Smiling Mask":0,"obtain_stats":[{"Lantern":9,"Calipers":37,"Gremlin Horn":20,"Happy Flower":43,"SacredBark":34,"Bag of Preparation":7,"Orichalcum":3,"War Paint":24,"Smiling Mask":29,"Sundial":41,"Snecko Eye":0,"Fusion Hammer":17,"Bottled Lightning":26,"Ring of the Snake":0},{"Lantern":4,"Calipers":16,"Gremlin Horn":8,"Happy Flower":19,"SacredBark":13,"Bag of Preparation":3,"Orichalcum":1,"War Paint":9,"Smiling Mask":12,"Sundial":19,"Snecko Eye":0,"Fusion Hammer":7,"Bottled Lightning":9,"Ring of the Snake":0},{"Lantern":23,"Calipers":97,"Gremlin Horn":50,"Happy Flower":119,"SacredBark":82,"Bag of Preparation":20,"Orichalcum":4,"War Paint":55,"Smiling Mask":70,"Sundial":119,"Snecko Eye":0,"Fusion Hammer":44,"Bottled Lightning":55,"Ring of the Snake":0}]},"card_choices":[{"not_picked":["Accuracy","Setup"],"picked":"Footwork","floor":1.0},{"not_picked":["Quick Slash","Prepared","Outmaneuver"],"picked":"SKIP","floor":4.0},{"not_picked":["Deep Breath","Chrysalis"],"picked":"Apotheosis","floor":5.0},{"not_picked":["Dagger Throw","Prepared"],"picked":"Poisoned Stab","floor":7.0},{"not_picked":["Flying Knee","Infinite Blades","Dagger Throw"],"picked":"SKIP","floor":8.0},{"not_picked":["Heel Hook","Backflip"],"picked":"Noxious Fumes","floor":12.0},{"not_picked":["Slice","Reflex"],"picked":"Noxious Fumes","floor":14.0},{"not_picked":["Storm of Steel","Doppelganger"],"picked":"Wraith Form v2","floor":16.0},{"not_picked":["All Out Attack+1","Distraction"],"picked":"Leg Sweep","floor":18.0},{"not_picked":["Acrobatics","Dagger Throw"],"picked":"Blur","floor":24.0},{"not_picked":["Escape Plan","Quick Slash"],"picked":"Bane+1","floor":27.0},{"not_picked":["PiercingWail","Deflect"],"picked":"Backflip+1","floor":28.0},{"not_picked":["Concentrate","Prepared","Poisoned Stab"],"picked":"SKIP","floor":29.0},{"not_picked":["Tools of the Trade","Wraith Form v2"],"picked":"A Thousand Cuts","floor":33.0},{"not_picked":["Sucker Punch","Accuracy"],"picked":"PiercingWail+1","floor":35.0},{"not_picked":["PiercingWail","Calculated Gamble+1"],"picked":"Bouncing Flask+1","floor":36.0},{"not_picked":["Flying Knee+1","Skewer","Setup"],"picked":"SKIP","floor":38.0},{"not_picked":["Dagger Throw","Blade Dance"],"picked":"PiercingWail+1","floor":39.0},{"not_picked":["Prepared","Endless Agony"],"picked":"After Image","floor":41.0},{"not_picked":["Dagger Throw","Prepared","Acrobatics"],"picked":"SKIP","floor":45.0},{"not_picked":["Accuracy","Finisher"],"picked":"Well Laid Plans","floor":47.0},{"not_picked":["Acrobatics","Blade Dance","Slice+1"],"picked":"SKIP","floor":48.0}],"player_experience":636396,"relics_obtained":[{"floor":3.0,"key":"Orichalcum"},{"floor":7.0,"key":"Bag of Preparation"},{"floor":9.0,"key":"Lantern"},{"floor":24.0,"key":"War Paint"},{"floor":26.0,"key":"Bottled Lightning"},{"floor":29.0,"key":"Smiling Mask"},{"floor":37.0,"key":"Calipers"},{"floor":41.0,"key":"Sundial"},{"floor":43.0,"key":"Happy Flower"}],"event_choices":[{"damage_healed":0.0,"max_hp_gain":0.0,"max_hp_loss":0.0,"gold_gain":150.0,"event_name":"betterThird:BetterSerpent","player_choice":"AGREE","floor":2.0,"gold_loss":0.0,"damage_taken":119.0},{"damage_healed":0.0,"max_hp_gain":0.0,"max_hp_loss":0.0,"gold_gain":1.0,"event_name":"betterStone:BetterStone","player_choice":"1","floor":5.0,"gold_loss":0.0,"damage_taken":0.0},{"damage_healed":0.0,"max_hp_gain":0.0,"max_hp_loss":0.0,"gold_gain":0.0,"event_name":"Golden Wing","player_choice":"Ignored","floor":10.0,"gold_loss":0.0,"damage_taken":0.0},{"damage_healed":0.0,"max_hp_gain":5.0,"max_hp_loss":0.0,"gold_gain":0.0,"event_name":"Forgotten Altar","player_choice":"Shed Blood","floor":19.0,"gold_loss":0.0,"damage_taken":23.0},{"damage_healed":0.0,"max_hp_gain":0.0,"max_hp_loss":0.0,"gold_gain":0.0,"event_name":"Ghosts","player_choice":"Ignored","floor":21.0,"gold_loss":0.0,"damage_taken":0.0},{"cards_removed":["Wraith Form v2"],"damage_healed":0.0,"max_hp_gain":0.0,"max_hp_loss":0.0,"gold_gain":0.0,"event_name":"Beggar","player_choice":"Gave Gold","floor":31.0,"gold_loss":75.0,"damage_taken":0.0},{"damage_healed":0.0,"max_hp_gain":0.0,"max_hp_loss":0.0,"gold_gain":0.0,"event_name":"MindBloom","player_choice":"Fight","floor":37.0,"gold_loss":0.0,"damage_taken":0.0},{"damage_healed":0.0,"max_hp_gain":0.0,"max_hp_loss":0.0,"gold_gain":0.0,"cards_transformed":["Strike_G"],"event_name":"Transmorgrifier","player_choice":"Transformed","floor":44.0,"gold_loss":0.0,"damage_taken":0.0,"cards_obtained":["Dagger Spray"]},{"damage_healed":14.0,"max_hp_gain":0.0,"max_hp_loss":0.0,"gold_gain":0.0,"event_name":"Winding Halls","player_choice":"Writhe","floor":46.0,"gold_loss":0.0,"damage_taken":0.0,"cards_obtained":["Writhe"]}],"is_beta":false,"boss_relics":[{"not_picked":["HoveringKite","Empty Cage"],"picked":"Fusion Hammer"},{"not_picked":["Velvet Choker","Calling Bell"],"picked":"SacredBark"}],"items_purged_floors":[20],"is_endless":false,"potions_floor_spawned":[1,7,14,24,27,28,35,37,45,47,48],"killed_by":"Awakened One","ascension_level":15}}