{"host":"zlqt5v02sur1j944","time":1613206419,"event":{"mods":["BaseMod","Highlight Path","Minty Spire (QoL Compilation)","Relic Stats","StSLib"],"gold_per_floor":[113,263,188,9,29,29,60,60,60,60,79,89,89,107,107,183,183,200,217,236,256,256,256,283,283,332,361,379,391,316,348,348,348,348],"floor_reached":33,"language":"ENG","playtime":1621,"items_purged":[],"score":664,"play_id":"10d11721-dc79-4dcb-a419-6d80982366a3","local_time":"20210213005339","is_ascension_mode":true,"campfire_choices":[{"data":"Glass Knife","floor":6,"key":"SMITH"},{"data":"Dagger Spray","floor":8,"key":"SMITH"},{"data":"Wraith Form v2","floor":10,"key":"SMITH"},{"data":"Doppelganger","floor":13,"key":"SMITH"},{"data":"Deadly Poison","floor":15,"key":"SMITH"},{"data":"Crippling Poison","floor":23,"key":"SMITH"},{"data":"Predator","floor":25,"key":"SMITH"},{"floor":32,"key":"REST"}],"circlet_count":0,"master_deck":["AscendersBane","Strike_G","Strike_G","Strike_G","Strike_G","Defend_G","Defend_G","Defend_G","Defend_G","Defend_G","Survivor","Neutralize","Dagger Spray+1","Glass Knife+1","Wraith Form v2+1","Deadly Poison+1","Doppelganger+1","Adrenaline","Calculated Gamble","Crippling Poison+1","Prepared+1","Predator+1","Deadly Poison","Terror"],"relics":["Ring of the Snake","NeowsBlessing","Strawberry","InkBottle","Velvet Choker","White Beast Statue","Akabeko","MealTicket","Tiny Chest"],"acts_visited":["Exordium","TheCity"],"potions_floor_usage":[12,16,19,27,28,31,33,33],"damage_taken":[{"damage":0,"enemies":"Small Slimes","floor":1,"turns":1},{"damage":0,"enemies":"Jaw Worm","floor":5,"turns":1},{"damage":0,"enemies":"3 Sentries","floor":7,"turns":1},{"damage":1,"enemies":"Cultist","floor":11,"turns":3},{"damage":1,"enemies":"Blue Slaver","floor":12,"turns":5},{"damage":2,"enemies":"Looter","floor":14,"turns":4},{"damage":25,"enemies":"Hexaghost","floor":16,"turns":12},{"damage":3,"enemies":"3 Byrds","floor":18,"turns":6},{"damage":8,"enemies":"Shell Parasite","floor":19,"turns":4},{"damage":5,"enemies":"Centurion and Healer","floor":20,"turns":8},{"damage":0,"enemies":"Snecko","floor":21,"turns":4},{"damage":13,"enemies":"Book of Stabbing","floor":24,"turns":5},{"damage":14,"enemies":"Gremlin Leader","floor":27,"turns":6},{"damage":18,"enemies":"Chosen and Byrds","floor":28,"turns":4},{"damage":13,"enemies":"Centurion and Healer","floor":29,"turns":4},{"damage":5,"enemies":"Slavers","floor":31,"turns":5},{"damage":45,"enemies":"Collector","floor":33,"turns":3}],"seed_played":"3211533920502644971","potions_obtained":[{"floor":1,"key":"SpeedPotion"},{"floor":7,"key":"Dexterity Potion"},{"floor":11,"key":"Fruit Juice"},{"floor":12,"key":"Dexterity Potion"},{"floor":18,"key":"FairyPotion"},{"floor":20,"key":"Dexterity Potion"},{"floor":27,"key":"FearPotion"},{"floor":28,"key":"Poison Potion"},{"floor":29,"key":"BlessingOfTheForge"},{"floor":31,"key":"BlessingOfTheForge"}],"is_trial":false,"path_per_floor":["M","?","?","$","M","R","E","R","T","R","M","M","R","M","R","B",null,"M","M","M","M","?","R","E","R","T","E","M","M","?","E","R","B"],"character_chosen":"THE_SILENT","items_purchased":["Glass Knife"],"campfire_rested":1,"item_purchase_floors":[4],"current_hp_per_floor":[59,59,59,59,59,59,66,66,66,66,65,69,69,67,67,42,69,66,58,53,53,53,53,40,40,40,26,8,23,23,18,41,0,0],"gold":348,"neow_bonus":"THREE_ENEMY_KILL","is_daily":false,"chose_seed":false,"campfire_upgraded":7,"win_rate":0.0,"timestamp":1613206419,"path_taken":["M","?","?","$","?","R","E","R","T","R","M","M","R","M","R","BOSS","M","?","M","M","?","R","E","R","T","E","M","M","?","E","R","BOSS"],"items_purchased_type":["Card"],"build_version":"2020-12-22","purchased_purges":0,"victory":false,"max_hp_per_floor":[66,66,66,66,66,66,73,73,73,73,73,78,78,78,78,78,78,78,78,78,78,78,78,78,78,78,78,78,78,78,78,78,78,78],"relic_stats":{"counters":[17,76],"MealTicket":0,"Tiny Chest":0,"obtain_stats":[{"NeowsBlessing":0,"Strawberry":7,"Velvet Choker":17,"MealTicket":27,"Tiny Chest":31,"InkBottle":9,"White Beast Statue":24,"Akabeko":26,"Ring of the Snake":0},{"NeowsBlessing":0,"Strawberry":3,"Velvet Choker":7,"MealTicket":13,"Tiny Chest":16,"InkBottle":3,"White Beast Statue":12,"Akabeko":12,"Ring of the Snake":0},{"NeowsBlessing":0,"Strawberry":3,"Velvet Choker":27,"MealTicket":60,"Tiny Chest":73,"InkBottle":3,"White Beast Statue":54,"Akabeko":54,"Ring of the Snake":0}],"InkBottle":[25],"Ring of the Snake":[34]},"card_choices":[{"not_picked":["Riddle With Holes","Deadly Poison"],"picked":"Dagger Spray","floor":1},{"not_picked":["Finisher","Setup","Accuracy"],"picked":"SKIP","floor":5},{"not_picked":["Reflex","Flying Knee"],"picked":"Wraith Form v2","floor":7},{"not_picked":["Expertise","Calculated Gamble"],"picked":"Deadly Poison","floor":11},{"not_picked":["Slice","Poisoned Stab"],"picked":"Doppelganger","floor":12},{"not_picked":["Dagger Spray","Cloak And Dagger","Dodge and Roll"],"picked":"SKIP","floor":14},{"not_picked":["Doppelganger","Storm of Steel"],"picked":"Adrenaline","floor":16},{"not_picked":["Dagger Spray","Poisoned Stab"],"picked":"Calculated Gamble","floor":18},{"not_picked":["Deadly Poison","PiercingWail"],"picked":"Crippling Poison","floor":19},{"not_picked":["Cloak And Dagger+1","Quick Slash"],"picked":"Prepared+1","floor":20},{"not_picked":["Blade Dance","Blur","Dodge and Roll"],"picked":"SKIP","floor":21},{"not_picked":["Blur","Expertise","Choke"],"picked":"SKIP","floor":24},{"not_picked":["Expertise","Quick Slash"],"picked":"Deadly Poison","floor":27},{"not_picked":["Masterful Stab","Backflip"],"picked":"Terror","floor":28},{"not_picked":["Bane","PiercingWail","Flying Knee"],"picked":"SKIP","floor":29},{"not_picked":["Riddle With Holes","Finisher","Skewer"],"picked":"SKIP","floor":31}],"player_experience":1241903,"relics_obtained":[{"floor":7,"key":"Strawberry"},{"floor":9,"key":"InkBottle"},{"floor":24,"key":"White Beast Statue"},{"floor":26,"key":"Akabeko"},{"floor":27,"key":"MealTicket"},{"floor":31,"key":"Tiny Chest"}],"event_choices":[{"damage_healed":0,"gold_gain":150,"player_choice":"AGREE","damage_taken":0,"max_hp_gain":0,"max_hp_loss":0,"event_name":"Liars Game","floor":2,"gold_loss":0,"cards_obtained":["Doubt"]},{"cards_removed":["Doubt"],"damage_healed":0,"gold_gain":0,"player_choice":"Card Removal","damage_taken":0,"max_hp_gain":0,"max_hp_loss":0,"event_name":"The Cleric","floor":3,"gold_loss":75},{"damage_healed":0,"gold_gain":0,"player_choice":"Read","damage_taken":0,"max_hp_gain":0,"max_hp_loss":0,"event_name":"The Library","floor":22,"gold_loss":0,"cards_obtained":["Predator"]},{"cards_removed":["Strike_G"],"damage_healed":0,"gold_gain":0,"player_choice":"Gave Gold","damage_taken":0,"max_hp_gain":0,"max_hp_loss":0,"event_name":"Beggar","floor":30,"gold_loss":75}],"is_beta":false,"boss_relics":[{"not_picked":["SacredBark","WristBlade"],"picked":"Velvet Choker"}],"items_purged_floors":[],"is_endless":false,"potions_floor_spawned":[1,7,11,12,18,20,27,28,29,31],"killed_by":"Collector","ascension_level":20}}