{"host":"89iuq2p5kwriuwfq","time":1613235786,"event":{"mods":["BaseMod","Curses Come First","Minty Spire (QoL Compilation)","Permanent Neow","StSLib"],"gold_per_floor":[15,32,43,43,8,41,0,29,29,64,64,87,122,143,143,247,247,263,272,309,333,357,386,424,470,482,494,506,518,569,598,610,731,824,865,903,974,1022,1059,1071,1109,1132,1144,1192,1204,1236,1287,448,448,448],"floor_reached":51,"language":"ENG","playtime":4014,"items_purged":["Writhe"],"score":1398,"play_id":"40faa561-1b2f-44a7-94a3-48be55955c42","local_time":"20210213170306","is_ascension_mode":true,"campfire_choices":[{"data":"A Thousand Cuts","floor":11,"key":"SMITH"},{"data":"Bouncing Flask","floor":15,"key":"SMITH"},{"data":"Malaise","floor":27,"key":"SMITH"},{"data":"Burst","floor":29,"key":"SMITH"},{"data":"Blade Dance","floor":32,"key":"SMITH"},{"data":"Doppelganger","floor":40,"key":"SMITH"},{"data":"A Thousand Cuts","floor":45,"key":"SMITH"},{"data":"Footwork","floor":49,"key":"SMITH"}],"circlet_count":0,"master_deck":["AscendersBane","Survivor","Neutralize","Burst+1","Blade Dance+1","Well Laid Plans","Infinite Blades","A Thousand Cuts+1","Slice","Poisoned Stab","Quick Slash","Bouncing Flask+1","Malaise+1","PiercingWail+1","Cloak And Dagger+1","Crippling Poison","Quick Slash","PiercingWail+1","Corpse Explosion","A Thousand Cuts+1","PiercingWail","Doppelganger+1","Corpse Explosion","PiercingWail","Storm of Steel","Corpse Explosion","Doppelganger","Footwork+1","A Thousand Cuts","Accuracy","Cloak And Dagger+1","Accuracy","Parasite","Accuracy+1","Backflip","Adrenaline","Quick Slash","Well Laid Plans","Prepared"],"relics":["Ring of the Snake","Thread and Needle","Darkstone Periapt","Ornamental Fan","CeramicFish","Bird Faced Urn","Coffee Dripper","Meat on the Bone","Red Mask","MawBank","Boot","Paper Crane","Shuriken","Pandora\u0027s Box","Pocketwatch","Toy Ornithopter","Pen Nib","Potion Belt","Blue Candle","Ice Cream","Sling","Orichalcum"],"acts_visited":["Exordium","TheCity","TheBeyond"],"potions_floor_usage":[6,10,16,18,20,23,25,31,50,50,50,50],"damage_taken":[{"damage":0,"enemies":"2 Louse","floor":1,"turns":3},{"damage":0,"enemies":"Small Slimes","floor":2,"turns":2},{"damage":2,"enemies":"Jaw Worm","floor":3,"turns":4},{"damage":21,"enemies":"Lagavulin","floor":6,"turns":6},{"damage":18,"enemies":"Gremlin Nob","floor":8,"turns":5},{"damage":3,"enemies":"Lagavulin","floor":10,"turns":7},{"damage":4,"enemies":"Large Slime","floor":12,"turns":6},{"damage":9,"enemies":"Gremlin Nob","floor":13,"turns":4},{"damage":7,"enemies":"Lots of Slimes","floor":14,"turns":3},{"damage":1,"enemies":"Slime Boss","floor":16,"turns":7},{"damage":0,"enemies":"Spheric Guardian","floor":18,"turns":1},{"damage":8,"enemies":"Masked Bandits","floor":20,"turns":3},{"damage":6,"enemies":"Shell Parasite","floor":21,"turns":6},{"damage":0,"enemies":"Chosen and Byrds","floor":22,"turns":6},{"damage":13,"enemies":"Gremlin Leader","floor":23,"turns":6},{"damage":2,"enemies":"Sentry and Sphere","floor":24,"turns":5},{"damage":22,"enemies":"Slavers","floor":25,"turns":4},{"damage":15,"enemies":"Book of Stabbing","floor":30,"turns":6},{"damage":0,"enemies":"Centurion and Healer","floor":31,"turns":4},{"damage":35,"enemies":"Collector","floor":33,"turns":9},{"damage":7,"enemies":"3 Darklings","floor":35,"turns":3},{"damage":3,"enemies":"Orb Walker","floor":36,"turns":4},{"damage":0,"enemies":"Mind Bloom Boss Battle","floor":37,"turns":6},{"damage":0,"enemies":"Writhing Mass","floor":38,"turns":7},{"damage":0,"enemies":"Jaw Worm Horde","floor":39,"turns":2},{"damage":36,"enemies":"Nemesis","floor":41,"turns":7},{"damage":0,"enemies":"3 Darklings","floor":42,"turns":3},{"damage":0,"enemies":"Reptomancer","floor":44,"turns":5},{"damage":0,"enemies":"Sphere and 2 Shapes","floor":46,"turns":2},{"damage":0,"enemies":"Giant Head","floor":47,"turns":5},{"damage":30,"enemies":"Time Eater","floor":50,"turns":9}],"seed_played":"7346415005452443379","potions_obtained":[{"floor":2,"key":"CunningPotion"},{"floor":6,"key":"Regen Potion"},{"floor":14,"key":"AttackPotion"},{"floor":16,"key":"Energy Potion"},{"floor":18,"key":"ColorlessPotion"},{"floor":21,"key":"ColorlessPotion"},{"floor":23,"key":"SteroidPotion"},{"floor":25,"key":"SneckoOil"},{"floor":38,"key":"SpeedPotion"},{"floor":44,"key":"FearPotion"},{"floor":46,"key":"DuplicationPotion"}],"is_trial":false,"path_per_floor":["M","M","M","?","?","E","?","E","T","E","R","M","E","M","R","B",null,"M","?","?","M","M","E","M","E","T","R","?","R","E","M","R","B",null,"M","M","?","M","M","R","E","M","T","E","R","M","E","$","R","B",null],"character_chosen":"THE_SILENT","items_purchased":["Well Laid Plans","Ice Cream","Sling","Orichalcum","AttackPotion","Strength Potion","Prepared"],"campfire_rested":0,"item_purchase_floors":[48,48,48,48,48,48,48],"current_hp_per_floor":[63,63,61,54,70,49,49,31,31,40,40,36,27,22,22,27,59,61,67,63,61,67,60,60,42,42,42,42,42,45,49,49,32,65,64,67,76,82,82,82,55,65,65,81,81,82,82,82,82,56],"gold":448,"neow_bonus":"THREE_RARE_CARDS","is_daily":false,"chose_seed":false,"campfire_upgraded":8,"win_rate":0.0,"timestamp":1613235786,"path_taken":["M","M","M","?","?","E","?","E","T","E","R","M","E","M","R","BOSS","M","?","?","M","M","E","M","E","T","R","?","R","E","?","R","BOSS","M","M","?","M","M","R","E","M","T","E","R","M","E","$","R","BOSS"],"items_purchased_type":["Card","Relic","Relic","Relic","Potion","Potion","Card"],"build_version":"2020-12-22","purchased_purges":1,"victory":true,"max_hp_per_floor":[70,70,70,70,70,70,70,70,70,70,70,70,70,70,70,70,70,70,76,76,76,76,76,76,76,76,76,76,76,76,76,76,76,76,76,76,76,82,82,82,82,82,82,82,82,82,82,82,82,82],"card_choices":[{"not_picked":["Doppelganger","Storm of Steel"],"picked":"Burst","floor":0},{"not_picked":["Bane","Leg Sweep"],"picked":"Blade Dance","floor":1},{"not_picked":["Dagger Spray","Choke"],"picked":"Well Laid Plans","floor":2},{"not_picked":["Dagger Throw","Sucker Punch"],"picked":"Infinite Blades","floor":3},{"not_picked":["Burst","Tactician"],"picked":"A Thousand Cuts","floor":6},{"not_picked":["Dagger Spray","Unload"],"picked":"Slice","floor":8},{"not_picked":["Terror","Deflect"],"picked":"Poisoned Stab","floor":10},{"not_picked":["Acrobatics","PiercingWail"],"picked":"Quick Slash","floor":12},{"not_picked":["Sucker Punch","Skewer","Deflect"],"picked":"SKIP","floor":13},{"not_picked":["Acrobatics","Prepared"],"picked":"Bouncing Flask","floor":14},{"not_picked":["Wraith Form v2","Burst"],"picked":"Malaise","floor":16},{"not_picked":["Deflect","Dagger Throw","Dodge and Roll"],"picked":"SKIP","floor":18},{"not_picked":["Outmaneuver","Blur"],"picked":"PiercingWail+1","floor":20},{"not_picked":["Bane","Outmaneuver"],"picked":"Cloak And Dagger+1","floor":21},{"not_picked":["Skewer","Cloak And Dagger"],"picked":"Crippling Poison","floor":22},{"not_picked":["PiercingWail+1","Bullet Time","Poisoned Stab"],"picked":"SKIP","floor":23},{"not_picked":["Dodge and Roll+1","PiercingWail"],"picked":"Quick Slash","floor":24},{"not_picked":["Dodge and Roll","Bane+1"],"picked":"PiercingWail+1","floor":25},{"not_picked":["Bane","All Out Attack"],"picked":"Corpse Explosion","floor":30},{"not_picked":["Dodge and Roll","Prepared","Backflip"],"picked":"SKIP","floor":31},{"not_picked":["Tools of the Trade","Unload"],"picked":"A Thousand Cuts","floor":33},{"not_picked":["Terror","Outmaneuver"],"picked":"Accuracy","floor":35},{"not_picked":["Prepared","Blade Dance"],"picked":"Cloak And Dagger+1","floor":36},{"not_picked":["Masterful Stab","Sucker Punch"],"picked":"Accuracy","floor":37},{"not_picked":["Leg Sweep","Slice"],"picked":"Accuracy+1","floor":38},{"not_picked":["Malaise","Catalyst"],"picked":"Backflip","floor":39},{"not_picked":["Bane","Blade Dance","Eviscerate+1"],"picked":"SKIP","floor":41},{"not_picked":["Tactician","Dagger Throw","Cloak And Dagger+1"],"picked":"SKIP","floor":42},{"not_picked":["Prepared","Poisoned Stab"],"picked":"Adrenaline","floor":44},{"not_picked":["Deadly Poison","Bane","Sucker Punch"],"picked":"SKIP","floor":46},{"not_picked":["Prepared","Endless Agony"],"picked":"Quick Slash","floor":47}],"player_experience":671015,"relics_obtained":[{"floor":6,"key":"Thread and Needle"},{"floor":8,"key":"Darkstone Periapt"},{"floor":9,"key":"Ornamental Fan"},{"floor":10,"key":"CeramicFish"},{"floor":13,"key":"Bird Faced Urn"},{"floor":20,"key":"Red Mask"},{"floor":23,"key":"MawBank"},{"floor":25,"key":"Boot"},{"floor":26,"key":"Paper Crane"},{"floor":30,"key":"Shuriken"},{"floor":37,"key":"Pocketwatch"},{"floor":41,"key":"Toy Ornithopter"},{"floor":43,"key":"Pen Nib"},{"floor":44,"key":"Potion Belt"},{"floor":47,"key":"Blue Candle"}],"event_choices":[{"cards_removed":["Strike_G"],"damage_healed":0,"gold_gain":0,"player_choice":"Card Removal","damage_taken":7,"max_hp_gain":0,"max_hp_loss":0,"event_name":"Golden Wing","floor":4,"gold_loss":0},{"damage_healed":17,"gold_gain":0,"player_choice":"Healed","damage_taken":0,"max_hp_gain":0,"max_hp_loss":0,"event_name":"The Cleric","floor":5,"gold_loss":35},{"damage_healed":0,"gold_gain":0,"player_choice":"Left Gold","damage_taken":0,"max_hp_gain":0,"max_hp_loss":0,"event_name":"World of Goop","floor":7,"gold_loss":41},{"damage_healed":0,"gold_gain":0,"player_choice":"Opened","damage_taken":0,"relics_obtained":["Meat on the Bone"],"max_hp_gain":0,"max_hp_loss":0,"event_name":"The Mausoleum","floor":19,"gold_loss":0,"cards_obtained":["Writhe"]},{"damage_healed":0,"gold_gain":0,"player_choice":"Fought Bandits","damage_taken":0,"max_hp_gain":0,"max_hp_loss":0,"event_name":"Masked Bandits","floor":20,"gold_loss":0},{"damage_healed":0,"gold_gain":0,"player_choice":"Ignored","damage_taken":0,"max_hp_gain":0,"max_hp_loss":0,"event_name":"N\u0027loth","floor":28,"gold_loss":0},{"damage_healed":0,"gold_gain":0,"player_choice":"Fight","damage_taken":0,"max_hp_gain":0,"max_hp_loss":0,"event_name":"MindBloom","floor":37,"gold_loss":0}],"is_beta":false,"boss_relics":[{"not_picked":["Runic Dome","Sozu"],"picked":"Coffee Dripper"},{"not_picked":["Empty Cage","Runic Pyramid"],"picked":"Pandora\u0027s Box"}],"items_purged_floors":[48],"is_endless":false,"potions_floor_spawned":[2,6,14,16,18,21,23,25,38,44,46],"ascension_level":12}}