{"host":"23qk1co0p3p8qz56","time":1613244136,"event":{"mods":["100% Spire Juice","AchievementEnabler","Act Like it!","Arknights","BaseMod","Better Note","Better Third Choice","BetterRewards","CapriCore","Chen","Colored Map","DNKmod","Downfall","Duelist Mod","Friendly Minions","Gensokyo","Gold Saver","Halation","KinomotoSakuraMod(ñÿîVñ{?)","Koishi","KomeijiMod","LagranYue(ùfäiòNÅEåé)","Lobotomy","LobotomyExtend","Mari Mod (Legacy)","Mari\u0027s V1 Patch","MarisaÅiñ∂âJÅ@ñÇóùçπÅj","Minty Spire (QoL Compilation)","MostiFishMod","Permanent Neow","Prisma Mod","Railgun Mod","ReimuÅiîé??öÎÅj","RemiliaÅiÂQïƒ‰ª?Åj","RumiaBox-òIïƒ?ìIê_îÈ·¥éq","SOSÅiézîb?îVéqÅj","StSLib","The Administrix","The Alterego","The Animator","The Gatherer","The Immortal","The Senshi","Waifu the Spire","WarShipGirlsR/??è≠èóR mod","Yakumo Yukari mod","Yohane!","Yuyuko"],"gold_per_floor":[10019,10019,10034,10045,10061,10092,10092,10106,10133,10133,10150,10150,10168,10019,10019,10123,10123,10138,10150,10162,10162,10178,10178,10205,10205,10230,10247,10259,10269,10469,10488,10488,10588,10588,10599,10611,10466,10478,10489,10518,10518,10528,10602,10602,10602,10602,10635,10653,10653,10653,10653,10653,999,1049,1104,1104,1094,332,407,487,337,337,432,507,507,507,622,622,622],"floor_reached":70,"language":"ENG","playtime":3068,"items_purged":[],"score":1525,"play_id":"33adb038-befc-4cbd-9e82-4826ea07ffb5","local_time":"20210213122216","is_ascension_mode":false,"campfire_choices":[{"data":"TheRailgun:Lightning_Speed","floor":10,"key":"SMITH"},{"data":"TheRailgun:Lightningbolt","floor":15,"key":"SMITH"},{"data":"TheRailgun:Level_6","floor":23,"key":"SMITH"},{"data":"TheRailgun:Overload","floor":25,"key":"SMITH"},{"data":"TheRailgun:Sister_Noise","floor":32,"key":"SMITH"},{"floor":41,"key":"RECALL"},{"data":"TheRailgun:Magnetic_Movement","floor":45,"key":"SMITH"},{"data":"TheRailgun:Mental_Out","floor":49,"key":"SMITH"},{"data":"TheRailgun:Zip","floor":52,"key":"SMITH"},{"data":"TheRailgun:Railgun","floor":62,"key":"SMITH"},{"data":"TheRailgun:Sister_Network","floor":66,"key":"SMITH"},{"floor":68,"key":"REST"}],"circlet_count":0,"master_deck":["TheRailgun:Strike+1","TheRailgun:Strike+1","TheRailgun:Strike+1","TheRailgun:Strike+1","TheRailgun:Defend+1","TheRailgun:Defend+1","TheRailgun:Defend+1","TheRailgun:Defend+1","TheRailgun:Discharge+1","TheRailgun:Static+1","TheRailgun:Zip+1","TheRailgun:Biribiri+1","TheRailgun:Mental_Out+1","TheRailgun:Iron_Dust_Vial+1","TheRailgun:Railgun+1","TheRailgun:Lightning_Speed+1","TheRailgun:Lightningbolt+1","TheRailgun:Magnetic_Movement+1","TheRailgun:Level_6+1","TheRailgun:Charge+1","TheRailgun:Teleporter+1","TheRailgun:Heroinism+1","TheRailgun:Overload+1","TheRailgun:Sister_Noise+1","TheRailgun:Oneesama+1","TheRailgun:Iron_Dust_Shield+1","TheRailgun:Magnetic_Flight+1","TheRailgun:Scatter_Railgun+1","TheRailgun:Stun_Shock+1","TheRailgun:Sister_Network+1","TheRailgun:Coin_Flip+1","TheRailgun:Aerial_Shot+1","TheRailgun:Battery_Pack+1","TheRailgun:Spark+1","TheRailgun:Electric_Fence+1","TheRailgun:Iron_Dust_Field+1","TheRailgun:Lightningbolt+1","TheRailgun:Judgement_Officer+1","TheRailgun:Iron_Dust_Shield+1","TheRailgun:Battery_Pack+1"],"relics":["animator:TheEruzaStone","animator:AncientMedallion","halation:EternalFortune"],"acts_visited":["Exordium","TheCity","TheBeyond","TheEnding","EYB:TheUnnamedReign"],"potions_floor_usage":[16,16,33,33,33,59,59,63,63,67,69],"damage_taken":[{"damage":0,"enemies":"ats:Genji","floor":1,"turns":2},{"damage":0,"enemies":"Small Slimes","floor":3,"turns":1},{"damage":0,"enemies":"2 Louse","floor":4,"turns":1},{"damage":0,"enemies":"Red Slaver","floor":5,"turns":2},{"damage":0,"enemies":"Gremlin Nob","floor":6,"turns":2},{"damage":0,"enemies":"Exordium Thugs","floor":8,"turns":2},{"damage":0,"enemies":"Blue Slaver","floor":11,"turns":2},{"damage":0,"enemies":"2 Fungi Beasts","floor":13,"turns":1},{"damage":0,"enemies":"The Guardian","floor":16,"turns":5},{"damage":0,"enemies":"Shell Parasite","floor":18,"turns":1},{"damage":0,"enemies":"3 Byrds","floor":19,"turns":1},{"damage":0,"enemies":"Centurion and Healer","floor":20,"turns":1},{"damage":0,"enemies":"Cultist and Chosen","floor":22,"turns":2},{"damage":0,"enemies":"theDuelist:KaibaA2","floor":24,"turns":2},{"damage":0,"enemies":"Snecko","floor":27,"turns":2},{"damage":0,"enemies":"Centurion and Healer","floor":28,"turns":1},{"damage":0,"enemies":"Cultist and Chosen","floor":29,"turns":1},{"damage":0,"enemies":"Snecko","floor":31,"turns":2},{"damage":0,"enemies":"Champ","floor":33,"turns":2},{"damage":0,"enemies":"3 Shapes","floor":35,"turns":1},{"damage":0,"enemies":"Orb Walker","floor":36,"turns":1},{"damage":0,"enemies":"Maw","floor":38,"turns":2},{"damage":0,"enemies":"Sphere and 2 Shapes","floor":39,"turns":1},{"damage":0,"enemies":"Giant Head","floor":40,"turns":2},{"damage":0,"enemies":"4 Shapes","floor":42,"turns":2},{"damage":0,"enemies":"Nemesis","floor":47,"turns":3},{"damage":0,"enemies":"Spire Growth","floor":48,"turns":2},{"damage":0,"enemies":"Time Eater","floor":50,"turns":2},{"damage":2,"enemies":"animator:UNNAMED_HAT","floor":54,"turns":5},{"damage":72,"enemies":"animator:TRIPLE_SHAPES_WEAK","floor":55,"turns":5},{"damage":39,"enemies":"animator:UNNAMED_CULTIST_2","floor":59,"turns":5},{"damage":3,"enemies":"animator:TRIPLE_LAGAVULIN","floor":60,"turns":5},{"damage":18,"enemies":"animator:ULTIMATE_CRYSTAL","floor":63,"turns":6},{"damage":4,"enemies":"animator:ULTIMATE_CUBE","floor":67,"turns":5}],"seed_played":"-4362289313148472195","potions_obtained":[{"floor":1,"key":"AttackPotion"},{"floor":4,"key":"Energy Potion"},{"floor":6,"key":"Block Potion"},{"floor":11,"key":"Fire Potion"},{"floor":18,"key":"Block Potion"},{"floor":24,"key":"AttackPotion"},{"floor":28,"key":"Fire Potion"},{"floor":54,"key":"animator:FalseLifePotion"},{"floor":55,"key":"animator:FalseLifePotion"},{"floor":59,"key":"animator:FalseLifePotion"},{"floor":60,"key":"animator:FalseLifePotion"},{"floor":63,"key":"animator:FalseLifePotion"},{"floor":67,"key":"animator:FalseLifePotion"}],"is_trial":false,"path_per_floor":["M","HB","M","M","M","E","?","M","T","R","M","M","M","$","R","B",null,"M","M","M","HB","M","R","E","R","T","M","M","M","?","M","R","B",null,"M","M","$","M","M","E","R","M","T","?","R","?","E","M","R","B",null,"R","??","M","M","T","?","$","M","M","?","R","E","T","?","R","E","R","B",null],"character_chosen":"THE_DEFAULT","items_purchased":["SynthV","Technique","animator:AncientMedallion","animator:AncientMedallion","animator:AncientMedallion"],"campfire_rested":1,"item_purchase_floors":[14,37,58,58,58],"current_hp_per_floor":[500,250,250,250,250,250,250,250,250,250,250,250,250,250,250,250,250,250,250,250,125,125,125,125,125,125,125,125,125,125,125,125,125,125,125,125,125,125,125,125,125,125,125,125,125,125,125,125,125,125,125,125,100,98,48,48,48,48,49,86,86,86,94,94,97,97,100,103,16],"gold":622,"neow_bonus":"UPGRADE_CARD","is_daily":false,"chose_seed":false,"campfire_upgraded":10,"win_rate":0.0,"timestamp":1613244136,"path_taken":["M","HB","M","M","M","E","?","M","T","R","M","M","M","$","R","BOSS","M","M","M","HB","M","R","E","R","T","M","M","M","?","M","R","BOSS","M","M","$","M","M","E","R","M","T","?","R","?","E","M","R","BOSS","R","??","M","M","T","?","$","M","M","?","R","E","T","?","R","E","R","BOSS"],"items_purchased_type":["Relic","Relic","Relic","Relic","Relic"],"build_version":"2020-12-22","purchased_purges":0,"victory":true,"max_hp_per_floor":[500,250,250,250,250,250,250,250,250,250,250,250,250,250,250,250,250,250,250,250,125,125,125,125,125,125,125,125,125,125,125,125,125,125,125,125,125,125,125,125,125,125,125,125,125,125,125,125,125,125,125,125,100,100,100,100,100,100,100,100,100,100,100,100,103,103,103,103,103],"card_choices":[{"not_picked":["TheRailgun:Static","TheRailgun:Crack"],"picked":"TheRailgun:Biribiri","floor":1},{"not_picked":["TheRailgun:Hypercharge","TheRailgun:Gekota_Phone","TheRailgun:Thundershock","TheRailgun:Iron_Dust_Sword"],"picked":"TheRailgun:Mental_Out","floor":3},{"not_picked":["TheRailgun:Hypercharge","TheRailgun:Static","TheRailgun:Positive_Field","TheRailgun:Gekota_Phone"],"picked":"TheRailgun:Iron_Dust_Vial","floor":4},{"not_picked":["TheRailgun:Taser","TheRailgun:Static","TheRailgun:Magnetic_Movement","TheRailgun:Iron_Dust_Field"],"picked":"TheRailgun:Railgun","floor":5},{"not_picked":["TheRailgun:Thunderbolt","TheRailgun:Mental_Out","TheRailgun:Static","TheRailgun:Battery_Pack"],"picked":"TheRailgun:Lightning_Speed","floor":6},{"not_picked":["TheRailgun:Sister_Noise","TheRailgun:Static","TheRailgun:Pull","TheRailgun:Spark"],"picked":"TheRailgun:Lightningbolt","floor":8},{"not_picked":["TheRailgun:Positive_Field","TheRailgun:Electrical_Fire","TheRailgun:Spark","TheRailgun:Zip","TheRailgun:Crack"],"picked":"SKIP","floor":11},{"not_picked":["TheRailgun:Sister_Noise","TheRailgun:Electrical_Storm","TheRailgun:Crackle","TheRailgun:Rewiring"],"picked":"TheRailgun:Magnetic_Movement","floor":13},{"not_picked":["TheRailgun:Railgun","TheRailgun:Overload","TheRailgun:Circuitous","TheRailgun:Thunder"],"picked":"TheRailgun:Level_6","floor":16},{"not_picked":["TheRailgun:Thunderbolt","TheRailgun:Electrical_Fire","TheRailgun:Crackle","TheRailgun:Negative_Field+1"],"picked":"TheRailgun:Charge+1","floor":18},{"not_picked":["TheRailgun:Iron_Dust_Field","TheRailgun:Thunderbolt","TheRailgun:Crack+1","TheRailgun:Pull"],"picked":"TheRailgun:Teleporter","floor":19},{"not_picked":["TheRailgun:Token_Collection","TheRailgun:Sister_Network","TheRailgun:Gekotamania","TheRailgun:Electrical_Fire"],"picked":"TheRailgun:Heroinism","floor":20},{"not_picked":["TheRailgun:Electric_Fence","TheRailgun:Circuit_Breaker","TheRailgun:Thundershock","TheRailgun:Sister_Network","TheRailgun:Aerial_Shot"],"picked":"SKIP","floor":22},{"not_picked":["TheRailgun:Electric_Fence","TheRailgun:Electrical_Fire","TheRailgun:Taser","TheRailgun:Push"],"picked":"TheRailgun:Overload","floor":24},{"not_picked":["TheRailgun:Hypercharge+1","TheRailgun:Mental_Out+1","TheRailgun:Gekota_Phone+1","TheRailgun:Electrical_Storm+1"],"picked":"TheRailgun:Sister_Noise","floor":27},{"not_picked":["TheRailgun:Hypercharge","TheRailgun:Teleporter","TheRailgun:Push","TheRailgun:Thunderjolt"],"picked":"TheRailgun:Oneesama+1","floor":28},{"not_picked":["TheRailgun:Gekota_Phone","TheRailgun:Rewiring","TheRailgun:Sister_Network","TheRailgun:Negative_Field"],"picked":"TheRailgun:Iron_Dust_Shield","floor":29},{"not_picked":["TheRailgun:Positive_Field","TheRailgun:Scatter_Railgun+1","TheRailgun:Circuit_Breaker","TheRailgun:Iron_Dust_Shield+1","TheRailgun:Crack"],"picked":"SKIP","floor":31},{"not_picked":["TheRailgun:Overload","TheRailgun:Circuitous","TheRailgun:Supercharge","TheRailgun:Railgun"],"picked":"TheRailgun:Magnetic_Flight","floor":33},{"not_picked":["TheRailgun:Biribiri","TheRailgun:Zip","TheRailgun:Magnetic_Movement+1","TheRailgun:Mental_Out"],"picked":"TheRailgun:Scatter_Railgun+1","floor":35},{"not_picked":["TheRailgun:Coin_Flip+1","TheRailgun:Iron_Dust_Shield","TheRailgun:Electrical_Fire+1","TheRailgun:Teleporter"],"picked":"TheRailgun:Stun_Shock+1","floor":36},{"not_picked":["TheRailgun:Battery_Pack","TheRailgun:Gekota_Phone+1","TheRailgun:Sister_Noise+1","TheRailgun:Push"],"picked":"TheRailgun:Sister_Network+1","floor":38},{"not_picked":["TheRailgun:Electric_Fence","TheRailgun:Lightningbolt+1","TheRailgun:Thunderjolt","TheRailgun:Iron_Dust_Vial+1"],"picked":"TheRailgun:Coin_Flip+1","floor":39},{"not_picked":["TheRailgun:Iron_Dust_Field+1","TheRailgun:Lightningbolt+1","TheRailgun:Lightning_Speed","TheRailgun:Iron_Dust_Shield","TheRailgun:Thunderjolt"],"picked":"SKIP","floor":40},{"not_picked":["TheRailgun:Iron_Dust_Sword","TheRailgun:Taser","TheRailgun:Iron_Dust_Field","TheRailgun:Lightningbolt"],"picked":"TheRailgun:Aerial_Shot","floor":42},{"not_picked":["TheRailgun:Sister_Noise+1","TheRailgun:Rewiring","TheRailgun:Sister_Network","TheRailgun:Charge+1"],"picked":"TheRailgun:Battery_Pack+1","floor":47},{"not_picked":["TheRailgun:Crack","TheRailgun:Recharge","TheRailgun:Biribiri+1","TheRailgun:Positive_Field","TheRailgun:Oneesama+1"],"picked":"SKIP","floor":48},{"not_picked":["TheRailgun:Hypercharge","TheRailgun:Oneesama+1"],"picked":"TheRailgun:Spark","floor":54},{"not_picked":["TheRailgun:Charge","TheRailgun:Static+1"],"picked":"TheRailgun:Electric_Fence","floor":55},{"not_picked":["TheRailgun:Positive_Field+1","TheRailgun:Spark+1"],"picked":"TheRailgun:Iron_Dust_Field+1","floor":59},{"not_picked":["TheRailgun:Teleporter","TheRailgun:Gekota_Phone"],"picked":"TheRailgun:Lightningbolt+1","floor":60},{"not_picked":["TheRailgun:Circuitous+1","TheRailgun:Rewiring+1"],"picked":"TheRailgun:Judgement_Officer+1","floor":61},{"not_picked":["TheRailgun:Stun_Shock","TheRailgun:Oneesama"],"picked":"TheRailgun:Iron_Dust_Shield","floor":63},{"not_picked":["TheRailgun:Lightning_Speed+1","TheRailgun:Gekotamania"],"picked":"TheRailgun:Battery_Pack+1","floor":67}],"player_experience":199334,"relics_obtained":[{"floor":1,"key":"SynthV:TestCard"},{"floor":1,"key":"LetterFromLob"},{"floor":6,"key":"Centennial Puzzle"},{"floor":9,"key":"SynthV:C4"},{"floor":24,"key":"GodSword7"},{"floor":26,"key":"Vajra"},{"floor":40,"key":"Mastiff:ReiMu"},{"floor":47,"key":"MagicDraw4"},{"floor":53,"key":"animator:TheEruzaStone"},{"floor":53,"key":"animator:AncientMedallion"},{"floor":54,"key":"LetterFromLob"},{"floor":55,"key":"LetterFromLob"},{"floor":56,"key":"animator:AncientMedallion"},{"floor":59,"key":"LetterFromLob"},{"floor":60,"key":"LetterFromLob"},{"floor":63,"key":"animator:AncientMedallion"},{"floor":63,"key":"LetterFromLob"},{"floor":64,"key":"animator:AncientMedallion"},{"floor":67,"key":"animator:AncientMedallion"},{"floor":67,"key":"LetterFromLob"}],"event_choices":[{"damage_healed":0,"gold_gain":0,"player_choice":"Grow","damage_taken":0,"max_hp_gain":0,"max_hp_loss":0,"event_name":"Living Wall","floor":7,"gold_loss":0,"cards_upgraded":["TheRailgun:Railgun"]},{"damage_healed":0,"gold_gain":250,"player_choice":"Bet on Owner","damage_taken":0,"max_hp_gain":0,"max_hp_loss":0,"event_name":"The Joust","floor":30,"gold_loss":50},{"damage_healed":0,"gold_gain":0,"player_choice":"Forge","damage_taken":0,"max_hp_gain":0,"max_hp_loss":0,"event_name":"Accursed Blacksmith","floor":46,"gold_loss":0,"cards_upgraded":["TheRailgun:Iron_Dust_Shield"]}],"is_beta":false,"boss_relics":[{"not_picked":["Transparent","halation:ForbiddenBikini"],"picked":"ExusiaiGun"},{"not_picked":["Velvet Choker","Cursed Key"],"picked":"Sozu"}],"items_purged_floors":[],"is_endless":false,"potions_floor_spawned":[1,4,6,11,18,24,28,29,35,40,48,55,59],"ascension_level":0}}