{"host":"sc0o2qwpf9j16a4i","time":1613225122,"event":{"mods":["AchievementEnabler","BaseMod","BetterRewards","Block Reminder","Colored Map","Colored Powertips","Custom Start","Highlight Path","Minty Spire (QoL Compilation)","Relic Stats"],"gold_per_floor":[129,165,165,192,231,321,321,354,408,462,474,567,579,675,687,999,1011,1056,1068,1122,1167,1254,1347,1395,1461,1499,1613,1625,1691,1703,1814,1826,2126,2138,2207,2264,1779,1830,1853,1943,2003,2003,2057,2057,2144,2189,2291,2360,2360,2369],"floor_reached":51,"language":"ENG","playtime":1192,"items_purged":[],"score":1219,"play_id":"48a647c8-bee7-452b-b8cf-bc490e05b95d","local_time":"20210213160522","daily_mods":["Cursed Run","Colorless Cards","Midas"],"is_ascension_mode":false,"campfire_choices":[{"floor":11,"key":"REST"},{"floor":13,"key":"REST"},{"floor":15,"key":"REST"},{"floor":32,"key":"REST"},{"floor":42,"key":"REST"},{"floor":44,"key":"REST"},{"floor":49,"key":"REST"}],"circlet_count":0,"master_deck":["Strike_R","Strike_R","Strike_R+1","Strike_R+1","Strike_R","Defend_R","Defend_R","Defend_R","Defend_R","Bash","Perfected Strike","Sword Boomerang","Decay","Thunderclap","Heavy Blade","Parasite","Discovery","Clumsy","Perfected Strike","Apotheosis","Headbutt","Injury","Impervious","CurseOfTheBell","Inflame","Wild Strike","Fire Breathing","Sword Boomerang+1","Flame Barrier","Shrug It Off","Pain","Intimidate+1","Writhe","Feed","Perfected Strike+1","Wild Strike","Writhe","Evolve+1","Pain","Perfected Strike+1","Shockwave+1","Inflame+1","True Grit+1","Regret"],"relics":["Cursed Key","Darkstone Periapt","Du-Vu Doll","Bag of Preparation","Happy Flower","MawBank","Lantern","Mummified Hand","Calling Bell","Blood Vial","Ornamental Fan","Incense Burner","Red Mask","Bottled Lightning","Tiny Chest","Art of War","MutagenicStrength","Whetstone","Snecko Eye","Potion Belt","Meat on the Bone","Akabeko","CeramicFish","Regal Pillow","Ginger","Juzu Bracelet"],"acts_visited":["Exordium","TheCity","TheBeyond"],"potions_floor_usage":[12,16,27,33,38,50],"damage_taken":[{"damage":0.0,"enemies":"Small Slimes","floor":1.0,"turns":4.0},{"damage":1.0,"enemies":"Jaw Worm","floor":2.0,"turns":2.0},{"damage":0.0,"enemies":"2 Louse","floor":5.0,"turns":2.0},{"damage":20.0,"enemies":"Lagavulin","floor":6.0,"turns":3.0},{"damage":3,"enemies":"Lots of Slimes","floor":8,"turns":3},{"damage":0,"enemies":"2 Fungi Beasts","floor":10,"turns":1},{"damage":3,"enemies":"3 Sentries","floor":12,"turns":4},{"damage":0,"enemies":"Lagavulin","floor":14,"turns":2},{"damage":2,"enemies":"Slime Boss","floor":16,"turns":6},{"damage":0,"enemies":"2 Thieves","floor":18,"turns":2},{"damage":0,"enemies":"Spheric Guardian","floor":20,"turns":2},{"damage":0,"enemies":"Snake Plant","floor":21,"turns":2},{"damage":0,"enemies":"Masked Bandits","floor":22,"turns":2},{"damage":1,"enemies":"Slavers","floor":23,"turns":2},{"damage":0,"enemies":"Snecko","floor":24,"turns":2},{"damage":0,"enemies":"3 Cultists","floor":25,"turns":3},{"damage":3,"enemies":"Gremlin Leader","floor":27,"turns":4},{"damage":4,"enemies":"Sentry and Sphere","floor":29,"turns":3},{"damage":0,"enemies":"Slavers","floor":31,"turns":3},{"damage":14,"enemies":"Automaton","floor":33,"turns":6},{"damage":0,"enemies":"Orb Walker","floor":35,"turns":1},{"damage":0,"enemies":"3 Darklings","floor":36,"turns":2},{"damage":9,"enemies":"Writhing Mass","floor":38,"turns":3},{"damage":6,"enemies":"Giant Head","floor":40,"turns":4},{"damage":6,"enemies":"Jaw Worm Horde","floor":41,"turns":5},{"damage":11,"enemies":"Nemesis","floor":45,"turns":3},{"damage":4,"enemies":"Sphere and 2 Shapes","floor":46,"turns":3},{"damage":23,"enemies":"Giant Head","floor":47,"turns":5},{"damage":9,"enemies":"Transient","floor":48,"turns":5},{"damage":2,"enemies":"Time Eater","floor":50,"turns":2}],"seed_played":"-1903139388529344102","potions_obtained":[{"floor":2.0,"key":"ColorlessPotion"},{"floor":6.0,"key":"PowerPotion"},{"floor":8,"key":"SkillPotion"},{"floor":10,"key":"Regen Potion"},{"floor":12,"key":"FairyPotion"},{"floor":16,"key":"PowerPotion"},{"floor":27,"key":"Dexterity Potion"},{"floor":31,"key":"Energy Potion"},{"floor":35,"key":"DuplicationPotion"},{"floor":40,"key":"SteroidPotion"},{"floor":48,"key":"Dexterity Potion"}],"is_trial":true,"path_per_floor":["M","M","?","T","M","E","?","M","T","M","R","E","R","E","R","B",null,"M","?","M","M","?","E","M","M","T","E","?","M","?","E","R","B",null,"M","M","$","M","T","E","M","R","T","R","E","M","E","M","R","B",null],"character_chosen":"IRONCLAD","items_purchased":["Potion Belt","FearPotion","SpeedPotion","Meat on the Bone"],"campfire_rested":7,"item_purchase_floors":[37,37,37,37],"current_hp_per_floor":[80,79,79,85,85,65,92,89,95,95,98,95,98,98,98,102,110,110,110,110,110,110,109,110,110,116,113,113,111,111,113,116,108,122,122,122,122,122,128,128,128,140,146,146,139,141,124,117,158,162],"gold":2369,"neow_bonus":"","is_daily":false,"chose_seed":false,"campfire_upgraded":0,"win_rate":0.0,"timestamp":1613225122,"path_taken":["M","M","?","?","M","E","?","M","T","M","R","E","R","E","R","BOSS","M","?","?","M","?","E","M","M","T","E","?","M","?","E","R","BOSS","M","?","$","M","?","E","M","R","T","R","E","M","E","M","R","BOSS"],"items_purchased_type":["Relic","Potion","Potion","Relic"],"build_version":"2020-12-22","purchased_purges":0,"victory":true,"max_hp_per_floor":[80,80,80,86,86,86,92,92,98,98,98,98,98,98,98,104,110,110,110,110,110,110,110,110,110,116,116,116,116,116,116,116,122,122,122,122,122,126,132,136,140,140,146,146,150,154,158,158,158,164],"relic_stats":{"Darkstone Periapt":60,"Regal Pillow":0,"Happy Flower":[26],"counters":[30,91],"CeramicFish":63,"Bag of Preparation":[56],"Juzu Bracelet":0,"Whetstone":["Strike_R","Strike_R"],"Ginger":[2],"Cursed Key":5,"MawBank":336,"Blood Vial":15,"Mummified Hand":[51],"Ornamental Fan":[76],"Snecko Eye":[41,55,46,56],"Tiny Chest":1,"Art of War":[5],"obtain_stats":[{"Darkstone Periapt":0,"Lantern":12,"Regal Pillow":43,"CeramicFish":40,"Bag of Preparation":4,"Incense Burner":17,"Juzu Bracelet":47,"Whetstone":31,"Ginger":45,"Cursed Key":0,"Blood Vial":17,"Mummified Hand":14,"Tiny Chest":26,"Red Mask":22,"Potion Belt":37,"Happy Flower":6,"MawBank":9,"Akabeko":39,"Du-Vu Doll":0,"Calling Bell":17,"Ornamental Fan":17,"MutagenicStrength":28,"Snecko Eye":34,"Art of War":27,"Bottled Lightning":23,"Meat on the Bone":37},{"Darkstone Periapt":0,"Lantern":7,"Regal Pillow":25,"CeramicFish":24,"Bag of Preparation":2,"Incense Burner":9,"Juzu Bracelet":28,"Whetstone":19,"Ginger":26,"Cursed Key":0,"Blood Vial":9,"Mummified Hand":8,"Tiny Chest":16,"Red Mask":13,"Potion Belt":22,"Happy Flower":4,"MawBank":5,"Akabeko":23,"Du-Vu Doll":0,"Calling Bell":9,"Ornamental Fan":9,"MutagenicStrength":17,"Snecko Eye":20,"Art of War":17,"Bottled Lightning":14,"Meat on the Bone":22},{"Darkstone Periapt":0,"Lantern":19,"Regal Pillow":73,"CeramicFish":68,"Bag of Preparation":6,"Incense Burner":27,"Juzu Bracelet":84,"Whetstone":52,"Ginger":76,"Cursed Key":0,"Blood Vial":27,"Mummified Hand":21,"Tiny Chest":42,"Red Mask":35,"Potion Belt":61,"Happy Flower":11,"MawBank":14,"Akabeko":64,"Du-Vu Doll":0,"Calling Bell":27,"Ornamental Fan":27,"MutagenicStrength":46,"Snecko Eye":58,"Art of War":46,"Bottled Lightning":37,"Meat on the Bone":61}],"Meat on the Bone":0},"card_choices":[{"not_picked":["Rupture","Cleave"],"picked":"Perfected Strike","floor":1.0},{"not_picked":["Finesse","Armaments"],"picked":"Sword Boomerang","floor":2.0},{"not_picked":["Body Slam","Sword Boomerang"],"picked":"Thunderclap","floor":5.0},{"not_picked":["Sadistic Nature","Ghostly Armor"],"picked":"Heavy Blade","floor":6.0},{"not_picked":["Sentinel","Havoc"],"picked":"Discovery","floor":8},{"not_picked":["Heavy Blade","Good Instincts"],"picked":"Perfected Strike","floor":10},{"not_picked":["Perfected Strike","Hemokinesis"],"picked":"Apotheosis","floor":12},{"not_picked":["Twin Strike","Reckless Charge"],"picked":"Headbutt","floor":14},{"not_picked":["Fiend Fire","Barricade"],"picked":"Impervious","floor":16},{"not_picked":["Carnage+1","Clothesline+1"],"picked":"Inflame","floor":18},{"not_picked":["Wild Strike","Warcry","Searing Blow+1"],"picked":"SKIP","floor":20},{"not_picked":["Warcry","Searing Blow+1"],"picked":"Wild Strike","floor":20},{"not_picked":["Cleave+1","Clash+1"],"picked":"Fire Breathing","floor":21},{"not_picked":["Armaments","Jack Of All Trades"],"picked":"Sword Boomerang+1","floor":22},{"not_picked":["Bandage Up","Warcry+1"],"picked":"Flame Barrier","floor":23},{"not_picked":["Combust","Berserk","Thunderclap"],"picked":"SKIP","floor":24},{"not_picked":["Sword Boomerang","Wild Strike"],"picked":"Shrug It Off","floor":25},{"not_picked":["Anger","Havoc","Dropkick"],"picked":"SKIP","floor":27},{"not_picked":["Sentinel","Iron Wave","Finesse"],"picked":"SKIP","floor":29},{"not_picked":["Wild Strike","Havoc"],"picked":"Intimidate+1","floor":31},{"not_picked":["Bludgeon","Impervious"],"picked":"Feed","floor":33},{"not_picked":["Pummel+1","Heavy Blade+1"],"picked":"Perfected Strike+1","floor":35},{"not_picked":["Bandage Up+1","Cleave","Warcry+1"],"picked":"SKIP","floor":36},{"not_picked":["Purity","Clash+1"],"picked":"Wild Strike","floor":38},{"not_picked":["Infernal Blade","Thunderclap","Body Slam+1"],"picked":"SKIP","floor":40},{"not_picked":["Intimidate","Flex"],"picked":"Evolve+1","floor":41},{"not_picked":["Impatience","True Grit"],"picked":"Perfected Strike+1","floor":45},{"not_picked":["Perfected Strike","Havoc"],"picked":"Shockwave+1","floor":46},{"not_picked":["Panacea+1","Sword Boomerang+1"],"picked":"Inflame+1","floor":47},{"not_picked":["Panacea","Iron Wave+1"],"picked":"True Grit+1","floor":48}],"player_experience":1400444,"relics_obtained":[{"floor":4.0,"key":"Bag of Preparation"},{"floor":6.0,"key":"Happy Flower"},{"floor":9,"key":"MawBank"},{"floor":12,"key":"Lantern"},{"floor":14,"key":"Mummified Hand"},{"floor":17,"key":"Blood Vial"},{"floor":17,"key":"Ornamental Fan"},{"floor":17,"key":"Incense Burner"},{"floor":22,"key":"Red Mask"},{"floor":23,"key":"Bottled Lightning"},{"floor":26,"key":"Tiny Chest"},{"floor":27,"key":"Art of War"},{"floor":31,"key":"Whetstone"},{"floor":39,"key":"Akabeko"},{"floor":40,"key":"CeramicFish"},{"floor":43,"key":"Regal Pillow"},{"floor":45,"key":"Ginger"},{"floor":47,"key":"Juzu Bracelet"}],"event_choices":[{"damage_healed":0.0,"max_hp_gain":0.0,"max_hp_loss":0.0,"gold_gain":0.0,"event_name":"Golden Wing","player_choice":"Ignored","floor":3.0,"gold_loss":0.0,"damage_taken":0.0},{"damage_healed":21,"gold_gain":0,"player_choice":"Healed and dodged fight","damage_taken":0,"max_hp_gain":0,"max_hp_loss":0,"event_name":"Mushrooms","floor":7,"gold_loss":0,"cards_obtained":["Parasite"]},{"damage_healed":0,"gold_gain":0,"player_choice":"Bought 0 Potions","damage_taken":0,"max_hp_gain":0,"max_hp_loss":0,"event_name":"The Woman in Blue","floor":19,"gold_loss":0},{"damage_healed":0,"gold_gain":0,"player_choice":"Fought Bandits","damage_taken":0,"max_hp_gain":0,"max_hp_loss":0,"event_name":"Masked Bandits","floor":22,"gold_loss":0},{"damage_healed":0,"gold_gain":0,"player_choice":"Inject Mutagens","damage_taken":0,"relics_obtained":["MutagenicStrength"],"max_hp_gain":0,"max_hp_loss":0,"event_name":"Drug Dealer","floor":28,"gold_loss":0},{"damage_healed":0,"gold_gain":0,"player_choice":"Ignored","damage_taken":0,"max_hp_gain":0,"max_hp_loss":0,"event_name":"NoteForYourself","floor":30,"gold_loss":0}],"is_beta":false,"boss_relics":[{"not_picked":["Mark of Pain","Philosopher\u0027s Stone"],"picked":"Calling Bell"},{"not_picked":["Runic Cube","Empty Cage"],"picked":"Snecko Eye"}],"items_purged_floors":[],"is_endless":false,"potions_floor_spawned":[2,6,8,10,12,16,20,22,24,27,29,31,35,40,46,48],"ascension_level":0}}