{"host":"eaiphzh066bwqdh7","time":1613230051,"event":{"mods":["BaseMod","Better Note","Halation","Hubris","Minty Spire (QoL Compilation)","Reliquary","Replay The Spire","StSLib"],"gold_per_floor":[114,126,126,136,153,153,78,91,138,138,238,238,94,114,114,209,209,228,245,262,11,11,25,25,25],"floor_reached":24,"language":"ENG","playtime":863,"items_purged":["Bash"],"score":253,"play_id":"3d74def4-321f-4f28-8b8d-79a8e15fb895","local_time":"20210213102731","is_ascension_mode":true,"campfire_choices":[{"data":"Spot Weakness","floor":6,"key":"SMITH"},{"data":"Ghostly Armor","floor":10,"key":"SMITH"},{"floor":12,"key":"REST"},{"floor":15,"key":"REST"}],"circlet_count":0,"master_deck":["Strike_R","Strike_R","Strike_R","Strike_R","Strike_R","Defend_R","Defend_R","Defend_R","Defend_R","Evolve","Spot Weakness+1","Ghostly Armor+1","Double Tap+1","Bloodletting+1","Flex","Heavy Blade+1"],"relics":["Burning Blood","Ring of Peace","Ring of Searing","Toy Ornithopter","reliquary:SharkskinSheath","hubris:ScarierMask","Pear"],"acts_visited":["Exordium","TheCity"],"potions_floor_usage":[18,18,20,24],"damage_taken":[{"damage":6,"enemies":"Cultist","floor":1,"turns":3},{"damage":4,"enemies":"Jaw Worm","floor":2,"turns":4},{"damage":6,"enemies":"2 Louse","floor":4,"turns":3},{"damage":27,"enemies":"Large Slime","floor":5,"turns":7},{"damage":16,"enemies":"Exordium Thugs","floor":8,"turns":6},{"damage":25,"enemies":"2 Fungi Beasts","floor":14,"turns":5},{"damage":40,"enemies":"Fading Forest","floor":16,"turns":11},{"damage":46,"enemies":"Spheric Guardian","floor":18,"turns":7},{"damage":9,"enemies":"Shell Parasite","floor":19,"turns":7},{"damage":26,"enemies":"3 Cultists","floor":20,"turns":6},{"damage":24,"enemies":"Cultist and Chosen","floor":23,"turns":7},{"damage":46,"enemies":"Snecko","floor":24,"turns":7}],"seed_played":"3181187711557375569","potions_obtained":[{"floor":2,"key":"Venom Potion"},{"floor":14,"key":"BlessingOfTheForge"},{"floor":16,"key":"AttackPotion"},{"floor":19,"key":"ColorlessPotion"},{"floor":23,"key":"Languid Potion"}],"is_trial":false,"path_per_floor":["M","M","?","M","M","R","$","M","T","R","?","R","$","M","R","B",null,"M","M","M","$","?","M","M"],"character_chosen":"IRONCLAD","items_purchased":["reliquary:SharkskinSheath","Pear"],"campfire_rested":2,"item_purchase_floors":[13,21],"current_hp_per_floor":[88,88,88,88,67,67,67,57,57,57,57,83,83,64,88,76,88,48,45,30,40,40,22,0,0],"gold":25,"neow_bonus":"TEN_PERCENT_HP_BONUS","is_daily":false,"chose_seed":false,"campfire_upgraded":2,"win_rate":0.0,"timestamp":1613230051,"path_taken":["M","M","?","M","M","R","$","M","T","R","?","R","$","M","R","BOSS","M","M","?","?","?","M","M"],"items_purchased_type":["Relic","Relic"],"build_version":"2020-12-22","purchased_purges":1,"victory":false,"max_hp_per_floor":[88,88,88,88,88,88,88,88,88,88,88,88,88,88,88,88,88,88,88,88,98,98,98,98,98],"card_choices":[{"not_picked":["Run Through","ReplayTheSpireMod:Strike From Hell","Heavy Blade"],"picked":"SKIP","floor":1},{"not_picked":["Armaments","Massacre","ReplayTheSpireMod:Limb From Limb"],"picked":"SKIP","floor":2},{"not_picked":["Thunderclap","Pummel"],"picked":"Evolve","floor":4},{"not_picked":["Cleave","Replay:Undeath\u0027s Touch"],"picked":"Spot Weakness","floor":5},{"not_picked":["Anger","Havoc"],"picked":"Ghostly Armor","floor":8},{"not_picked":["Dual Wield","Sword Boomerang","Entrench"],"picked":"SKIP","floor":14},{"not_picked":["Fiend Fire","hubris:StunningStrike"],"picked":"Double Tap","floor":16},{"not_picked":["Clash+1","Wild Strike"],"picked":"Bloodletting+1","floor":18},{"not_picked":["Cleave+1","Anger"],"picked":"Flex","floor":19},{"not_picked":["Replay:Undeath\u0027s Touch","Warcry"],"picked":"Heavy Blade+1","floor":20},{"not_picked":["Run Through+1","Wild Strike","Cleave"],"picked":"SKIP","floor":23}],"player_experience":303208,"relics_obtained":[{"floor":3,"key":"Ring of Peace"},{"floor":3,"key":"Ring of Searing"},{"floor":9,"key":"Toy Ornithopter"}],"event_choices":[{"damage_healed":0,"gold_gain":100,"player_choice":"Pray","damage_taken":0,"max_hp_gain":0,"max_hp_loss":0,"event_name":"Golden Shrine","floor":11,"gold_loss":0}],"is_beta":false,"boss_relics":[{"not_picked":["Empty Cage","reliquary:RedCape"],"picked":"hubris:ScarierMask"}],"items_purged_floors":[7],"is_endless":false,"potions_floor_spawned":[2,14,16,19,23],"killed_by":"Snecko","ascension_level":4}}