{"host":"1lwxixhv2lzh5ag1","time":1613181878,"event":{"mods":["AchievementEnabler","BaseMod","Bestiary","Better Altar","Better Match","Better Note","Better Sensory Stone","Better Silent Start","Better Skull","Better Third Choice","BetterRewards","Colored Map","Colored Powertips","DeckTracker","Displayed Cursed Tome","Downfall","Fox Events","Hubris","Minty Spire (QoL Compilation)","Permanent Neow","Relic Stats","Reliquary","Replay The Spire","Spire Arcade","StSLib","Td1madao Mod","The Blue Laboratory","Uncapped","Waifu the Spire"],"gold_per_floor":[113,113,113,113,131,131,156,166,166,192,192,192,224,235,235,339,339,353,365,383,393,15,45,45,45,98,108,33,33,33,44,44,139,189,206,226,226,226],"floor_reached":37,"language":"ENG","playtime":1476,"items_purged":[],"score":456,"play_id":"2c4e0b0d-f216-4f52-9c2f-aac75765b94c","local_time":"20210212210438","is_ascension_mode":true,"campfire_choices":[{"data":"Poison Darts","floor":6,"key":"SMITH"},{"floor":11,"key":"REST"},{"floor":15,"key":"REST"},{"floor":25,"key":"REST"},{"floor":30,"key":"REST"},{"floor":32,"key":"REST"}],"circlet_count":0,"master_deck":["Poison Darts+1","Strike_G","Strike_G","Strike_G","Strike_G","Defend_G","Defend_G","Defend_G","Survivor","Neutralize","Outmaneuver","Flying Knee","Quick Slash","Crippling Poison+1","ReplayTheSpireMod:From All Sides","hubris:NaturalOne","Replay:Poison Smokescreen+1","Outmaneuver+1","Slice+1","Venomology+1","Catalyst+1","PiercingWail+1","Draining Mist+1","Bane+1","Phantasmal Killer+1","Atom Bomb","Quick Slash","Fluid Movement+1","ReplayTheSpireMod:Necrosis+1","Deadly Poison+1","Adrenaline+1","Noxious Fumes","Bouncing Flask+1","Poisoned Stab+1"],"relics":["Ring of the Snake","hubris:Icosahedron","Toxic Egg 2","reliquary:PartyBalloon","hubris:BottledRain","Replay:WaspNest","Painkiller Herb","reliquary:BrokenClock","reliquary:PorcupineQuills","reliquary:ExpiredCoupon","Tiny House"],"acts_visited":["Exordium","TheCity","TheBeyond"],"potions_floor_usage":[10,16,20,23,23,23,31,31,33,35,37],"damage_taken":[{"damage":0,"enemies":"2 Louse","floor":1,"turns":2},{"damage":0,"enemies":"Small Slimes","floor":5,"turns":3},{"damage":7,"enemies":"Lagavulin","floor":7,"turns":4},{"damage":0,"enemies":"Cultist","floor":8,"turns":2},{"damage":16,"enemies":"3 Sentries","floor":10,"turns":4},{"damage":11,"enemies":"Replay:BlueRogue","floor":13,"turns":5},{"damage":21,"enemies":"Exordium Thugs","floor":14,"turns":3},{"damage":32,"enemies":"The Guardian","floor":16,"turns":9},{"damage":17,"enemies":"2 Thieves","floor":18,"turns":3},{"damage":0,"enemies":"Spheric Guardian","floor":19,"turns":2},{"damage":8,"enemies":"Centurion and Healer","floor":20,"turns":5},{"damage":11,"enemies":"3 Cultists","floor":21,"turns":5},{"damage":18,"enemies":"Gremlin Leader","floor":23,"turns":5},{"damage":24,"enemies":"Snake Plant","floor":27,"turns":4},{"damage":17,"enemies":"Centurion and Healer","floor":31,"turns":3},{"damage":55,"enemies":"hubris:MusketHawk","floor":33,"turns":7},{"damage":50,"enemies":"3 Darklings","floor":35,"turns":5},{"damage":19,"enemies":"3 Shapes","floor":36,"turns":2},{"damage":11,"enemies":"Writhing Mass","floor":37,"turns":2}],"seed_played":"-1778892971089157860","potions_obtained":[{"floor":7,"key":"Poison Potion"},{"floor":13,"key":"blueLaboratory:HorrorPotion"},{"floor":16,"key":"Energy Potion"},{"floor":19,"key":"blueLaboratory:PhilterOfMotion"},{"floor":23,"key":"blueLaboratory:BottledHope"},{"floor":27,"key":"Explosive Potion"},{"floor":31,"key":"blueLaboratory:EnvenomedCoating"},{"floor":34,"key":"hexamod:SoulburnPotion"}],"is_trial":false,"path_per_floor":["M","?","?","?","M","R","E","M","T","E","R","$","E","M","R","B",null,"?","?","?","?","T","E","T","T","T","?","?","?","T","?","T","B",null,"?","?","?"],"character_chosen":"THE_SILENT","items_purchased":["Phantasmal Killer+1","reliquary:BrokenClock","Atom Bomb"],"campfire_rested":5,"item_purchase_floors":[22,22,22],"current_hp_per_floor":[70,70,70,70,70,70,63,63,63,47,68,68,57,36,57,25,70,53,53,45,34,34,16,16,37,37,13,13,36,57,40,61,6,75,25,6,0,0],"gold":226,"neow_bonus":"RANDOM_EVENT","is_daily":false,"chose_seed":false,"campfire_upgraded":1,"win_rate":0.0,"timestamp":1613181878,"path_taken":["M","?","?","?","?","R","E","M","T","E","R","?","E","M","R","BOSS","?","?","?","?","T","E","T","T","T","?","?","?","T","?","T","BOSS","?","?","?"],"items_purchased_type":["Card","Relic","Card"],"build_version":"2020-12-22","purchased_purges":0,"victory":false,"max_hp_per_floor":[70,70,70,70,70,70,70,70,70,70,70,70,70,70,70,70,70,70,70,70,70,70,70,70,70,70,70,70,70,70,70,70,70,75,75,75,75,75],"relic_stats":{"counters":[19,75],"obtain_stats":[{"reliquary:ExpiredCoupon":26,"hubris:Icosahedron":3,"reliquary:PorcupineQuills":23,"Tiny House":34,"reliquary:PartyBalloon":9,"Painkiller Herb":17,"Replay:WaspNest":13,"reliquary:BrokenClock":22,"Toxic Egg 2":7,"Ring of the Snake":0,"hubris:BottledRain":10},{"reliquary:ExpiredCoupon":13,"hubris:Icosahedron":1,"reliquary:PorcupineQuills":13,"Tiny House":16,"reliquary:PartyBalloon":4,"Painkiller Herb":8,"Replay:WaspNest":6,"reliquary:BrokenClock":12,"Toxic Egg 2":3,"Ring of the Snake":0,"hubris:BottledRain":5},{"reliquary:ExpiredCoupon":52,"hubris:Icosahedron":2,"reliquary:PorcupineQuills":52,"Tiny House":66,"reliquary:PartyBalloon":11,"Painkiller Herb":32,"Replay:WaspNest":20,"reliquary:BrokenClock":47,"Toxic Egg 2":9,"Ring of the Snake":0,"hubris:BottledRain":15}],"Ring of the Snake":[95]},"card_choices":[{"not_picked":["Escape Plan","Eviscerate"],"picked":"Flying Knee","floor":1},{"not_picked":["Dagger Throw","Blur"],"picked":"Quick Slash","floor":5},{"not_picked":["Prepared+1","Deflect+1"],"picked":"Crippling Poison+1","floor":7},{"not_picked":["Prepared+1","Bane"],"picked":"ReplayTheSpireMod:From All Sides","floor":8},{"not_picked":["Deflect+1","Slice"],"picked":"Replay:Poison Smokescreen+1","floor":10},{"not_picked":["hubris:Sniper+1","A Thousand Cuts"],"picked":"Outmaneuver+1","floor":13},{"not_picked":["Prepared+1","Well Laid Plans"],"picked":"Slice","floor":14},{"not_picked":["A Thousand Cuts","Doppelganger+1"],"picked":"Venomology+1","floor":16},{"not_picked":["Replay:Poison Smokescreen+1","Blade Dance+1"],"picked":"Catalyst+1","floor":18},{"not_picked":["Dash","Dagger Throw"],"picked":"PiercingWail+1","floor":19},{"not_picked":["Crippling Poison+1","Hidden Blade+1"],"picked":"Draining Mist+1","floor":20},{"not_picked":["Sucker Punch","Dodge and Roll+1"],"picked":"Bane+1","floor":21},{"not_picked":["Underhanded Strike","Flechettes"],"picked":"Quick Slash","floor":23},{"not_picked":["ReplayTheSpireMod:Tripwire+1","Finisher"],"picked":"Fluid Movement+1","floor":27},{"not_picked":["Atom Bomb","Corpse Explosion"],"picked":"ReplayTheSpireMod:Necrosis","floor":28},{"not_picked":["Prepared+1","Blade Dance+1"],"picked":"Deadly Poison+1","floor":31},{"not_picked":["Atom Bomb","ReplayTheSpireMod:Necrosis+1"],"picked":"Adrenaline+1","floor":33},{"not_picked":["Dagger Throw","Poisoned Stab"],"picked":"Noxious Fumes","floor":34},{"not_picked":["Distraction+1","Blur+1"],"picked":"Bouncing Flask+1","floor":35},{"not_picked":["ReplayTheSpireMod:Scrap Shanks","Underhanded Strike+1"],"picked":"Poisoned Stab+1","floor":36}],"player_experience":13995,"relics_obtained":[{"floor":7,"key":"Toxic Egg 2"},{"floor":9,"key":"reliquary:PartyBalloon"},{"floor":10,"key":"hubris:BottledRain"},{"floor":13,"key":"Replay:WaspNest"},{"floor":23,"key":"reliquary:PorcupineQuills"},{"floor":26,"key":"reliquary:ExpiredCoupon"}],"event_choices":[{"damage_healed":0,"gold_gain":0,"player_choice":"Ignored","damage_taken":0,"max_hp_gain":0,"max_hp_loss":0,"event_name":"Golden Wing","floor":2,"gold_loss":0},{"cards_removed":["Defend_G"],"damage_healed":0,"gold_gain":0,"player_choice":"Purged","damage_taken":0,"max_hp_gain":0,"max_hp_loss":0,"event_name":"Purifier","floor":4,"gold_loss":0},{"damage_healed":0,"gold_gain":0,"player_choice":"1","damage_taken":0,"max_hp_gain":0,"max_hp_loss":0,"event_name":"betterMatch:BetterMatch","floor":28,"gold_loss":0,"cards_obtained":["betterMatch:RareCard"]},{"damage_healed":23,"gold_gain":0,"player_choice":"Heal","damage_taken":0,"max_hp_gain":0,"max_hp_loss":0,"event_name":"The Library","floor":29,"gold_loss":0}],"is_beta":false,"boss_relics":[{"not_picked":["ChewingGum","hubris:VirtuousBlindfold"],"picked":"Painkiller Herb"},{"not_picked":["reliquary:Craggleroot","hubris:RunicObelisk"],"picked":"Tiny House"}],"items_purged_floors":[],"is_endless":false,"potions_floor_spawned":[7,13,16,19,23,27,31,35],"killed_by":"Writhing Mass","ascension_level":1}}