{"host":"7iv10lxbxedtd0qh","time":1613253468,"event":{"mods":["100% Spire Juice","Act Like it!","BaseMod","Bestiary","CapriCore","Colored Map","Colored Powertips","Downfall","Minty Spire (QoL Compilation)","Spire Arcade","StSLib","The Alterego","The Immortal","The Marked","TheVacant"],"gold_per_floor":[116,130,140,157,157,157,186,197,197,197,209,228,261,273,273,370,370,383,383,394,394,407,407,407,407,407],"floor_reached":24,"language":"ENG","playtime":1183,"items_purged":[],"score":223,"play_id":"587990c8-e06e-4a42-adb3-f5b022d3fa15","local_time":"20210213225748","is_ascension_mode":true,"campfire_choices":[{"data":"MokouMod:Scorch","floor":6,"key":"SMITH"},{"data":"MokouMod:TemporalFireSeal","floor":10,"key":"SMITH"},{"floor":15,"key":"REST"},{"data":"MokouMod:Rebirth","floor":23,"key":"SMITH"}],"circlet_count":0,"master_deck":["MokouMod:Strike","MokouMod:Strike","MokouMod:Strike","MokouMod:Strike","MokouMod:Defend","MokouMod:Defend","MokouMod:Defend","MokouMod:Defend","MokouMod:HeatSpark","MokouMod:HeatTransfer","MokouMod:RetainTemperature","MokouMod:TemporalFireSeal+1","MokouMod:Scorch+1","MokouMod:Singe","MokouMod:FlareStarter","MokouMod:FlareStarter","MokouMod:Rebirth","MokouMod:Rebirth+1","MokouMod:Afterburner","MokouMod:IgneousBlow"],"relics":["MokouMod:PhoenixFeather","hexamod:Sixitude","Art of War","Question Card","Kunai","Letter Opener","Sozu","MutagenicStrength"],"acts_visited":["Exordium","TheCity"],"potions_floor_usage":[4,13,16,16],"damage_taken":[{"damage":1,"enemies":"Cultist","floor":1,"turns":3},{"damage":6,"enemies":"2 Louse","floor":2,"turns":3},{"damage":1,"enemies":"Jaw Worm","floor":3,"turns":4},{"damage":18,"enemies":"3 Louse","floor":4,"turns":2},{"damage":24,"enemies":"Lagavulin","floor":7,"turns":6},{"damage":8,"enemies":"Lots of Slimes","floor":8,"turns":3},{"damage":12,"enemies":"Exordium Thugs","floor":11,"turns":6},{"damage":1,"enemies":"2 Fungi Beasts","floor":12,"turns":2},{"damage":8,"enemies":"Gremlin Nob","floor":13,"turns":4},{"damage":8,"enemies":"Large Slime","floor":14,"turns":6},{"damage":33,"enemies":"Slime Boss","floor":16,"turns":12},{"damage":8,"enemies":"3 Byrds","floor":18,"turns":10},{"damage":22,"enemies":"Shell Parasite","floor":20,"turns":6},{"damage":30,"enemies":"Snake Plant","floor":22,"turns":5},{"damage":61,"enemies":"Slavers","floor":24,"turns":4}],"seed_played":"-6991156541180748340","potions_obtained":[{"floor":2,"key":"SkillPotion"},{"floor":11,"key":"Dexterity Potion"},{"floor":12,"key":"SteroidPotion"},{"floor":13,"key":"Weak Potion"},{"floor":14,"key":"sneckomod:MuddlingPotion"}],"is_trial":false,"path_per_floor":["M","M","M","M","?","R","E","M","T","R","M","M","E","M","R","B",null,"M","?","M","?","M","R","E"],"character_chosen":"MKU","items_purchased":[],"campfire_rested":1,"item_purchase_floors":[],"current_hp_per_floor":[53,47,46,28,18,18,18,10,10,10,18,17,9,1,23,18,75,67,67,45,45,15,15,0,0,0],"gold":407,"neow_bonus":"ONE_RARE_RELIC","is_daily":false,"chose_seed":false,"campfire_upgraded":3,"win_rate":0.0,"timestamp":1613253468,"path_taken":["M","M","M","M","?","R","E","M","T","R","M","M","E","M","R","BOSS","M","?","M","?","M","R","E"],"items_purchased_type":[],"build_version":"2020-12-22","purchased_purges":0,"victory":false,"max_hp_per_floor":[75,75,75,75,75,75,75,75,75,75,75,75,75,75,75,75,75,75,75,75,75,75,75,75,75,75],"card_choices":[{"not_picked":["MokouMod:BurningDraft","MokouMod:ThermalPressure"],"picked":"MokouMod:HeatTransfer","floor":1},{"not_picked":["MokouMod:FlickeringFlame","MokouMod:RisingSunBarrier"],"picked":"MokouMod:RetainTemperature","floor":2},{"not_picked":["MokouMod:Ember","MokouMod:Firecracker"],"picked":"MokouMod:TemporalFireSeal","floor":3},{"not_picked":["MokouMod:Ember","MokouMod:EternalBurstReactor"],"picked":"MokouMod:Scorch","floor":4},{"not_picked":["MokouMod:BlazingComet","MokouMod:GuidingSmoke"],"picked":"MokouMod:Singe","floor":7},{"not_picked":["MokouMod:BurningHiddenBullet","MokouMod:HeatFactory","MokouMod:IllusoryBattlefield"],"picked":"MokouMod:FlareStarter","floor":8},{"not_picked":["MokouMod:Firecracker","MokouMod:TemporalFireSeal","MokouMod:ResoluteFlare","MokouMod:BlazingComet"],"picked":"SKIP","floor":11},{"not_picked":["MokouMod:UncontrollableSolarReaction","MokouMod:SearingShot","MokouMod:RoaringFlare"],"picked":"MokouMod:FlareStarter","floor":12},{"not_picked":["MokouMod:BlazingComet","MokouMod:InfernalWave","MokouMod:Firecracker","MokouMod:ScorchingColumn"],"picked":"SKIP","floor":13},{"not_picked":["MokouMod:Trailblazer","MokouMod:Singe","MokouMod:RoaringFlare"],"picked":"MokouMod:Rebirth","floor":14},{"not_picked":["MokouMod:SearingBlow","MokouMod:Geothermal","MokouMod:HouraiForge"],"picked":"MokouMod:Rebirth","floor":16},{"not_picked":["MokouMod:SearingShot","MokouMod:BurningDraft+1","MokouMod:CrimsonArmoury"],"picked":"MokouMod:Afterburner","floor":18},{"not_picked":["MokouMod:Combust","MokouMod:BurningDraft+1","MokouMod:SearingShot+1","MokouMod:Singe"],"picked":"SKIP","floor":20},{"not_picked":["MokouMod:Meltdown","MokouMod:Stoke+1","MokouMod:FujiyamaVolcano"],"picked":"MokouMod:IgneousBlow","floor":22}],"player_experience":851832,"relics_obtained":[{"floor":7,"key":"Question Card"},{"floor":9,"key":"Kunai"},{"floor":13,"key":"Letter Opener"}],"event_choices":[{"damage_healed":0,"gold_gain":0,"player_choice":"Success","damage_taken":33,"relics_obtained":["Art of War"],"max_hp_gain":0,"max_hp_loss":0,"event_name":"Scrap Ooze","floor":5,"gold_loss":0},{"damage_healed":0,"gold_gain":0,"player_choice":"Inject Mutagens","damage_taken":0,"relics_obtained":["MutagenicStrength"],"max_hp_gain":0,"max_hp_loss":0,"event_name":"Drug Dealer","floor":19,"gold_loss":0},{"cards_removed":["MokouMod:Strike"],"damage_healed":0,"gold_gain":0,"player_choice":"Elegance","damage_taken":0,"max_hp_gain":0,"max_hp_loss":0,"event_name":"Back to Basics","floor":21,"gold_loss":0}],"is_beta":false,"boss_relics":[{"not_picked":["Velvet Choker","Runic Pyramid"],"picked":"Sozu"}],"items_purged_floors":[],"is_endless":false,"potions_floor_spawned":[2,11,12,13,14,20],"killed_by":"Slavers","ascension_level":1}}