{"host":"xdl39l9yh4kpjupj","time":1613256364,"event":{"mods":["BaseMod","Colored Map","Friendly Minions","Hubris","KinomotoSakuraMod(????)","Kiyohime????","Minty Spire (QoL Compilation)","Quick Restart","StSLib","Synergy Search","Td1madao Mod","The Animator","The Jungle","The Senshi","The Servant 0.9.4","Yuri Mod"],"gold_per_floor":[115,195,208,208,224,263,263,263,263],"floor_reached":8,"language":"ENG","playtime":559,"items_purged":[],"score":70,"play_id":"59fd5855-fb59-4ca5-a2b5-e7c20b9cba7d","local_time":"20210213144604","is_ascension_mode":true,"campfire_choices":[{"data":"animator:PinaCoLada","floor":7,"key":"SMITH"}],"circlet_count":0,"master_deck":["animator:Megumin+6","animator:Strike_Fate","animator:Defend_Fate","animator:Strike","animator:Strike","animator:Strike","animator:Defend","animator:Defend","animator:Defend","animator:Alexander","animator:Rider","animator:PinaCoLada+1","animator:Darkness","animator:Alexander","animator:Aqua","animator:YunYun"],"relics":["animator:LivingPicture","animator:TheMissingPiece","animator:PurgingStone","Golden Idol","MealTicket"],"acts_visited":["Exordium"],"potions_floor_usage":[8],"damage_taken":[{"damage":11,"enemies":"Jaw Worm","floor":1,"turns":5},{"damage":0,"enemies":"2 Louse","floor":3,"turns":2},{"damage":0,"enemies":"Cultist","floor":5,"turns":4},{"damage":6,"enemies":"3 Sentries","floor":6,"turns":4},{"damage":46,"enemies":"Lagavulin","floor":8,"turns":8}],"seed_played":"-7071831012350232857","potions_obtained":[{"floor":1,"key":"LiquidMemories"}],"is_trial":false,"path_per_floor":["M","?","M","?","M","E","R","E"],"character_chosen":"THE_ANIMATOR","items_purchased":[],"campfire_rested":0,"item_purchase_floors":[],"current_hp_per_floor":[55,55,55,39,39,35,35,0,0],"gold":263,"neow_bonus":"ONE_RANDOM_RARE_CARD","is_daily":false,"chose_seed":false,"campfire_upgraded":1,"win_rate":0.0,"timestamp":1613256364,"path_taken":["M","?","M","?","M","E","R","E"],"items_purchased_type":[],"build_version":"2020-12-22","purchased_purges":0,"victory":false,"max_hp_per_floor":[66,66,66,66,66,66,66,66,66],"card_choices":[{"not_picked":["animator:Shalltear","animator:Rider"],"picked":"animator:Darkness","floor":1},{"not_picked":["animator:ChaikaBohdan","animator:Mikaela"],"picked":"animator:Alexander","floor":3},{"not_picked":["animator:Genos","animator:MamiTomoe"],"picked":"animator:Aqua","floor":5},{"not_picked":["animator:Aqua","animator:Chris"],"picked":"animator:YunYun","floor":6}],"player_experience":218624,"relics_obtained":[{"floor":6,"key":"MealTicket"}],"event_choices":[{"damage_healed":0,"gold_gain":80,"player_choice":"Gained Gold","damage_taken":0,"max_hp_gain":0,"max_hp_loss":0,"event_name":"Golden Wing","floor":2,"gold_loss":0},{"damage_healed":0,"gold_gain":0,"player_choice":"Take Damage","damage_taken":16,"relics_obtained":["Golden Idol"],"max_hp_gain":0,"max_hp_loss":0,"event_name":"Golden Idol","floor":4,"gold_loss":0}],"is_beta":false,"boss_relics":[],"items_purged_floors":[],"is_endless":false,"potions_floor_spawned":[1],"killed_by":"Lagavulin","ascension_level":5}}