{"host":"y4mx56vxqys6xwyn","time":1613256377,"event":{"mods":["BaseMod","Hermit","Minty Spire (QoL Compilation)","StSLib"],"gold_per_floor":[115,129,142,159,159,185,185,53,103,123,140,170,182,210,210,313,313,331,349,274,274,287,287,299,299,299,317,331,331,345,379,379,391,391],"floor_reached":33,"language":"ENG","playtime":2062,"items_purged":[],"score":318,"play_id":"6408a9cb-fe2c-4061-b003-31213b34b928","local_time":"20210213164617","is_ascension_mode":false,"campfire_choices":[{"data":"Thunderclap","floor":7,"key":"SMITH"},{"data":"Anger","floor":15,"key":"SMITH"},{"data":"Reaper","floor":23,"key":"SMITH"},{"data":"Double Tap","floor":25,"key":"SMITH"},{"floor":29,"key":"DIG"},{"floor":32,"key":"DIG"}],"circlet_count":0,"master_deck":["Strike_R+1","Strike_R+1","Strike_R+1","Strike_R+1","Defend_R+1","Defend_R+1","Defend_R+1","Defend_R+1","Bash","Clash","Headbutt","Brutality+1","Thunderclap+1","Bloodletting","Headbutt","Reaper+1","Wild Strike","Uppercut","Rampage","Cleave","Thunderclap","Hemokinesis","Anger+1","Double Tap+1","Cleave","Exhume","Heavy Blade","Thunderclap","Carnage","Cleave+1","Clash","Fiend Fire","Iron Wave","Pummel+1","Rampage","Anger+1","Searing Blow+1"],"relics":["Burning Blood","Prayer Wheel","Meat on the Bone","Blood Vial","MealTicket","Bag of Marbles","Sozu","Shovel","Matryoshka","Bag of Preparation","MawBank"],"acts_visited":["Exordium","TheCity"],"potions_floor_usage":[11,12,12,14,16,16],"damage_taken":[{"damage":7,"enemies":"2 Louse","floor":1,"turns":3},{"damage":0,"enemies":"Small Slimes","floor":2,"turns":3},{"damage":1,"enemies":"Jaw Worm","floor":3,"turns":3},{"damage":26,"enemies":"Lots of Slimes","floor":4,"turns":3},{"damage":26,"enemies":"Gremlin Nob","floor":6,"turns":4},{"damage":4,"enemies":"2 Fungi Beasts","floor":10,"turns":3},{"damage":18,"enemies":"Large Slime","floor":11,"turns":3},{"damage":36,"enemies":"Lagavulin","floor":12,"turns":4},{"damage":19,"enemies":"Blue Slaver","floor":13,"turns":4},{"damage":20,"enemies":"Gremlin Nob","floor":14,"turns":3},{"damage":49,"enemies":"Hexaghost","floor":16,"turns":8},{"damage":4,"enemies":"Spheric Guardian","floor":18,"turns":3},{"damage":27,"enemies":"2 Thieves","floor":19,"turns":3},{"damage":4,"enemies":"3 Cultists","floor":22,"turns":2},{"damage":17,"enemies":"Sentry and Sphere","floor":24,"turns":4},{"damage":15,"enemies":"Chosen and Byrds","floor":27,"turns":3},{"damage":26,"enemies":"Snake Plant","floor":28,"turns":2},{"damage":25,"enemies":"Shelled Parasite and Fungi","floor":30,"turns":3},{"damage":43,"enemies":"Gremlin Leader","floor":31,"turns":4},{"damage":41,"enemies":"Champ","floor":33,"turns":5}],"seed_played":"-2842021787787390033","potions_obtained":[{"floor":2,"key":"SneckoOil"},{"floor":6,"key":"Weak Potion"},{"floor":10,"key":"BloodPotion"},{"floor":11,"key":"LiquidBronze"},{"floor":12,"key":"Dexterity Potion"},{"floor":14,"key":"DistilledChaos"}],"is_trial":false,"path_per_floor":["M","M","M","M","?","E","R","$","T","M","M","E","M","E","R","B",null,"M","M","?","?","M","R","M","R","T","M","M","R","M","E","R","B"],"character_chosen":"IRONCLAD","items_purchased":["Rampage","Cleave"],"campfire_rested":0,"item_purchase_floors":[8,8],"current_hp_per_floor":[71,72,72,52,52,33,33,33,33,45,61,51,48,48,48,25,72,72,67,67,67,72,72,61,61,61,54,48,48,50,38,38,0,0],"gold":391,"neow_bonus":"ONE_RARE_RELIC","is_daily":false,"chose_seed":false,"campfire_upgraded":4,"win_rate":0.0,"timestamp":1613256377,"path_taken":["M","M","M","M","?","E","R","$","T","M","M","E","M","E","R","BOSS","M","M","?","?","?","R","?","R","T","M","M","R","M","E","R","BOSS"],"items_purchased_type":["Card","Card"],"build_version":"2020-12-22","purchased_purges":0,"victory":false,"max_hp_per_floor":[72,72,72,72,72,72,72,72,72,72,72,72,72,72,72,72,72,72,72,72,72,72,72,72,72,72,72,72,72,72,72,72,72,72],"card_choices":[{"not_picked":["True Grit","Clothesline"],"picked":"Clash","floor":1},{"not_picked":["Disarm","Perfected Strike"],"picked":"Headbutt","floor":1},{"not_picked":["Inflame","Dark Embrace"],"picked":"Brutality","floor":2},{"not_picked":["Perfected Strike","Combust"],"picked":"Thunderclap","floor":2},{"not_picked":["Twin Strike","Shrug It Off"],"picked":"Bloodletting","floor":3},{"not_picked":["Infernal Blade","Sword Boomerang"],"picked":"Headbutt","floor":3},{"not_picked":["Iron Wave","Twin Strike"],"picked":"Reaper","floor":4},{"not_picked":["Armaments","Evolve"],"picked":"Wild Strike","floor":4},{"not_picked":["Demon Form","Sword Boomerang"],"picked":"Uppercut","floor":6},{"not_picked":["Twin Strike","Rupture"],"picked":"Thunderclap","floor":10},{"not_picked":["Havoc","True Grit","Body Slam"],"picked":"SKIP","floor":10},{"not_picked":["Flex","Ghostly Armor"],"picked":"Hemokinesis","floor":11},{"not_picked":["Heavy Blade","Headbutt"],"picked":"Anger","floor":11},{"not_picked":["Intimidate","Clothesline"],"picked":"Double Tap","floor":12},{"not_picked":["Shockwave","Pummel","Armaments"],"picked":"SKIP","floor":13},{"not_picked":["Reckless Charge","Dropkick","Combust"],"picked":"SKIP","floor":13},{"not_picked":["Sword Boomerang","True Grit"],"picked":"Cleave","floor":14},{"not_picked":["Limit Break","Juggernaut"],"picked":"Exhume","floor":16},{"not_picked":["Sentinel","Cleave"],"picked":"Heavy Blade","floor":18},{"not_picked":["Metallicize","Shrug It Off"],"picked":"Thunderclap","floor":18},{"not_picked":["Cleave","Combust"],"picked":"Carnage","floor":19},{"not_picked":["Second Wind","Wild Strike"],"picked":"Cleave+1","floor":19},{"not_picked":["Heavy Blade","Ghostly Armor"],"picked":"Clash","floor":22},{"not_picked":["Entrench","Warcry","Havoc"],"picked":"SKIP","floor":22},{"not_picked":["Intimidate","Inflame"],"picked":"Fiend Fire","floor":24},{"not_picked":["True Grit+1","Sword Boomerang+1"],"picked":"Iron Wave","floor":24},{"not_picked":["Anger","Havoc+1"],"picked":"Pummel+1","floor":27},{"not_picked":["Flex","Power Through+1","Clothesline"],"picked":"SKIP","floor":27},{"not_picked":["Twin Strike","Searing Blow"],"picked":"Rampage","floor":28},{"not_picked":["Whirlwind","Pommel Strike"],"picked":"Anger+1","floor":28},{"not_picked":["Berserk","Iron Wave"],"picked":"Searing Blow+1","floor":30},{"not_picked":["Pummel","Warcry","Havoc"],"picked":"SKIP","floor":30},{"not_picked":["Dark Embrace+1","Power Through","Clothesline"],"picked":"SKIP","floor":31}],"player_experience":25979,"relics_obtained":[{"floor":6,"key":"Meat on the Bone"},{"floor":9,"key":"Blood Vial"},{"floor":12,"key":"MealTicket"},{"floor":14,"key":"Bag of Marbles"},{"floor":26,"key":"Shovel"},{"floor":29,"key":"Matryoshka"},{"floor":31,"key":"Bag of Preparation"},{"floor":32,"key":"MawBank"}],"event_choices":[{"damage_healed":0,"gold_gain":0,"player_choice":"Grow","damage_taken":0,"max_hp_gain":0,"max_hp_loss":0,"event_name":"Living Wall","floor":5,"gold_loss":0,"cards_upgraded":["Brutality"]},{"cards_removed":["Strike_R"],"damage_healed":0,"gold_gain":0,"player_choice":"Gave Gold","damage_taken":0,"max_hp_gain":0,"max_hp_loss":0,"event_name":"Beggar","floor":20,"gold_loss":75},{"damage_healed":0,"gold_gain":0,"player_choice":"Simplicity","damage_taken":0,"max_hp_gain":0,"max_hp_loss":0,"event_name":"Back to Basics","floor":21,"gold_loss":0,"cards_upgraded":["Strike_R","Strike_R","Strike_R","Strike_R","Defend_R","Defend_R","Defend_R","Defend_R"]}],"is_beta":false,"boss_relics":[{"not_picked":["Calling Bell","Runic Dome"],"picked":"Sozu"}],"items_purged_floors":[],"is_endless":false,"potions_floor_spawned":[2,6,10,11,12,14,18,22,24,30,31],"killed_by":"Champ","ascension_level":0}}