{"host":"1ftto2vaskemldx8","time":1613225403,"event":{"mods":["BaseMod","Minty Spire (QoL Compilation)","Replay The Spire","StSLib","Together in Spire","[功能]功能增强和修复MOD"],"gold_per_floor":[115,115,6,6,30,63,81,117,117,136,179,195,36,80,80,209,209,233,62,62,1,1,44,44,63,133,133,3,3,35,45,45,146,146,157,28,43,6,25,59,59,94,146,208,224,243,276,217,217,229],"floor_reached":51,"language":"ZHS","playtime":7512,"items_purged":["Strike_R","Strike_R","Strike_R","Strike_R","Strike_R","Strike_R","Warcry","Defend_R","Defend_R","Defend_R","Defend_R","Strike_R+1","Twin Strike","Burning Pact","Heavy Blade","Bash+1","Dropkick","Rampage","Headbutt+1"],"score":1017,"play_id":"83088b6d-fca9-4bae-b5e9-19d0e2fcb580","local_time":"20210213221003","is_ascension_mode":true,"campfire_choices":[{"data":"Mayhem","floor":27,"key":"SMITH"},{"data":"Dual Wield","floor":29,"key":"SMITH"},{"floor":32,"key":"DIG"},{"data":"Barricade","floor":49,"key":"SMITH"}],"circlet_count":0,"master_deck":["Reaper","ReplayReversal+1","Infernal Blade","Berserk","Metallicize","Juggernaut","Whirlwind","Burning Pact","Replay:Undeath\u0027s Touch+1","True Grit","Defy Death","Mayhem+1","Shrug It Off","Pommel Strike","Hemogenesis+1","ReplayTheSpireMod:Muscle Training","Dual Wield+1","Battle Trance","Combust","Midas Touch+1","Searing Blow","Metallicize","Armaments","Warcry+1","Rage","Dual Wield+1","Hemogenesis","Secret Weapon","Metallicize","Shrug It Off","Infernal Blade","Iron Wave+1","Limit Break","CurseOfTheBell","Blood for Blood+1","Inflame","Barricade+1","Replay:Undeath\u0027s Touch","Feel No Pain+1","Apotheosis+1","Impatience+1","Secret Weapon+1","Parasite","Flame Barrier+1","Juggernaut","Thunderclap+1","Entrench+1","Seeing Red+1","ReplayTheSpireMod:Muscle Training+1","Double Tap+1","Juggernaut","Specialist"],"relics":["Burning Blood","Bloody Idol","Replay:Wax Seal","Boot","Girya","Whetstone","Potion Belt","Prayer Wheel","ReplayTheSpireMod:TigerMarble","HandDrill","ReplayTheSpireMod:Spearhead","King of Hearts","Honey Jar","Dream Catcher","Lee\u0027s Waffle","Guide Book","ReplayTheSpireMod:Ring of Collecting","Red Skull","Ring of Fury","Chameleon Ring","Membership Card","Ginger","Bag of Marbles","Bronze Scales","Calling Bell","Blood Vial","Darkstone Periapt","Charon\u0027s Ashes","ClockworkSouvenir","Snack Pack","Peace Pipe","Toxic Egg 2","ReplayTheSpireMod:ShopPack","Replay:Mystery Machine","Mummified Hand","Regal Pillow","Divine Protection","Calipers","Happy Flower","Replay:Bandana","BargainBundle"],"acts_visited":["TheCity","TheBeyond"],"potions_floor_usage":[1,7,8,8,16,16,16,30,31,33,33,35,39,40,42,47,50,50,50],"damage_taken":[{"damage":12,"enemies":"Small Slimes","floor":1,"turns":4},{"damage":9,"enemies":"2 Louse","floor":5,"turns":3},{"damage":25,"enemies":"Gremlin Nob","floor":6,"turns":5},{"damage":4,"enemies":"Cultist","floor":7,"turns":4},{"damage":14,"enemies":"Lagavulin","floor":8,"turns":6},{"damage":13,"enemies":"3 Louse","floor":10,"turns":3},{"damage":12,"enemies":"Replay:BlueRogue","floor":11,"turns":7},{"damage":10,"enemies":"Looter","floor":12,"turns":2},{"damage":22,"enemies":"3 Sentries","floor":14,"turns":8},{"damage":15,"enemies":"The Guardian","floor":16,"turns":7},{"damage":3,"enemies":"Chosen","floor":18,"turns":4},{"damage":50,"enemies":"Slavers","floor":23,"turns":5},{"damage":25,"enemies":"Shell Parasite","floor":25,"turns":5},{"damage":46,"enemies":"Gremlin Leader","floor":30,"turns":6},{"damage":13,"enemies":"Centurion and Healer","floor":31,"turns":4},{"damage":68,"enemies":"Collector","floor":33,"turns":7},{"damage":10,"enemies":"3 Shapes","floor":35,"turns":2},{"damage":8,"enemies":"3 Darklings","floor":37,"turns":3},{"damage":6,"enemies":"Writhing Mass","floor":39,"turns":4},{"damage":15,"enemies":"R_Hoarder","floor":40,"turns":5},{"damage":8,"enemies":"Giant Head","floor":42,"turns":7},{"damage":6,"enemies":"Jaw Worm Horde","floor":45,"turns":2},{"damage":0,"enemies":"3 Darklings","floor":46,"turns":3},{"damage":25,"enemies":"R_Hoarder","floor":47,"turns":6},{"damage":0,"enemies":"Time Eater","floor":50,"turns":8}],"seed_played":"-6521907858876024054","potions_obtained":[{"floor":1,"key":"Fruit Juice"},{"floor":5,"key":"GamblersBrew"},{"floor":6,"key":"Milkshake"},{"floor":6,"key":"BloodPotion"},{"floor":7,"key":"Adrenaline Potion"},{"floor":11,"key":"EntropicBrew"},{"floor":11,"key":"SkillPotion"},{"floor":12,"key":"ColorlessPotion"},{"floor":16,"key":"Dexterity Potion"},{"floor":16,"key":"SteroidPotion"},{"floor":18,"key":"Elixir"},{"floor":18,"key":"Milkshake"},{"floor":25,"key":"Dexterity Potion"},{"floor":30,"key":"Weak Potion"},{"floor":31,"key":"EntropicBrew"},{"floor":31,"key":"ColorlessPotion"},{"floor":31,"key":"SteroidPotion"},{"floor":33,"key":"PowerPotion"},{"floor":33,"key":"LiquidBronze"},{"floor":35,"key":"ColorlessPotion"},{"floor":39,"key":"FearPotion"},{"floor":40,"key":"Swift Potion"},{"floor":42,"key":"Doom Potion"},{"floor":42,"key":"SteroidPotion"},{"floor":44,"key":"SpeedPotion"},{"floor":45,"key":"Regen Potion"},{"floor":46,"key":"PowerPotion"},{"floor":47,"key":"Fire Potion"}],"is_trial":false,"path_per_floor":["M","?","$","?","M","E","M","E","T","M","E","M","$","E","R","B",null,"M","$","?","$","?","E","?","M","T","R","$","R","E","M","R","B",null,"M","$","M","$","M","E","?","E","T","?","M","M","E","$","R","B",null],"character_chosen":"IRONCLAD","items_purchased":["Replay:Wax Seal","Boot","ReplayReversal+1","Infernal Blade","Berserk","ReplayTheSpireMod:TigerMarble","HandDrill","ReplayTheSpireMod:Spearhead","Mayhem","Shrug It Off","Rampage","Twin Strike","Carnage+1","Battle Trance","Burning Pact","Combust","Midas Touch","Dream Catcher","Lee\u0027s Waffle","Searing Blow","Guide Book","Metallicize","Warcry","Armaments","Membership Card","Ginger","Hemogenesis","Secret Weapon","Metallicize","Shrug It Off","ClockworkSouvenir","Snack Pack","Peace Pipe","Barricade","Replay:Undeath\u0027s Touch","Toxic Egg 2","ReplayTheSpireMod:ShopPack","Happy Flower","Replay:Bandana","BargainBundle","Juggernaut","Specialist","HeartOfIron"],"campfire_rested":0,"item_purchase_floors":[3,3,3,3,3,13,13,13,13,13,13,13,19,19,19,19,19,19,19,19,21,21,21,21,28,28,28,28,28,28,36,36,36,36,36,38,38,48,48,48,48,48,48],"current_hp_per_floor":[82,82,82,82,79,65,85,77,77,70,64,65,65,64,85,76,85,85,92,92,92,92,77,77,71,76,76,76,76,82,92,92,92,92,92,92,92,92,98,98,98,98,98,64,100,101,101,101,101,101],"gold":229,"neow_bonus":"THREE_RARE_CARDS","is_daily":false,"chose_seed":false,"campfire_upgraded":3,"win_rate":0.0,"timestamp":1613225403,"path_taken":["M","?","$","?","M","E","M","E","T","M","E","M","$","E","R","BOSS","M","$","?","$","?","E","?","M","T","R","$","R","E","M","R","BOSS","M","$","M","$","M","E","?","E","T","?","M","?","E","$","R","BOSS"],"items_purchased_type":["Relic","Relic","Card","Card","Card","Relic","Relic","Relic","Card","Card","Card","Card","Card","Card","Card","Card","Card","Relic","Relic","Card","Relic","Card","Card","Card","Relic","Relic","Card","Card","Card","Card","Relic","Relic","Relic","Card","Card","Relic","Relic","Relic","Relic","Relic","Card","Card","Potion"],"build_version":"2020-12-22","purchased_purges":19,"victory":true,"max_hp_per_floor":[85,85,85,85,85,85,85,85,85,85,85,85,85,85,85,85,85,85,92,92,92,92,92,92,92,92,92,92,92,92,92,92,92,92,92,92,92,92,98,98,98,98,98,98,101,101,101,101,101,101],"card_choices":[{"not_picked":["Brutality","Double Tap"],"picked":"Reaper","floor":0},{"not_picked":["Clash","Body Slam"],"picked":"Heavy Blade","floor":1},{"not_picked":["Perfected Strike","Thunderclap"],"picked":"Metallicize","floor":5},{"not_picked":["Replay:Undeath\u0027s Touch","Clothesline"],"picked":"Juggernaut","floor":6},{"not_picked":["Iron Wave","Headbutt"],"picked":"Dropkick","floor":7},{"not_picked":["ReplayReversal","Massacre"],"picked":"Whirlwind","floor":8},{"not_picked":["Warcry","Carnage"],"picked":"Burning Pact","floor":10},{"not_picked":["Perfected Strike","Body Slam"],"picked":"Replay:Undeath\u0027s Touch","floor":11},{"not_picked":["Replay:Undeath\u0027s Touch","Flex"],"picked":"True Grit","floor":12},{"not_picked":["Feed","ReplayTheSpireMod:Limb From Limb"],"picked":"Defy Death","floor":12},{"not_picked":["Warcry","Clothesline"],"picked":"Pommel Strike","floor":14},{"not_picked":["Barricade","Immolate"],"picked":"Hemogenesis","floor":16},{"not_picked":["Power Through","Run Through","Anger"],"picked":"ReplayTheSpireMod:Muscle Training","floor":18},{"not_picked":["Rampage","Run Through","Burning Pact"],"picked":"Dual Wield","floor":18},{"not_picked":["Searing Blow","Replay:Undeath\u0027s Touch","Disarm"],"picked":"Warcry+1","floor":23},{"not_picked":["Armaments","Shrug It Off+1","Perfected Strike+1"],"picked":"Rage","floor":25},{"not_picked":["Clothesline+1","Battle Trance","Cleave"],"picked":"Dual Wield+1","floor":25},{"not_picked":["Whirlwind+1","Uppercut","Hemokinesis"],"picked":"Infernal Blade","floor":30},{"not_picked":["Wild Strike+1","Dropkick","Dark Embrace"],"picked":"Iron Wave+1","floor":31},{"not_picked":["Perfected Strike","Thunderclap","Body Slam"],"picked":"Headbutt+1","floor":31},{"not_picked":["Corruption","Eclipse","Immolate"],"picked":"Limit Break","floor":33},{"not_picked":["Iron Wave+1","Pummel","Twin Strike+1"],"picked":"Blood for Blood+1","floor":35},{"not_picked":["Dual Wield","Blood for Blood","Twin Strike+1"],"picked":"Inflame","floor":35},{"not_picked":["Sever Soul+1","Dropkick+1","Thunderclap+1"],"picked":"Feel No Pain+1","floor":37},{"not_picked":["Warcry","Cleave+1","Massacre","Twin Strike+1"],"picked":"SKIP","floor":37},{"not_picked":["Violence","Transmutation","Chrysalis"],"picked":"Apotheosis","floor":38},{"not_picked":["Crow Ritual","Apotheosis","Replay:BasicMightCard"],"picked":"Impatience","floor":38},{"not_picked":["Impatience","Enlightenment","Blind"],"picked":"Secret Weapon","floor":38},{"not_picked":["Warcry+1","ReplayTheSpireMod:Strike From Hell+1","Thunderclap"],"picked":"Flame Barrier+1","floor":39},{"not_picked":["Armaments+1","Shrug It Off+1","Sword Boomerang+1"],"picked":"Juggernaut","floor":39},{"not_picked":["Clothesline+1","True Grit+1","Heavy Blade+1"],"picked":"Thunderclap+1","floor":40},{"not_picked":["Fire Breathing+1","Warcry+1","Cleave","ReplayTheSpireMod:Strike From Hell+1"],"picked":"SKIP","floor":42},{"not_picked":["Pommel Strike+1","Brutality","Flex+1"],"picked":"Entrench+1","floor":44},{"not_picked":["Twin Strike+1","Perfected Strike+1","Evolve+1"],"picked":"Seeing Red+1","floor":45},{"not_picked":["Armaments+1","Headbutt+1","Sword Boomerang","Anger"],"picked":"SKIP","floor":45},{"not_picked":["Carnage","Thunderclap+1","Heavy Blade+1"],"picked":"ReplayTheSpireMod:Muscle Training+1","floor":46},{"not_picked":["Cleave","Iron Wave+1","Twin Strike+1","Headbutt+1"],"picked":"SKIP","floor":46},{"not_picked":["Warcry+1","ReplayReversal+1","ReplayTheSpireMod:Muscle Training+1"],"picked":"Double Tap+1","floor":47}],"player_experience":28508,"relics_obtained":[{"floor":6,"key":"Girya"},{"floor":8,"key":"Whetstone"},{"floor":9,"key":"Potion Belt"},{"floor":11,"key":"Prayer Wheel"},{"floor":14,"key":"King of Hearts"},{"floor":22,"key":"ReplayTheSpireMod:Ring of Collecting"},{"floor":23,"key":"Red Skull"},{"floor":26,"key":"Ring of Fury"},{"floor":26,"key":"Chameleon Ring"},{"floor":30,"key":"Bag of Marbles"},{"floor":32,"key":"Bronze Scales"},{"floor":34,"key":"Blood Vial"},{"floor":34,"key":"Darkstone Periapt"},{"floor":34,"key":"Charon\u0027s Ashes"},{"floor":40,"key":"Replay:Mystery Machine"},{"floor":42,"key":"Mummified Hand"},{"floor":43,"key":"Regal Pillow"},{"floor":44,"key":"Divine Protection"},{"floor":47,"key":"Calipers"}],"event_choices":[{"damage_healed":0,"gold_gain":0,"player_choice":"Take Wound","damage_taken":0,"relics_obtained":["Golden Idol"],"max_hp_gain":0,"max_hp_loss":0,"event_name":"Golden Idol","floor":2,"gold_loss":0,"cards_obtained":["Injury"]},{"cards_removed":["Injury"],"damage_healed":0,"gold_gain":0,"player_choice":"Removed Curses","damage_taken":0,"max_hp_gain":0,"max_hp_loss":0,"event_name":"Fountain of Cleansing","floor":4,"gold_loss":0},{"damage_healed":0,"gold_gain":0,"player_choice":"Ignored","damage_taken":0,"max_hp_gain":0,"max_hp_loss":0,"event_name":"Vampires","floor":20,"gold_loss":0},{"damage_healed":0,"gold_gain":0,"player_choice":"Gave Idol","damage_taken":0,"relics_obtained":["Bloody Idol"],"max_hp_gain":0,"max_hp_loss":0,"event_name":"Forgotten Altar","floor":24,"relics_lost":["Golden Idol"],"gold_loss":0},{"cards_removed":["Carnage"],"damage_healed":0,"gold_gain":0,"player_choice":"Removed Attack","damage_taken":0,"max_hp_gain":0,"max_hp_loss":0,"event_name":"Falling","floor":41,"gold_loss":0}],"is_beta":false,"boss_relics":[{"not_picked":["Replay:Bronze Core","Ooze Armor"],"picked":"Honey Jar"},{"not_picked":["Cursed Key","ReplayTheSpireMod:DimensionalGlitch"],"picked":"Calling Bell"}],"items_purged_floors":[3,3,13,19,28,28,28,28,28,36,36,36,36,36,36,36,48,48,48],"is_endless":false,"potions_floor_spawned":[1,5,6,6,7,7,11,11,12,14,14,14,16,16,18,18,25,30,31,31,31,33,33,35,37,39,40,42,42,45,45,46,46,47,47],"ascension_level":1}}