{"host":"Berg","time":1613176296,"event":{"mods":["AchievementEnabler","BaseMod","Colored Map","Gremlin Skip","Highlight Path","Minty Spire (QoL Compilation)","Relic Stats","StSLib"],"gold_per_floor":[119,119,119,194,27,27,61,20,20,59,75,75,75,110,110,110,110],"floor_reached":16,"language":"ENG","playtime":491,"items_purged":[],"score":328,"play_id":"5cbc4d84-62a4-4c9b-9e54-ee8d46ee08f0","local_time":"20210212193136","is_ascension_mode":true,"campfire_choices":[{"data":"Neutralize","floor":6,"key":"SMITH"},{"data":"Cloak And Dagger","floor":12,"key":"SMITH"},{"data":"Footwork","floor":15,"key":"SMITH"}],"circlet_count":0,"master_deck":["AscendersBane","Strike_G","Strike_G","Strike_G","Strike_G","Defend_G","Defend_G","Defend_G","Defend_G","Defend_G","Survivor","Neutralize+1","Acrobatics","Flechettes","Noxious Fumes","Endless Agony","Cloak And Dagger+1","Footwork+1"],"relics":["Ring of the Snake","NeowsBlessing","Golden Idol","Lantern","Ancient Tea Set","The Specimen","Pen Nib","Molten Egg 2"],"acts_visited":["Exordium"],"potions_floor_usage":[16],"damage_taken":[{"damage":0,"enemies":"2 Louse","floor":1,"turns":1},{"damage":0,"enemies":"Gremlin Nob","floor":7,"turns":1},{"damage":0,"enemies":"Lagavulin","floor":10,"turns":2},{"damage":4,"enemies":"Small Slimes","floor":11,"turns":3},{"damage":28,"enemies":"3 Sentries","floor":14,"turns":9},{"damage":33,"enemies":"Hexaghost","floor":16,"turns":15}],"seed_played":"8578688522222763570","potions_obtained":[{"floor":7,"key":"EssenceOfSteel"}],"is_trial":false,"path_per_floor":["M","?","?","?","$","R","E","$","T","E","M","R","?","E","R","B"],"character_chosen":"THE_SILENT","items_purchased":["Lantern","Noxious Fumes"],"campfire_rested":0,"item_purchase_floors":[5,8],"current_hp_per_floor":[59,59,52,41,41,41,41,41,41,41,37,37,60,32,32,0,0],"gold":110,"neow_bonus":"THREE_ENEMY_KILL","is_daily":false,"chose_seed":false,"campfire_upgraded":3,"win_rate":0.0,"timestamp":1613176296,"path_taken":["M","?","?","?","?","R","E","$","T","E","?","R","?","E","R","BOSS"],"items_purchased_type":["Relic","Card"],"build_version":"2020-12-18","purchased_purges":0,"victory":false,"max_hp_per_floor":[66,60,60,60,60,60,60,60,60,60,60,60,60,60,60,60,60],"relic_stats":{"counters":[6,31],"Golden Idol":25,"Pen Nib":[5],"obtain_stats":[{"Lantern":5,"NeowsBlessing":0,"The Specimen":9,"Golden Idol":2,"Molten Egg 2":14,"Pen Nib":10,"Ancient Tea Set":7,"Ring of the Snake":0},{"Lantern":1,"NeowsBlessing":0,"The Specimen":2,"Golden Idol":1,"Molten Egg 2":5,"Pen Nib":3,"Ancient Tea Set":2,"Ring of the Snake":0},{"Lantern":1,"NeowsBlessing":0,"The Specimen":2,"Golden Idol":1,"Molten Egg 2":16,"Pen Nib":4,"Ancient Tea Set":2,"Ring of the Snake":0}],"Ring of the Snake":[13]},"card_choices":[{"not_picked":["Outmaneuver","Finisher"],"picked":"Acrobatics","floor":1},{"not_picked":["Burst","Dagger Spray"],"picked":"Flechettes","floor":7},{"not_picked":["Deflect","Backflip"],"picked":"Endless Agony","floor":10},{"not_picked":["Prepared","Dodge and Roll"],"picked":"Cloak And Dagger","floor":11},{"not_picked":["Backflip","Prepared"],"picked":"Footwork","floor":14}],"player_experience":1343250,"relics_obtained":[{"floor":7,"key":"Ancient Tea Set"},{"floor":9,"key":"The Specimen"},{"floor":10,"key":"Pen Nib"},{"floor":14,"key":"Molten Egg 2"}],"event_choices":[{"damage_healed":0,"gold_gain":0,"player_choice":"Lose Max HP","damage_taken":0,"relics_obtained":["Golden Idol"],"max_hp_gain":0,"max_hp_loss":6,"event_name":"Golden Idol","floor":2,"gold_loss":0},{"cards_removed":["Strike_G"],"damage_healed":0,"gold_gain":0,"player_choice":"Card Removal","damage_taken":7,"max_hp_gain":0,"max_hp_loss":0,"event_name":"Golden Wing","floor":3,"gold_loss":0},{"damage_healed":0,"gold_gain":75,"player_choice":"Gather Gold","damage_taken":11,"max_hp_gain":0,"max_hp_loss":0,"event_name":"World of Goop","floor":4,"gold_loss":0},{"damage_healed":23,"gold_gain":0,"player_choice":"Full Heal","damage_taken":0,"max_hp_gain":0,"max_hp_loss":0,"event_name":"Wheel of Change","floor":13,"gold_loss":0}],"is_beta":true,"boss_relics":[],"items_purged_floors":[],"is_endless":false,"potions_floor_spawned":[7],"killed_by":"Hexaghost","ascension_level":20}}