{"host":"4t0z2wyk4ymtbfy7","time":1613219226,"event":{"mods":["AchievementEnabler","BaseMod","Colored Map","Colored Powertips","DeckTracker","Keyboard Shortcuts","Marisa£¨Ùöéë¡¡Øª×âÞÞ£©","Minty Spire (QoL Compilation)","SuperFastMode","Td1madao Mod"],"gold_per_floor":[109,127,127,52,52,79,98,114,114,289,314,314,168,178,178,178,178],"floor_reached":16,"language":"KOR","playtime":606,"items_purged":["Regret"],"score":140,"play_id":"4ff22d56-8c98-4892-9ffd-e4c4f5dad11d","local_time":"20210213212706","is_ascension_mode":true,"campfire_choices":[{"floor":12,"key":"REST"},{"floor":15,"key":"REST"}],"circlet_count":0,"master_deck":["Strike_G","Strike_G","Strike_G","Strike_G","Strike_G","Defend_G","Defend_G","Defend_G","Defend_G","Defend_G","Survivor","Neutralize","Dramatic Entrance","Finisher","Slice","Adrenaline","Accuracy","Accuracy","Tools of the Trade"],"relics":["Ring of the Snake","InkBottle","Omamori","Bottled Lightning","Odd Mushroom","Dream Catcher"],"acts_visited":["Exordium"],"potions_floor_usage":[16,16,16],"damage_taken":[{"damage":0,"enemies":"Jaw Worm","floor":1,"turns":5},{"damage":0,"enemies":"2 Louse","floor":2,"turns":2},{"damage":15,"enemies":"3 Sentries","floor":6,"turns":6},{"damage":0,"enemies":"Cultist","floor":7,"turns":2},{"damage":24,"enemies":"Large Slime","floor":8,"turns":10},{"damage":0,"enemies":"The Mushroom Lair","floor":11,"turns":4},{"damage":9,"enemies":"Exordium Wildlife","floor":14,"turns":5},{"damage":49,"enemies":"Slime Boss","floor":16,"turns":17}],"seed_played":"-797487044122793365","potions_obtained":[{"floor":1,"key":"Swift Potion"},{"floor":6,"key":"Block Potion"},{"floor":11,"key":"Block Potion"}],"is_trial":false,"path_per_floor":["M","M","?","$","?","E","M","M","T","?","?","R","$","M","R","B"],"character_chosen":"THE_SILENT","items_purchased":["Dream Catcher"],"campfire_rested":2,"item_purchase_floors":[13],"current_hp_per_floor":[63,63,63,63,63,48,48,24,24,24,24,45,45,36,57,8,8],"gold":178,"neow_bonus":"RANDOM_COLORLESS","is_daily":false,"chose_seed":false,"campfire_upgraded":0,"win_rate":0.0,"timestamp":1613219226,"path_taken":["M","M","?","$","?","E","?","M","T","?","?","R","?","M","R","BOSS"],"items_purchased_type":["Relic"],"build_version":"2020-12-22","purchased_purges":1,"victory":false,"max_hp_per_floor":[70,70,70,70,70,70,70,70,70,70,70,70,70,70,70,70,70],"card_choices":[{"not_picked":["Madness","Finesse"],"picked":"Dramatic Entrance","floor":0},{"not_picked":["Dagger Throw","Dodge and Roll"],"picked":"Finisher","floor":1},{"not_picked":["Reflex","Sucker Punch"],"picked":"Slice","floor":2},{"not_picked":["Skewer","Sucker Punch","Backflip"],"picked":"SKIP","floor":6},{"not_picked":["Outmaneuver","Dagger Spray"],"picked":"Accuracy","floor":7},{"not_picked":["Calculated Gamble","Backflip","Acrobatics"],"picked":"SKIP","floor":8},{"not_picked":["Reflex","Dagger Throw"],"picked":"Accuracy","floor":14},{"not_picked":["Calculated Gamble","Concentrate"],"picked":"Tools of the Trade","floor":15}],"player_experience":103155,"relics_obtained":[{"floor":6,"key":"Omamori"},{"floor":9,"key":"Bottled Lightning"},{"floor":11,"key":"Odd Mushroom"}],"event_choices":[{"damage_healed":0,"gold_gain":0,"player_choice":"Box","damage_taken":0,"relics_obtained":["InkBottle"],"max_hp_gain":0,"max_hp_loss":0,"event_name":"Big Fish","floor":3,"gold_loss":0,"cards_obtained":["Regret"]},{"damage_healed":0,"gold_gain":0,"player_choice":"1 cards matched","damage_taken":0,"max_hp_gain":0,"max_hp_loss":0,"event_name":"Match and Keep!","floor":5,"gold_loss":0,"cards_obtained":["Adrenaline"]},{"damage_healed":0,"gold_gain":175,"player_choice":"AGREE","damage_taken":0,"max_hp_gain":0,"max_hp_loss":0,"event_name":"Liars Game","floor":10,"gold_loss":0,"cards_obtained":["Doubt"]},{"damage_healed":0,"gold_gain":0,"player_choice":"Fought Mushrooms","damage_taken":0,"max_hp_gain":0,"max_hp_loss":0,"event_name":"Mushrooms","floor":11,"gold_loss":0}],"is_beta":false,"boss_relics":[],"items_purged_floors":[4],"is_endless":false,"potions_floor_spawned":[1,6,11,14],"killed_by":"Slime Boss","ascension_level":8}}