{"host":"0luxfixkkfk9wck3","time":1613254533,"event":{"mods":["BaseMod","DeckTracker","Downfall","Highlight Path","Minty Spire (QoL Compilation)","StSLib"],"gold_per_floor":[99,109,109,109,34,45,68,78,1,1,1,11,11,11,31,31,31,31],"floor_reached":16,"language":"ENG","playtime":532,"items_purged":["Regret"],"score":144,"play_id":"246f93f5-d7ee-4322-b051-8ffd08448de2","local_time":"20210213161533","is_ascension_mode":true,"campfire_choices":[{"data":"sneckomod:TailWhip","floor":1,"key":"SMITH"},{"floor":13,"key":"REST"}],"circlet_count":0,"master_deck":["AscendersBane","sneckomod:Strike","sneckomod:Strike","sneckomod:Strike","sneckomod:Defend","sneckomod:Defend","sneckomod:Defend+1","sneckomod:TailWhip+1","sneckomod:SnekBite+1","sneckomod:Unknown","sneckomod:UnknownColorless","sneckomod:QuickBite","downfall:Malfunctioning","sneckomod:UnknownDexterity","sneckomod:Nope","sneckomod:UnknownClassTHE_BRONZE_AUTOMATON","sneckomod:UnknownX","sneckomod:Unknown3Cost","sneckomod:UnknownUncommonPower","bronze:Flail+1","sneckomod:UnknownUncommonAttack","sneckomod:UnlimitedRolls"],"relics":["sneckomod:SneckoSoul","The Courier","sneckomod:SneckoCommon","Question Card","downfall:BrokenWingStatue"],"acts_visited":["Exordium"],"potions_floor_usage":[],"damage_taken":[{"damage":2,"enemies":"2 Louse","floor":2,"turns":3},{"damage":6,"enemies":"downfall:FleeingMerchant","floor":5,"turns":4},{"damage":7,"enemies":"Small Slimes","floor":6,"turns":2},{"damage":12,"enemies":"Jaw Worm","floor":8,"turns":2},{"damage":5,"enemies":"downfall:FleeingMerchant","floor":9,"turns":4},{"damage":11,"enemies":"Exordium Thugs","floor":12,"turns":4},{"damage":10,"enemies":"2 Fungi Beasts","floor":15,"turns":4},{"damage":55,"enemies":"DF_ARCHETYPE_STREAMLINE","floor":16,"turns":5}],"seed_played":"-2854715971999246404","potions_obtained":[{"floor":6,"key":"hexamod:SoulburnPotion"},{"floor":12,"key":"BlessingOfTheForge"}],"is_trial":false,"path_per_floor":["R","M","?","?","$","M","T","M","$","R","T","M","R","?","M","B"],"character_chosen":"THE_SNECKO","items_purchased":["sneckomod:UnknownUncommonPower"],"campfire_rested":1,"item_purchase_floors":[9],"current_hp_per_floor":[81,79,79,79,73,66,66,54,49,49,49,38,65,65,55,0,0,0],"gold":31,"neow_bonus":"THREE_CARDS","is_daily":false,"chose_seed":false,"campfire_upgraded":1,"win_rate":0.0,"timestamp":1613254533,"path_taken":["R","M","?","?","?","M","T","?","$","R","?","M","R","?","M","BOSS"],"items_purchased_type":["Card"],"build_version":"2020-12-22","purchased_purges":1,"victory":false,"max_hp_per_floor":[90,90,90,90,90,90,90,90,90,90,90,90,90,90,90,90,90,90],"card_choices":[{"not_picked":["sneckomod:UnknownCommonSkill","sneckomod:WideSting"],"picked":"sneckomod:UnknownColorless","floor":0},{"not_picked":["sneckomod:WideSting","sneckomod:UnknownCommonSkill"],"picked":"sneckomod:QuickBite","floor":2},{"not_picked":["sneckomod:SoulDraw","sneckomod:UnknownCommonAttack"],"picked":"sneckomod:UnknownDexterity","floor":5},{"not_picked":["sneckomod:DiceCrush","sneckomod:UnknownCommonAttack"],"picked":"sneckomod:Nope","floor":6},{"not_picked":["sneckomod:UnknownCommonSkill","sneckomod:DiceBoulder"],"picked":"sneckomod:UnknownX","floor":8},{"not_picked":["sneckomod:SnekBeam","sneckomod:Unknown0Cost"],"picked":"sneckomod:Unknown3Cost","floor":9},{"not_picked":["sneckomod:DiceCrush","sneckomod:UnknownX","sneckomod:UnknownCommonSkill"],"picked":"sneckomod:UnknownUncommonAttack","floor":12},{"not_picked":["sneckomod:UnknownDraw","sneckomod:RainOfDice","sneckomod:UnknownBlock"],"picked":"sneckomod:UnlimitedRolls","floor":15}],"player_experience":11842204,"relics_obtained":[{"floor":7,"key":"sneckomod:SneckoCommon"},{"floor":11,"key":"Question Card"}],"event_choices":[{"damage_healed":0,"gold_gain":0,"player_choice":"Box","damage_taken":0,"relics_obtained":["The Courier"],"max_hp_gain":0,"max_hp_loss":0,"event_name":"Big Fish","floor":3,"gold_loss":0,"cards_obtained":["Regret"]}],"is_beta":false,"boss_relics":[],"items_purged_floors":[5],"is_endless":false,"potions_floor_spawned":[6,12],"killed_by":"DF_ARCHETYPE_STREAMLINE","ascension_level":12}}