{"host":"swc5gdc7cm0k0g7l","time":1613244851,"event":{"mods":["AchievementEnabler","Act Like it!","Aspiration","BaseMod","BetterRewards","Colored Map","Colored Powertips","Downfall","Duelist Mod","Gensokyo","Hermit","Highlight Path","Hubris","Infinite Spire","Jorbs\u0027s Wanderer Trilogy","Koishi","Minty Spire (QoL Compilation)","Quick Restart","Replay The Spire","Shop Mod","StSLib","SuperFastMode","The Animator"],"gold_per_floor":[140,154,154,173,190,190,190],"floor_reached":6,"language":"ENG","playtime":340,"items_purged":[],"score":44,"play_id":"b6d6885b-cbe8-4d93-aeef-2341dcefc984","local_time":"20210213143411","is_ascension_mode":true,"campfire_choices":[],"circlet_count":0,"master_deck":["theDuelist:CastleWalls","theDuelist:CastleWalls","theDuelist:CastleWalls","theDuelist:NaturiaBeast","theDuelist:NaturiaCliff","theDuelist:NaturiaRock","theDuelist:NaturiaTulip","theDuelist:Sparks","theDuelist:Sparks","theDuelist:Sparks","theDuelist:CurseAnubis","theDuelist:BottomlessTrapHole","theDuelist:NaturiaEggplant"],"relics":["theDuelist:MillenniumPuzzle","theDuelist:CardPoolRelic","theDuelist:CardPoolBasicRelic","theDuelist:BoosterPackPoolRelic","theDuelist:CardPoolAddRelic","theDuelist:CardPoolMinusRelic","theDuelist:CardPoolSaveRelic","theDuelist:CardPoolOptionsRelic","aspiration:DSix","theDuelist:MillenniumNecklace"],"acts_visited":["Exordium"],"potions_floor_usage":[4,5],"damage_taken":[{"damage":0,"enemies":"Cultist","floor":1,"turns":4},{"damage":2,"enemies":"Small Slimes","floor":2,"turns":3},{"damage":11,"enemies":"2 Louse","floor":4,"turns":3},{"damage":24,"enemies":"Red Slaver","floor":5,"turns":6},{"damage":55,"enemies":"Gremlin Nob","floor":6,"turns":4}],"seed_played":"-5162593421823363811","potions_obtained":[{"floor":4,"key":"GamblersBrew"},{"floor":4,"key":"Fruit Juice"},{"floor":5,"key":"theDuelist:OrbBottle"},{"floor":5,"key":"theDuelist:TokenPotionB"}],"is_trial":false,"path_per_floor":["M","M","?","M","M","E"],"character_chosen":"THE_DUELIST","items_purchased":[],"campfire_rested":0,"item_purchase_floors":[],"current_hp_per_floor":[80,78,78,72,48,0,0],"gold":190,"neow_bonus":"DSIX","is_daily":false,"chose_seed":false,"campfire_upgraded":0,"win_rate":0.0,"timestamp":1613244851,"path_taken":["M","M","?","M","?","E"],"items_purchased_type":[],"build_version":"2020-12-22","purchased_purges":0,"victory":false,"max_hp_per_floor":[80,80,80,85,85,85,85],"card_choices":[{"not_picked":["theDuelist:NaturiaTulip","theDuelist:NaturiaBeast","theDuelist:NaturiaCliff","theDuelist:NaturiaRock"],"picked":"SKIP","floor":1},{"not_picked":["theDuelist:Sparks"],"picked":"SKIP","floor":2},{"not_picked":["theDuelist:NaturiaMosquito","theDuelist:BrainCrusher"],"picked":"theDuelist:BottomlessTrapHole","floor":4},{"not_picked":["theDuelist:NaturiaRock","theDuelist:NaturiaCliff","theDuelist:FossilDig","theDuelist:SummoningSwarm"],"picked":"theDuelist:NaturiaEggplant","floor":5}],"player_experience":92529,"relics_obtained":[],"event_choices":[{"damage_healed":0,"gold_gain":0,"player_choice":"Took item - Received: Millennium Necklace","duelist":true,"damage_taken":0,"max_hp_gain":0,"max_hp_loss":0,"event_name":"Millennium Items","floor":3,"gold_loss":0}],"is_beta":false,"boss_relics":[],"items_purged_floors":[],"is_endless":false,"potions_floor_spawned":[4,5],"killed_by":"Gremlin Nob","ascension_level":3}}