{"host":"urzvr6030gsf1sd7","time":1613219093,"event":{"mods":["AchievementEnabler","BaseMod","Block Reminder","Colored Powertips","Minty Spire (QoL Compilation)","Permanent Neow","StSLib"],"gold_per_floor":[109,34,46,46,46,46,74,85,108,137,151,183,198,214,214,315,315,335,351,368,368,368,398,416,95,122,134,134,134],"floor_reached":28,"language":"ENG","playtime":3314,"items_purged":["Decay","Strike_G"],"score":275,"play_id":"68afe3a0-9f16-439a-8330-f704d7bb26a4","local_time":"20210213072453","is_ascension_mode":true,"campfire_choices":[{"data":"Apotheosis","floor":6,"key":"SMITH"},{"data":"Prepared","floor":15,"key":"SMITH"}],"circlet_count":0,"master_deck":["Strike_G","Strike_G","Defend_G","Defend_G","Defend_G","Survivor","Neutralize","Apotheosis+1","Poisoned Stab","Dodge and Roll","Prepared+1","Dagger Spray","Predator","Crippling Poison","Backflip","Adrenaline","Unload+1","Wraith Form v2+1","Heel Hook+1","Bane+1","Terror","Adrenaline","Bouncing Flask","Backflip+1","Noxious Fumes","PiercingWail+1"],"relics":["Ring of the Snake","Strawberry","Pen Nib","The Courier","Ninja Scroll","Astrolabe","Mummified Hand","Membership Card","Bag of Preparation"],"acts_visited":["Exordium","TheCity"],"potions_floor_usage":[7,23,24,25],"damage_taken":[{"damage":5,"enemies":"Jaw Worm","floor":1,"turns":4},{"damage":0,"enemies":"Cultist","floor":3,"turns":4},{"damage":13,"enemies":"3 Sentries","floor":7,"turns":10},{"damage":0,"enemies":"Small Slimes","floor":8,"turns":5},{"damage":4,"enemies":"Gremlin Nob","floor":10,"turns":4},{"damage":1,"enemies":"Red Slaver","floor":11,"turns":3},{"damage":18,"enemies":"3 Sentries","floor":12,"turns":10},{"damage":4,"enemies":"Gremlin Gang","floor":13,"turns":3},{"damage":3,"enemies":"3 Louse","floor":14,"turns":3},{"damage":25,"enemies":"Hexaghost","floor":16,"turns":11},{"damage":8,"enemies":"2 Thieves","floor":18,"turns":4},{"damage":10,"enemies":"Chosen","floor":19,"turns":3},{"damage":1,"enemies":"Snake Plant","floor":20,"turns":3},{"damage":50,"enemies":"Slavers","floor":23,"turns":8},{"damage":0,"enemies":"Snecko","floor":24,"turns":3},{"damage":1,"enemies":"Chosen and Byrds","floor":27,"turns":4},{"damage":13,"enemies":"Snake Plant","floor":28,"turns":2}],"seed_played":"3353097126204479387","potions_obtained":[{"floor":1,"key":"AttackPotion"},{"floor":10,"key":"GhostInAJar"},{"floor":12,"key":"Energy Potion"},{"floor":16,"key":"Explosive Potion"},{"floor":18,"key":"DuplicationPotion"}],"is_trial":false,"path_per_floor":["M","$","M","$","?","R","E","M","T","E","M","E","M","M","R","B",null,"M","M","M","?","?","E","M","$","T","M","M"],"character_chosen":"THE_SILENT","items_purchased":["Membership Card","Noxious Fumes","Fruit Juice","GhostInAJar","EntropicBrew"],"campfire_rested":0,"item_purchase_floors":[25,25,25,25,25],"current_hp_per_floor":[65,65,65,65,65,65,59,59,59,55,54,36,32,29,29,4,77,69,59,58,58,58,8,8,13,13,12,0,0],"gold":134,"neow_bonus":"RANDOM_COLORLESS_2","is_daily":false,"chose_seed":false,"campfire_upgraded":2,"win_rate":0.0,"timestamp":1613219093,"path_taken":["M","$","M","$","?","R","E","M","T","E","M","E","M","?","R","BOSS","M","M","M","?","?","E","?","$","T","M","?"],"items_purchased_type":["Relic","Card","Potion","Potion","Potion"],"build_version":"2020-12-22","purchased_purges":2,"victory":false,"max_hp_per_floor":[70,70,70,70,70,70,77,77,77,77,77,77,77,77,77,77,77,77,77,77,77,77,77,77,82,82,82,82,82],"card_choices":[{"not_picked":["HandOfGreed","Master of Strategy"],"picked":"Apotheosis","floor":0},{"not_picked":["Outmaneuver","Deadly Poison"],"picked":"Poisoned Stab","floor":1},{"not_picked":["Calculated Gamble","Poisoned Stab"],"picked":"Dodge and Roll","floor":3},{"not_picked":["Deflect","Dodge and Roll"],"picked":"Prepared","floor":7},{"not_picked":["Slice","Bullet Time","Deflect"],"picked":"SKIP","floor":8},{"not_picked":["Reflex","Backstab"],"picked":"Dagger Spray","floor":10},{"not_picked":["PiercingWail","Cloak And Dagger"],"picked":"Predator","floor":11},{"not_picked":["Masterful Stab","Escape Plan","Grand Finale"],"picked":"SKIP","floor":12},{"not_picked":["Tactician","Dagger Throw"],"picked":"Crippling Poison","floor":13},{"not_picked":["Finisher","Eviscerate"],"picked":"Backflip","floor":14},{"not_picked":["Venomology","Glass Knife"],"picked":"Adrenaline","floor":16},{"not_picked":["Underhanded Strike","Dagger Spray+1","Deflect+1"],"picked":"SKIP","floor":18},{"not_picked":["Cloak And Dagger","Setup","Night Terror"],"picked":"SKIP","floor":19},{"not_picked":["Skewer","Concentrate"],"picked":"Bane+1","floor":20},{"not_picked":["Acrobatics","Eviscerate"],"picked":"Bouncing Flask","floor":23},{"not_picked":["Cloak And Dagger","Riddle With Holes"],"picked":"Backflip+1","floor":24},{"not_picked":["Deflect","Finisher+1"],"picked":"PiercingWail+1","floor":27}],"player_experience":241464,"relics_obtained":[{"floor":7,"key":"Strawberry"},{"floor":9,"key":"Pen Nib"},{"floor":10,"key":"The Courier"},{"floor":12,"key":"Ninja Scroll"},{"floor":23,"key":"Mummified Hand"},{"floor":26,"key":"Bag of Preparation"}],"event_choices":[{"cards_removed":["Strike_G"],"damage_healed":0,"gold_gain":0,"player_choice":"Purged","damage_taken":0,"max_hp_gain":0,"max_hp_loss":0,"event_name":"Purifier","floor":5,"gold_loss":0},{"damage_healed":0,"gold_gain":0,"player_choice":"Read","damage_taken":0,"max_hp_gain":0,"max_hp_loss":0,"event_name":"The Library","floor":21,"gold_loss":0,"cards_obtained":["Terror"]},{"damage_healed":0,"gold_gain":0,"player_choice":"Copied","damage_taken":0,"max_hp_gain":0,"max_hp_loss":0,"event_name":"Duplicator","floor":22,"gold_loss":0,"cards_obtained":["Adrenaline"]}],"is_beta":false,"boss_relics":[{"not_picked":["HoveringKite","Busted Crown"],"picked":"Astrolabe"}],"items_purged_floors":[2,25],"is_endless":false,"potions_floor_spawned":[1,10,12,16,18,19,27],"killed_by":"Snake Plant","ascension_level":1}}