{"host":"pj7egx7jkoz18hom","time":1613206879,"event":{"mods":["AchievementEnabler","BaseMod","Keyboard Shortcuts","Minty Spire (QoL Compilation)","SuperFastMode"],"gold_per_floor":[117,132,207,226,237,263,277,277,277,291,291,291,291],"floor_reached":12,"language":"KOR","playtime":537,"items_purged":[],"score":90,"play_id":"417dae3b-d74a-47bc-b739-165e9a1fcd78","local_time":"20210213180119","is_ascension_mode":true,"campfire_choices":[{"floor":11,"key":"REST"}],"circlet_count":0,"master_deck":["Strike_R","Strike_R","Strike_R","Strike_R","Strike_R","Defend_R","Defend_R","Defend_R","Defend_R","Bash","Reaper","Rupture","Cleave","Armaments","True Grit","Armaments","Spot Weakness","Carnage"],"relics":["Burning Blood","Kunai","Bag of Preparation"],"acts_visited":["Exordium"],"potions_floor_usage":[6,6,10],"damage_taken":[{"damage":11,"enemies":"Cultist","floor":1,"turns":4},{"damage":24,"enemies":"Small Slimes","floor":2,"turns":5},{"damage":9,"enemies":"2 Louse","floor":4,"turns":3},{"damage":12,"enemies":"Looter","floor":5,"turns":4},{"damage":34,"enemies":"Gremlin Nob","floor":6,"turns":5},{"damage":15,"enemies":"Blue Slaver","floor":7,"turns":7},{"damage":14,"enemies":"Large Slime","floor":10,"turns":5},{"damage":47,"enemies":"Lagavulin","floor":12,"turns":7}],"seed_played":"1170827065949917225","potions_obtained":[{"floor":1,"key":"EssenceOfSteel"},{"floor":4,"key":"LiquidMemories"},{"floor":6,"key":"FearPotion"}],"is_trial":false,"path_per_floor":["M","M","?","M","M","E","M","?","T","M","R","E"],"character_chosen":"IRONCLAD","items_purchased":[],"campfire_rested":1,"item_purchase_floors":[],"current_hp_per_floor":[55,41,30,35,35,13,8,8,8,10,34,0,0],"gold":291,"neow_bonus":"THREE_RARE_CARDS","is_daily":false,"chose_seed":false,"campfire_upgraded":0,"win_rate":0.0,"timestamp":1613206879,"path_taken":["M","M","?","M","M","E","M","?","T","?","R","E"],"items_purchased_type":[],"build_version":"2020-12-22","purchased_purges":0,"victory":false,"max_hp_per_floor":[80,80,80,80,80,80,80,80,80,80,80,80,80],"card_choices":[{"not_picked":["Bludgeon","Limit Break"],"picked":"Reaper","floor":0},{"not_picked":["Wild Strike","Clothesline"],"picked":"Rupture","floor":1},{"not_picked":["Wild Strike","Evolve","Infernal Blade"],"picked":"SKIP","floor":2},{"not_picked":["Headbutt","Perfected Strike"],"picked":"Cleave","floor":4},{"not_picked":["Iron Wave","Anger"],"picked":"Armaments","floor":5},{"not_picked":["Headbutt","Sentinel"],"picked":"True Grit","floor":6},{"not_picked":["Clash","Evolve"],"picked":"Armaments","floor":7},{"not_picked":["Pommel Strike","Wild Strike"],"picked":"Carnage","floor":10}],"player_experience":31617,"relics_obtained":[{"floor":6,"key":"Kunai"},{"floor":9,"key":"Bag of Preparation"}],"event_choices":[{"damage_healed":0,"gold_gain":75,"player_choice":"Gather Gold","damage_taken":11,"max_hp_gain":0,"max_hp_loss":0,"event_name":"World of Goop","floor":3,"gold_loss":0},{"damage_healed":0,"gold_gain":0,"player_choice":"1 cards matched","damage_taken":0,"max_hp_gain":0,"max_hp_loss":0,"event_name":"Match and Keep!","floor":8,"gold_loss":0,"cards_obtained":["Spot Weakness"]}],"is_beta":false,"boss_relics":[],"items_purged_floors":[],"is_endless":false,"potions_floor_spawned":[1,4,6],"killed_by":"Lagavulin","ascension_level":2}}