{"host":"krw8kyiy0um8ye49","time":1613213221,"event":{"mods":["BaseMod","Minty Spire (QoL Compilation)","StSLib","The Runesmith"],"gold_per_floor":[116,56,74,86,161,161,186,186,186,186,201,201,235,246,246,343,343,354,365,385,385,434,434,197,147,147,180,195,223,233,10,10,107,107,125,138,6,80,96,96,123,123,123,157,157,175,175,192,192,192],"floor_reached":51,"language":"ENG","playtime":3549,"items_purged":["Strike_R"],"score":790,"play_id":"ca9c45da-21bc-44cb-9cc1-8b652bca45c7","local_time":"20210213114701","is_ascension_mode":true,"campfire_choices":[{"data":"Armaments","floor":6,"key":"SMITH"},{"data":"Enlightenment","floor":8,"key":"SMITH"},{"floor":15,"key":"REST"},{"data":"Battle Trance","floor":23,"key":"SMITH"},{"floor":32,"key":"REST"},{"floor":40,"key":"REST"},{"floor":45,"key":"RECALL"},{"data":"Shockwave","floor":47,"key":"SMITH"},{"floor":49,"key":"REST"}],"circlet_count":0,"master_deck":["Strike_R","Defend_R","Defend_R","Defend_R","Defend_R","Bash+1","Enlightenment+1","Thunderclap","Armaments+1","Battle Trance+1","Shockwave+1","Havoc+1","Ghostly Armor+1","Reaper","Double Tap+1","Seeing Red+1","Reckless Charge+1","Thunderclap+1","Dropkick","Searing Blow+1","Blood for Blood","Shrug It Off+1","Warcry+1","Entrench+1","Dark Embrace","Metallicize","Disarm+1","Impervious+1","Rage+1","Spot Weakness+1","Dual Wield+1","Carnage+1","Bloodletting+1","Master of Strategy+1","Intimidate+1","Impervious+1"],"relics":["Black Blood","CaptainsWheel","Ancient Tea Set","Toxic Egg 2","Mercury Hourglass","Pear","Shuriken","Astrolabe","Tiny Chest","Membership Card","Whetstone","Potion Belt","Dream Catcher","TungstenRod","Boot","Bag of Preparation","Paper Frog","Singing Bowl","Runesmith:Nanobots"],"acts_visited":["Exordium","TheCity","TheBeyond"],"potions_floor_usage":[13,16,27,35,41,46,48,50,50],"damage_taken":[{"damage":17,"enemies":"Small Slimes","floor":1,"turns":5},{"damage":1,"enemies":"Cultist","floor":3,"turns":3},{"damage":0,"enemies":"2 Louse","floor":4,"turns":2},{"damage":22,"enemies":"3 Sentries","floor":7,"turns":8},{"damage":4,"enemies":"2 Fungi Beasts","floor":11,"turns":2},{"damage":1,"enemies":"Gremlin Nob","floor":13,"turns":4},{"damage":7,"enemies":"Blue Slaver","floor":14,"turns":3},{"damage":16,"enemies":"Hexaghost","floor":16,"turns":9},{"damage":8,"enemies":"2 Thieves","floor":18,"turns":4},{"damage":5,"enemies":"Spheric Guardian","floor":19,"turns":4},{"damage":11,"enemies":"Snake Plant","floor":20,"turns":4},{"damage":14,"enemies":"Gremlin Leader","floor":27,"turns":7},{"damage":11,"enemies":"Cultist and Chosen","floor":28,"turns":6},{"damage":18,"enemies":"Slavers","floor":29,"turns":5},{"damage":33,"enemies":"Chosen and Byrds","floor":30,"turns":8},{"damage":50,"enemies":"Automaton","floor":33,"turns":10},{"damage":15,"enemies":"3 Shapes","floor":35,"turns":6},{"damage":16,"enemies":"3 Darklings","floor":36,"turns":5},{"damage":76,"enemies":"Maw","floor":39,"turns":11},{"damage":12,"enemies":"Reptomancer","floor":41,"turns":6},{"damage":33,"enemies":"Nemesis","floor":44,"turns":7},{"damage":27,"enemies":"Transient","floor":46,"turns":5},{"damage":0,"enemies":"Jaw Worm Horde","floor":48,"turns":1},{"damage":66,"enemies":"Time Eater","floor":50,"turns":11}],"seed_played":"1984103140243194953","potions_obtained":[{"floor":7,"key":"SteroidPotion"},{"floor":14,"key":"AttackPotion"},{"floor":20,"key":"Swift Potion"},{"floor":29,"key":"FearPotion"},{"floor":33,"key":"Swift Potion"},{"floor":39,"key":"SteroidPotion"},{"floor":44,"key":"DuplicationPotion"},{"floor":48,"key":"LiquidBronze"}],"is_trial":false,"path_per_floor":["M","?","M","M","?","R","E","R","T","?","M","T","E","M","R","B",null,"M","M","M","?","T","R","$","?","T","E","M","E","M","$","R","B",null,"M","M","$","T","M","R","E","?","T","E","R","M","R","M","R","B",null],"character_chosen":"IRONCLAD","items_purchased":["Membership Card","Shrug It Off+1","SteroidPotion","TungstenRod","Boot","Bag of Preparation","Spot Weakness+1","Dual Wield+1"],"campfire_rested":4,"item_purchase_floors":[24,24,24,31,31,37,37,37],"current_hp_per_floor":[69,69,74,80,69,69,53,53,53,41,43,53,58,57,84,81,90,88,89,84,84,84,84,84,84,84,86,81,75,48,48,75,36,90,87,83,83,83,19,46,90,90,90,71,71,65,65,77,94,40],"gold":192,"neow_bonus":"RANDOM_COLORLESS","is_daily":false,"chose_seed":false,"campfire_upgraded":4,"win_rate":0.0,"timestamp":1613213221,"path_taken":["M","?","M","?","?","R","E","R","T","?","M","?","E","M","R","BOSS","M","M","M","?","?","R","$","?","T","E","?","E","M","$","R","BOSS","M","M","?","?","M","R","E","?","T","E","R","M","R","M","R","BOSS"],"items_purchased_type":["Relic","Card","Potion","Relic","Relic","Relic","Card","Card"],"build_version":"2020-12-22","purchased_purges":1,"victory":true,"max_hp_per_floor":[80,80,80,80,80,80,80,80,80,80,80,90,90,90,90,90,90,90,90,90,90,90,90,90,90,90,90,90,90,90,90,90,90,90,90,90,90,90,90,90,90,90,90,92,92,94,94,94,94,94],"card_choices":[{"not_picked":["Forethought","Trip"],"picked":"Enlightenment","floor":0},{"not_picked":["Clash","Iron Wave"],"picked":"Thunderclap","floor":1},{"not_picked":["Sword Boomerang","Havoc"],"picked":"Armaments","floor":3},{"not_picked":["Pommel Strike","Shrug It Off"],"picked":"Battle Trance","floor":4},{"not_picked":["Burning Pact","Shrug It Off"],"picked":"Shockwave","floor":7},{"not_picked":["Wild Strike","Ghostly Armor+1"],"picked":"Havoc+1","floor":11},{"not_picked":["Feel No Pain","Anger"],"picked":"Ghostly Armor+1","floor":13},{"not_picked":["Iron Wave","Anger"],"picked":"Reaper","floor":14},{"not_picked":["Brutality","Fiend Fire"],"picked":"Double Tap+1","floor":16},{"not_picked":["Iron Wave","Heavy Blade"],"picked":"Dropkick","floor":18},{"not_picked":["Clothesline","Carnage"],"picked":"Searing Blow","floor":19},{"not_picked":["Thunderclap+1","Havoc+1"],"picked":"Blood for Blood","floor":20},{"not_picked":["Sword Boomerang","Clothesline"],"picked":"Warcry+1","floor":27},{"not_picked":["Second Wind+1","Pommel Strike"],"picked":"Entrench+1","floor":28},{"not_picked":["Twin Strike","Infernal Blade+1"],"picked":"Dark Embrace","floor":29},{"not_picked":["Heavy Blade","Feel No Pain+1"],"picked":"Metallicize","floor":30},{"not_picked":["Rupture","Pummel"],"picked":"Disarm+1","floor":32},{"not_picked":["Double Tap+1","Reaper"],"picked":"Impervious+1","floor":33},{"not_picked":["Body Slam","Whirlwind+1","Clash"],"picked":"SKIP","floor":35},{"not_picked":["Evolve","Clash+1"],"picked":"Rage+1","floor":36},{"not_picked":["Iron Wave","Body Slam"],"picked":"Carnage+1","floor":39},{"not_picked":["Flex+1","Battle Trance+1"],"picked":"Bloodletting+1","floor":41},{"not_picked":["Dark Shackles+1","Mind Blast"],"picked":"Master of Strategy+1","floor":42},{"not_picked":["Evolve","Headbutt","Warcry+1"],"picked":"Singing Bowl","floor":44},{"not_picked":["Thunderclap","Iron Wave","Hemokinesis+1"],"picked":"Singing Bowl","floor":46},{"not_picked":["Heavy Blade","Warcry+1"],"picked":"Intimidate+1","floor":48},{"not_picked":["Dark Embrace+1","Hemokinesis"],"picked":"Impervious+1","floor":49}],"player_experience":163091,"relics_obtained":[{"floor":7,"key":"Ancient Tea Set"},{"floor":9,"key":"Toxic Egg 2"},{"floor":12,"key":"Pear"},{"floor":13,"key":"Shuriken"},{"floor":22,"key":"Tiny Chest"},{"floor":26,"key":"Whetstone"},{"floor":27,"key":"Potion Belt"},{"floor":29,"key":"Dream Catcher"},{"floor":38,"key":"Paper Frog"},{"floor":41,"key":"Singing Bowl"},{"floor":44,"key":"Runesmith:Nanobots"}],"event_choices":[{"damage_healed":0,"gold_gain":0,"player_choice":"Paid Gold","damage_taken":0,"relics_obtained":["CaptainsWheel"],"max_hp_gain":0,"max_hp_loss":0,"event_name":"WeMeetAgain","floor":2,"gold_loss":60},{"damage_healed":0,"gold_gain":75,"player_choice":"Gather Gold","damage_taken":11,"max_hp_gain":0,"max_hp_loss":0,"event_name":"World of Goop","floor":5,"gold_loss":0},{"damage_healed":0,"gold_gain":0,"player_choice":"Success","damage_taken":12,"relics_obtained":["Mercury Hourglass"],"max_hp_gain":0,"max_hp_loss":0,"event_name":"Scrap Ooze","floor":10,"gold_loss":0},{"damage_healed":0,"gold_gain":0,"player_choice":"Ignored","damage_taken":0,"max_hp_gain":0,"max_hp_loss":0,"event_name":"Vampires","floor":21,"gold_loss":0},{"damage_healed":0,"gold_gain":0,"player_choice":"Bet on Murderer","damage_taken":0,"max_hp_gain":0,"max_hp_loss":0,"event_name":"The Joust","floor":25,"gold_loss":50},{"damage_healed":0,"gold_gain":0,"player_choice":"Memory 1","damage_taken":0,"max_hp_gain":0,"max_hp_loss":0,"event_name":"SensoryStone","floor":42,"gold_loss":0}],"is_beta":false,"boss_relics":[{"not_picked":["Calling Bell","Runesmith:UraniumAnvil"],"picked":"Astrolabe"},{"not_picked":["Tiny House","Runic Pyramid"],"picked":"Black Blood"}],"items_purged_floors":[24],"is_endless":false,"potions_floor_spawned":[7,14,20,29,33,39,44,48],"ascension_level":1}}