{"host":"vyjryxuuuxkt43k4","time":1613209479,"event":{"mods":["AchievementEnabler","BaseMod","Colored Map","DeckTracker","Keyboard Shortcuts","Minty Spire (QoL Compilation)","Permanent Neow","Quick Restart","Rare Cards Sparkle","StSLib","SuperFastMode","everything is the same but u backflip on backflip"],"gold_per_floor":[18,35,54,69,144,144,178,178,178,178,178,190,200,230,230,307,307,321,119,132,143,193,193,222,222,246,275,16,26,37,137,137,137,137],"floor_reached":33,"language":"KOR","playtime":1441,"items_purged":["Strike_G","Strike_G"],"score":644,"play_id":"0ab01244-d4a6-47ad-96f9-9542829130d2","local_time":"20210213184439","is_ascension_mode":true,"campfire_choices":[{"data":"Deadly Poison","floor":6.0,"key":"SMITH"},{"data":"Dash","floor":8.0,"key":"SMITH"},{"data":"Neutralize","floor":10.0,"key":"SMITH"},{"data":"Glass Knife","floor":15.0,"key":"SMITH"},{"data":"Master of Strategy","floor":23.0,"key":"SMITH"},{"floor":25,"key":"REST"},{"floor":32,"key":"REST"}],"circlet_count":0,"master_deck":["AscendersBane","Defend_G","Defend_G","Defend_G","Defend_G","Defend_G","Survivor","Neutralize+1","Master of Strategy+1","Dash+1","Quick Slash","Deadly Poison+1","Glass Knife+1","Blur+1","PiercingWail+1","Backstab","Grand Finale","Terror+1","Blur+1","Corpse Explosion+1","Backflip+1","Escape Plan+1","Flash of Steel","Catalyst+1","Prepared+1","Tactician+1","Burst+1","Prepared+1"],"relics":["Ring of the Snake","Gremlin Horn","Toxic Egg 2","Mummified Hand","Astrolabe","Akabeko","Juzu Bracelet","Pantograph","Torii","Question Card"],"acts_visited":["Exordium","TheCity"],"potions_floor_usage":[24,27,29,30,33,33],"damage_taken":[{"damage":0.0,"enemies":"Cultist","floor":1.0,"turns":4.0},{"damage":0.0,"enemies":"2 Louse","floor":2.0,"turns":2.0},{"damage":6.0,"enemies":"Small Slimes","floor":3.0,"turns":3.0},{"damage":2.0,"enemies":"3 Louse","floor":4.0,"turns":4.0},{"damage":12.0,"enemies":"3 Sentries","floor":7.0,"turns":10.0},{"damage":0.0,"enemies":"Blue Slaver","floor":12.0,"turns":3.0},{"damage":0.0,"enemies":"2 Fungi Beasts","floor":13.0,"turns":3.0},{"damage":6.0,"enemies":"Lagavulin","floor":14.0,"turns":7.0},{"damage":15.0,"enemies":"The Guardian","floor":16.0,"turns":13.0},{"damage":1.0,"enemies":"Spheric Guardian","floor":18.0,"turns":5.0},{"damage":9.0,"enemies":"2 Thieves","floor":20.0,"turns":3.0},{"damage":0.0,"enemies":"3 Cultists","floor":21.0,"turns":2.0},{"damage":12,"enemies":"Slavers","floor":24,"turns":3},{"damage":0,"enemies":"Book of Stabbing","floor":27,"turns":3},{"damage":0,"enemies":"Snake Plant","floor":29,"turns":3},{"damage":4,"enemies":"Centurion and Healer","floor":30,"turns":6},{"damage":0,"enemies":"Colosseum Slavers","floor":31,"turns":5},{"damage":2,"enemies":"Colosseum Nobs","floor":31,"turns":5},{"damage":89,"enemies":"Collector","floor":33,"turns":7}],"seed_played":"5341734381922199217","potions_obtained":[{"floor":1.0,"key":"Ancient Potion"},{"floor":4.0,"key":"CunningPotion"},{"floor":12.0,"key":"Energy Potion"},{"floor":13.0,"key":"SpeedPotion"},{"floor":16.0,"key":"SpeedPotion"},{"floor":24,"key":"LiquidMemories"},{"floor":27,"key":"SkillPotion"},{"floor":29,"key":"Fruit Juice"},{"floor":30,"key":"Block Potion"},{"floor":31,"key":"Fire Potion"}],"is_trial":false,"path_per_floor":["M","M","M","M","?","R","E","R","T","R","?","M","M","E","R","B",null,"M","$","M","M","?","R","E","R","T","E","$","M","M","?","R","B"],"character_chosen":"THE_SILENT","items_purchased":["Escape Plan+1","Flash of Steel","Tactician+1","Burst+1"],"campfire_rested":2,"item_purchase_floors":[19,19,28,28],"current_hp_per_floor":[59,59,53,51,40,40,28,28,28,28,28,28,28,22,22,7,51,50,50,41,41,41,41,29,48,48,48,48,48,49,47,68,0,0],"gold":137,"neow_bonus":"RANDOM_COLORLESS_2","is_daily":false,"chose_seed":false,"campfire_upgraded":5,"win_rate":0.0,"timestamp":1613209479,"path_taken":["M","M","M","M","?","R","E","R","T","R","?","?","M","E","R","BOSS","M","$","M","M","?","R","E","R","T","E","?","M","M","?","R","BOSS"],"items_purchased_type":["Card","Card","Card","Card"],"build_version":"2020-12-22","purchased_purges":2,"victory":false,"max_hp_per_floor":[66,66,66,66,66,66,66,66,66,66,66,66,66,66,66,66,66,66,66,66,66,66,66,66,66,66,66,66,66,71,71,71,71,71],"card_choices":[{"not_picked":["Magnetism","Chrysalis"],"picked":"Master of Strategy","floor":0.0},{"not_picked":["Sucker Punch","Prepared"],"picked":"Dash","floor":1.0},{"not_picked":["Flying Knee","Acrobatics"],"picked":"Quick Slash","floor":2.0},{"not_picked":["Bane","Heel Hook","Slice"],"picked":"SKIP","floor":3.0},{"not_picked":["Calculated Gamble","Blade Dance"],"picked":"Deadly Poison","floor":4.0},{"not_picked":["Quick Slash","Deflect","Riddle With Holes"],"picked":"SKIP","floor":7.0},{"not_picked":["Dodge and Roll+1","Sucker Punch"],"picked":"Blur+1","floor":12.0},{"not_picked":["Unload","Bane"],"picked":"PiercingWail+1","floor":13.0},{"not_picked":["Quick Slash","Blur+1"],"picked":"Backstab","floor":14.0},{"not_picked":["A Thousand Cuts","Corpse Explosion+1"],"picked":"Grand Finale","floor":16.0},{"not_picked":["Masterful Stab","Finisher"],"picked":"Backflip+1","floor":18.0},{"not_picked":["Accuracy","Bouncing Flask+1"],"picked":"Catalyst+1","floor":20.0},{"not_picked":["Sucker Punch","Distraction+1","Dagger Spray"],"picked":"SKIP","floor":21.0},{"not_picked":["PiercingWail+1","Eviscerate","Cloak And Dagger+1"],"picked":"SKIP","floor":24},{"not_picked":["Sucker Punch+1","Cloak And Dagger+1"],"picked":"Prepared+1","floor":27},{"not_picked":["Dodge and Roll+1","Blade Dance+1"],"picked":"Prepared+1","floor":29},{"not_picked":["Noxious Fumes","Riddle With Holes","Setup+1"],"picked":"SKIP","floor":30}],"player_experience":973034,"relics_obtained":[{"floor":7.0,"key":"Gremlin Horn"},{"floor":9.0,"key":"Toxic Egg 2"},{"floor":14.0,"key":"Mummified Hand"},{"floor":24,"key":"Akabeko"},{"floor":26,"key":"Juzu Bracelet"},{"floor":27,"key":"Pantograph"},{"floor":31,"key":"Torii"},{"floor":31,"key":"Question Card"}],"event_choices":[{"damage_healed":0.0,"max_hp_gain":0.0,"max_hp_loss":0.0,"gold_gain":75.0,"event_name":"World of Goop","player_choice":"Gather Gold","floor":5.0,"gold_loss":0.0,"damage_taken":11.0},{"damage_healed":0.0,"max_hp_gain":0.0,"max_hp_loss":0.0,"gold_gain":0.0,"event_name":"Match and Keep!","player_choice":"1 cards matched","floor":11.0,"gold_loss":0.0,"damage_taken":0.0,"cards_obtained":["Glass Knife"]},{"damage_healed":0.0,"max_hp_gain":0.0,"max_hp_loss":0.0,"gold_gain":100.0,"event_name":"The Joust","player_choice":"Bet on Murderer","floor":22.0,"gold_loss":50.0,"damage_taken":0.0},{"damage_healed":0,"gold_gain":0,"player_choice":"Fight","damage_taken":0,"max_hp_gain":0,"max_hp_loss":0,"event_name":"Colosseum","floor":31,"gold_loss":0},{"damage_healed":0,"gold_gain":0,"player_choice":"Fought Nobs","damage_taken":0,"max_hp_gain":0,"max_hp_loss":0,"event_name":"Colosseum","floor":31,"gold_loss":0}],"is_beta":false,"boss_relics":[{"not_picked":["Empty Cage","Fusion Hammer"],"picked":"Astrolabe"}],"items_purged_floors":[19,28],"is_endless":false,"potions_floor_spawned":[1,4,12,13,16,24,27,29,30,31],"killed_by":"Collector","ascension_level":20}}