{"host":"i391n33tccqevi90","time":1613206559,"event":{"mods":["2.2 Compatiblity","AchievementEnabler","AlwaysNeverKeys","BaseMod","Better Third Choice","Conspire","Emptier Cage","Filter the Spire","Good Game Mod","Grow up Mod","Hubris","Minty Spire (QoL Compilation)","Remove Card Discount Mod","Replay The Spire","Spicy Shops","StSLib"],"gold_per_floor":[119,139,155,222,240,240,275,275,275,40,53,53,85,85,85,181,181,199,199,139,139,149,181,181,216,242,271,271,306,320,348,348,422,422,438,484,484,509,61,61,87,112,112,112,148,164,3,22,22,22,22,22,22,62,62],"floor_reached":56,"language":"ENG","playtime":8729,"items_purged":["Strike_P","Defend_G","Strike_B","Pride","Dualcast","Defend_B","Strike_B","Strike_B","ReplayTheSpireMod:Doomed","Decay","Hyperbeam","Defend_B"],"score":2044,"play_id":"90e48c94-f027-43e0-8ba6-5977817f88c3","local_time":"20210213025559","is_ascension_mode":true,"campfire_choices":[{"data":"DevaForm","floor":6,"key":"SMITH"},{"data":"ReplayTheSpireMod:Dual Polarity","floor":8,"key":"SMITH"},{"data":"ReplayRNGCard","floor":15,"key":"SMITH"},{"data":"Zap","floor":24,"key":"SMITH"},{"data":"Fission","floor":28,"key":"SMITH"},{"floor":32,"key":"REST"},{"floor":40,"key":"REST"},{"floor":44,"key":"REST"},{"data":"ReplayUltimateDefense","floor":49,"key":"SMITH"},{"data":"Consume","floor":52,"key":"SMITH"}],"circlet_count":0,"master_deck":["Zap+1","DevaForm+1","ReplayTheSpireMod:System Scan","Ball Lightning+1","ReplayTheSpireMod:Dual Polarity+1","conspire:Rain","Cold Snap","ReplayRNGCard+1","Machine Learning","Conserve Battery+1","hubris:PowerSurge","Fission+1","Core Surge","Double Energy","Ball Lightning+1","Meteor Strike","ReplayTheSpireMod:Reroute Power+1","Capacitor+1","BasicCrystalCard+1","Capacitor","ReplayUltimateDefense+1","ReplayTheSpireMod:Calculation Training","Consume+1","Static Discharge","Coolheaded+1","Skim+1"],"relics":["Cracked Core","REME:ComplimentaryCards","WingedGreaves","DataDisk","Matryoshka","Bronze Scales","Chemical X","Replay:PocketPolymizer","Ancient Tea Set","hubris:TerracottaHorce","betterThird:NestCultRelic","Geode","Akabeko","hubris:SoftwareUpdate","Nunchaku","Replay:Accelerometer","Question Card","Replay:Bottled Eggs","conspire:SeveredTorchhead","hubris:Zylophone","hubris:GlazedTorus","Replay:Bottled Steam","hubris:ToyBattleship","Pet Ghost","CeramicFish","Replay:Bottled Flurry","ReplayFunnel","ReplayTheSpireMod:CursedCoin","Bottled Tornado","conspire:TopHat","TungstenRod"],"acts_visited":["Exordium","TheCity","TheBeyond","TheEnding"],"potions_floor_usage":[13,18,31,33,46,55,55],"damage_taken":[{"damage":1,"enemies":"Cultist","floor":1,"turns":4},{"damage":10,"enemies":"Small Slimes","floor":2,"turns":4},{"damage":2,"enemies":"Jaw Worm","floor":3,"turns":3},{"damage":2,"enemies":"3 Louse","floor":5,"turns":3},{"damage":36,"enemies":"Lagavulin","floor":7,"turns":7},{"damage":8,"enemies":"Blue Slaver","floor":11,"turns":3},{"damage":10,"enemies":"3 Sentries","floor":13,"turns":4},{"damage":69,"enemies":"Fading Forest","floor":16,"turns":11},{"damage":11,"enemies":"Chosen","floor":18,"turns":4},{"damage":20,"enemies":"Shell Parasite","floor":22,"turns":4},{"damage":40,"enemies":"conspire:Head Lice","floor":23,"turns":9},{"damage":27,"enemies":"Replay:Snechameleon","floor":25,"turns":4},{"damage":58,"enemies":"Slavers","floor":27,"turns":6},{"damage":32,"enemies":"Replay:Snechameleon","floor":29,"turns":4},{"damage":41,"enemies":"Snake Plant","floor":30,"turns":3},{"damage":38,"enemies":"Gremlin Leader","floor":31,"turns":4},{"damage":49,"enemies":"Champ","floor":33,"turns":10},{"damage":55,"enemies":"3 Darklings","floor":35,"turns":5},{"damage":74,"enemies":"2 Orb Walkers","floor":36,"turns":5},{"damage":138,"enemies":"Mind Bloom Boss Battle","floor":38,"turns":4},{"damage":31,"enemies":"R_Hoarder","floor":41,"turns":5},{"damage":3,"enemies":"Giant Head","floor":45,"turns":5},{"damage":19,"enemies":"Orb Walker","floor":46,"turns":3},{"damage":36,"enemies":"4 Shapes","floor":48,"turns":5},{"damage":44,"enemies":"Time Eater","floor":50,"turns":6},{"damage":37,"enemies":"Shield and Spear","floor":54,"turns":6},{"damage":51,"enemies":"The Heart","floor":55,"turns":9}],"seed_played":"-7105835195864441886","potions_obtained":[{"floor":7,"key":"Languid Potion"},{"floor":11,"key":"SkillPotion"},{"floor":13,"key":"LiquidMemories"},{"floor":22,"key":"Strength Potion"},{"floor":23,"key":"Adrenaline Potion"},{"floor":25,"key":"Ancient Potion"},{"floor":31,"key":"Energy Potion"},{"floor":36,"key":"Elixir"},{"floor":45,"key":"Reflective Coating"},{"floor":46,"key":"Weak Potion"}],"is_trial":false,"path_per_floor":["M","M","M","?","M","R","E","R","T","$","M","?","E","?","R","B",null,"M","?","?","?","M","E","R","E","T","E","R","E","M","E","R","B",null,"M","?","?","?","$","R","E","T","T","R","E","M","$","M","R","B",null,"R","$","E","B",null],"character_chosen":"DEFECT","items_purchased":["Bronze Scales","Chemical X","Replay:Bottled Steam","Capacitor","ReplayUltimateDefense","ReplayTheSpireMod:CursedCoin","Static Discharge","Bottled Tornado","conspire:TopHat"],"campfire_rested":3,"item_purchase_floors":[10,10,39,39,39,47,47,47,47],"current_hp_per_floor":[87,87,95,105,113,123,97,107,117,127,129,139,139,149,159,108,221,220,230,240,250,240,210,220,203,213,165,175,153,122,94,222,183,367,322,258,268,140,150,302,281,291,301,465,472,463,473,447,457,423,555,565,575,548,507],"gold":62,"neow_bonus":"ONE_RARE_RELIC","is_daily":false,"chose_seed":false,"campfire_upgraded":7,"win_rate":0.0,"timestamp":1613206559,"path_taken":["M","M","M","?","M","R","E","R","T","$","M","?","E","?","R","BOSS","M","?","?","?","M","E","R","E","T","E","R","E","M","E","R","BOSS","M","?","?","?","$","R","E","?","T","R","E","M","$","?","R","BOSS","R","$","E","BOSS"],"items_purchased_type":["Relic","Relic","Relic","Card","Card","Relic","Card","Relic","Relic"],"build_version":"2020-12-22","purchased_purges":12,"victory":true,"max_hp_per_floor":[95,105,115,125,135,145,155,165,175,185,195,205,215,225,235,245,255,265,275,285,295,305,315,325,335,345,355,365,375,385,395,405,415,425,435,445,455,465,475,485,495,505,515,525,535,545,555,565,575,585,595,605,615,625,635],"card_choices":[{"not_picked":["Lockon","ReplaySort"],"picked":"ReplayTheSpireMod:System Scan","floor":1},{"not_picked":["Reprogram","Gash"],"picked":"Sunder","floor":2},{"not_picked":["Turbo","Rip and Tear"],"picked":"Ball Lightning","floor":3},{"not_picked":["White Noise","Force Field"],"picked":"ReplayTheSpireMod:Dual Polarity","floor":5},{"not_picked":["ReplayTheSpireMod:Dual Polarity","Stack","conspire:SharedLibrary"],"picked":"SKIP","floor":7},{"not_picked":["Leap","BasicCrystalCard"],"picked":"conspire:Rain","floor":11},{"not_picked":["Scrape","Conserve Battery"],"picked":"Cold Snap","floor":13},{"not_picked":["Rainbow","Buffer"],"picked":"Machine Learning","floor":16},{"not_picked":["Cold Snap","Coolheaded"],"picked":"Conserve Battery+1","floor":18},{"not_picked":["Streamline","Stack","Gash"],"picked":"SKIP","floor":22},{"not_picked":["Stack","Hyperbeam"],"picked":"hubris:PowerSurge","floor":23},{"not_picked":["Beam Cell","Streamline","Ball Lightning"],"picked":"SKIP","floor":25},{"not_picked":["Ball Lightning+1","Beam Cell"],"picked":"Fission","floor":27},{"not_picked":["Glacier","Go for the Eyes"],"picked":"Core Surge","floor":29},{"not_picked":["Reprogram","BootSequence","Coolheaded+1"],"picked":"Double Energy","floor":30},{"not_picked":["Rebound","BasicCrystalCard","Beam Cell"],"picked":"Ball Lightning","floor":31},{"not_picked":["Thunder Strike","Fission","Hyperbeam"],"picked":"Meteor Strike","floor":33},{"not_picked":["Ball Lightning","Coolheaded","Auto Shields"],"picked":"ReplayTheSpireMod:Reroute Power+1","floor":35},{"not_picked":["Streamline+1","Go for the Eyes","Stack"],"picked":"Capacitor+1","floor":36},{"not_picked":["Rebound","Gash","Redo"],"picked":"BasicCrystalCard+1","floor":38},{"not_picked":["BootSequence","Scrape+1","Heatsinks"],"picked":"ReplayTheSpireMod:Calculation Training","floor":41},{"not_picked":["Rebound+1","Steam Power","Machine Learning"],"picked":"Consume","floor":45},{"not_picked":["ReplayTheSpireMod:Repulse","Sweeping Beam","Steam","Cold Snap+1"],"picked":"SKIP","floor":46},{"not_picked":["Panic Button","Barrage","BasicCrystalCard"],"picked":"Coolheaded+1","floor":48},{"not_picked":["Hello World+1","Core Surge","All For One"],"picked":"Skim+1","floor":54}],"player_experience":601402,"relics_obtained":[{"floor":7,"key":"DataDisk"},{"floor":9,"key":"Matryoshka"},{"floor":13,"key":"Replay:PocketPolymizer"},{"floor":23,"key":"Geode"},{"floor":25,"key":"Akabeko"},{"floor":26,"key":"hubris:SoftwareUpdate"},{"floor":26,"key":"Nunchaku"},{"floor":27,"key":"Replay:Accelerometer"},{"floor":29,"key":"Question Card"},{"floor":31,"key":"Replay:Bottled Eggs"},{"floor":36,"key":"hubris:Zylophone"},{"floor":38,"key":"hubris:GlazedTorus"},{"floor":41,"key":"hubris:ToyBattleship"},{"floor":42,"key":"Pet Ghost"},{"floor":42,"key":"CeramicFish"},{"floor":43,"key":"Replay:Bottled Flurry"},{"floor":45,"key":"ReplayFunnel"},{"floor":54,"key":"TungstenRod"}],"event_choices":[{"damage_healed":0,"gold_gain":67,"player_choice":"Gained Gold","damage_taken":0,"max_hp_gain":0,"max_hp_loss":0,"event_name":"Golden Wing","floor":4,"gold_loss":0},{"damage_healed":0,"gold_gain":0,"player_choice":"Box","damage_taken":0,"relics_obtained":["Ancient Tea Set"],"max_hp_gain":0,"max_hp_loss":0,"event_name":"Big Fish","floor":14,"gold_loss":0,"cards_obtained":["Regret"]},{"damage_healed":0,"gold_gain":0,"player_choice":"Madness","damage_taken":0,"relics_obtained":["betterThird:NestCultRelic"],"max_hp_gain":0,"max_hp_loss":0,"event_name":"betterThird:BetterNest","floor":19,"gold_loss":0},{"cards_removed":["Regret"],"damage_healed":0,"gold_gain":0,"player_choice":"Purged","damage_taken":0,"max_hp_gain":0,"max_hp_loss":0,"event_name":"Purifier","floor":21,"gold_loss":0},{"damage_healed":0,"gold_gain":0,"player_choice":"Fight","damage_taken":0,"max_hp_gain":0,"max_hp_loss":0,"event_name":"Mysterious Sphere","floor":36,"gold_loss":0},{"cards_removed":["Sunder"],"damage_healed":0,"gold_gain":0,"player_choice":"Removed Attack","damage_taken":0,"max_hp_gain":0,"max_hp_loss":0,"event_name":"Falling","floor":37,"gold_loss":0},{"damage_healed":0,"gold_gain":0,"player_choice":"Fight","damage_taken":0,"max_hp_gain":0,"max_hp_loss":0,"event_name":"MindBloom","floor":38,"gold_loss":0}],"is_beta":false,"boss_relics":[{"not_picked":["Cursed Key","Replay:Wanted Poster"],"picked":"hubris:TerracottaHorce"},{"not_picked":["hubris:VirtuousBlindfold","ReplayTheSpireMod:DimensionalGlitch"],"picked":"conspire:SeveredTorchhead"}],"items_purged_floors":[10,10,10,39,39,39,39,39,47,47,47,47],"is_endless":false,"potions_floor_spawned":[7,11,13,22,23,25,30,31,36,45,46,54],"ascension_level":14}}