{"host":"fnlf8nl5agtxb8g8","time":1613214033,"event":{"mods":["Act Like it!","BaseMod","Better Altar","Better Match","Better Note","Better Sensory Stone","Better Skull","Better Third Choice","Better Vampires","Minty Spire (QoL Compilation)","Quick Restart","Rare Cards Sparkle","StSLib","The Jungle","The Senshi"],"gold_per_floor":[161,161,172,191,211,228,256,266,293,293,328,328,340,356,356,456,456,475,493,74,173,187,214,214,214],"floor_reached":24,"language":"ENG","playtime":1496,"items_purged":[],"score":278,"play_id":"5d11b0e8-0dc6-4a2f-9b96-3995487ff3b2","local_time":"20210213050033","is_ascension_mode":true,"campfire_choices":[{"data":"theSenshi:JupitersPower","floor":10.0,"key":"SMITH"},{"data":"theSenshi:MoonHealingEscalation","floor":12.0,"key":"SMITH"},{"data":"theSenshi:MoonCrisisMakeUp","floor":15.0,"key":"SMITH"}],"circlet_count":0,"master_deck":["theSenshi:SailorKick","theSenshi:SailorKick","theSenshi:SailorKick","theSenshi:SailorKick","theSenshi:SailorBlock","theSenshi:SailorBlock+1","theSenshi:SailorBlock","theSenshi:RoseThrow","theSenshi:MoonPrismPowerMakeUp","theSenshi:OdangoHead","theSenshi:MoonPunch","theSenshi:JupitersPower+1","theSenshi:MoonHealingEscalation+1","theSenshi:MoonCrisisMakeUp+1","theSenshi:MoonEternalMakeUp"],"relics":["Tiny House","Bronze Scales","MealTicket","Question Card","Black Star","Frozen Egg 2","theSenshi:SailorFukuRelic","Regal Pillow","Anchor"],"acts_visited":["TheCity"],"potions_floor_usage":[24],"damage_taken":[{"damage":4.0,"enemies":"Small Slimes","floor":1.0,"turns":3.0},{"damage":1.0,"enemies":"Cultist","floor":3.0,"turns":4.0},{"damage":1.0,"enemies":"Jaw Worm","floor":4.0,"turns":3.0},{"damage":1.0,"enemies":"Exordium Wildlife","floor":5.0,"turns":4.0},{"damage":13.0,"enemies":"Exordium Thugs","floor":6.0,"turns":4.0},{"damage":19.0,"enemies":"Gremlin Nob","floor":7.0,"turns":4.0},{"damage":2.0,"enemies":"Looter","floor":8.0,"turns":3.0},{"damage":20.0,"enemies":"Lagavulin","floor":11.0,"turns":4.0},{"damage":2.0,"enemies":"2 Fungi Beasts","floor":13.0,"turns":5.0},{"damage":31.0,"enemies":"Exordium Thugs","floor":14.0,"turns":8.0},{"damage":41.0,"enemies":"The Guardian","floor":16.0,"turns":15.0},{"damage":17.0,"enemies":"Shell Parasite","floor":18.0,"turns":5.0},{"damage":11.0,"enemies":"3 Byrds","floor":19.0,"turns":6.0},{"damage":41.0,"enemies":"Snecko","floor":22.0,"turns":9.0},{"damage":61.0,"enemies":"Gremlin Leader","floor":23.0,"turns":6.0},{"damage":10,"enemies":"Centurion and Healer","floor":24,"turns":1}],"seed_played":"8323599085696346573","potions_obtained":[{"floor":0.0,"key":"DistilledChaos"},{"floor":1.0,"key":"Strength Potion"},{"floor":3.0,"key":"LiquidBronze"},{"floor":8.0,"key":"BlessingOfTheForge"},{"floor":11.0,"key":"Swift Potion"},{"floor":19.0,"key":"Dexterity Potion"},{"floor":23.0,"key":"LiquidBronze"}],"is_trial":false,"path_per_floor":["M","?","M","M","M","M","E","M","T","R","E","R","M","M","R","B",null,"M","M","$","?","M","E","M"],"character_chosen":"THE_SENSHI","items_purchased":["Frozen Egg 2","theSenshi:SailorFukuRelic"],"campfire_rested":0,"item_purchase_floors":[20,20],"current_hp_per_floor":[76,76,75,74,73,60,41,39,39,39,19,19,47,56,56,55,80,63,72,80,80,48,7,0,0],"gold":214,"neow_bonus":"BOSS_RELIC","is_daily":false,"chose_seed":false,"campfire_upgraded":3,"win_rate":0.0,"timestamp":1613214033,"path_taken":["M","?","?","?","M","M","E","M","T","R","E","R","M","M","R","BOSS","M","M","?","?","M","E","M"],"items_purchased_type":["Relic","Relic"],"build_version":"2020-12-22","purchased_purges":0,"victory":false,"max_hp_per_floor":[80,80,80,80,80,80,80,80,80,80,80,80,80,80,80,80,80,80,80,80,80,80,80,80,80],"card_choices":[{"not_picked":["theSenshi:MoonCrystalPowerMakeUp","theSenshi:MoonKick"],"picked":"theSenshi:OdangoHead","floor":0.0},{"not_picked":["theSenshi:SailorJupiterAssists","theSenshi:SailorMarsAssists","theSenshi:EncouragingSpeech"],"picked":"SKIP","floor":1.0},{"not_picked":["theSenshi:SailorJupiterAssists","theSenshi:TuxedoSmokingBomber","theSenshi:MoonKick"],"picked":"SKIP","floor":3.0},{"not_picked":["theSenshi:MoonPower","theSenshi:CrisisMakeUp"],"picked":"theSenshi:MoonPunch","floor":4.0},{"not_picked":["theSenshi:MoonPrincessHalation","theSenshi:TuxedoSmokingBomber"],"picked":"theSenshi:JupitersPower","floor":5.0},{"not_picked":["theSenshi:SailorNeptuneAssists","theSenshi:MoonsReflection","theSenshi:Sidestep"],"picked":"SKIP","floor":6.0},{"not_picked":["theSenshi:SailorVenusAssists","theSenshi:MoonPrincessHalation","theSenshi:SailorStarMakerAssists"],"picked":"SKIP","floor":7.0},{"not_picked":["theSenshi:MercurysCunning","theSenshi:SupersonicWaves","theSenshi:MoonPrincessHalation"],"picked":"SKIP","floor":8.0},{"not_picked":["theSenshi:MoonCosmicPowerMakeUp","theSenshi:SailorCosmosAssists"],"picked":"theSenshi:MoonHealingEscalation","floor":11.0},{"not_picked":["theSenshi:SailorChibiMoonAssists","theSenshi:TuxedoSmokingBomber","theSenshi:MoonsReflection","theSenshi:SailorPlanetAttack"],"picked":"SKIP","floor":13.0},{"not_picked":["theSenshi:SupersonicWaves","theSenshi:SailorJupiterAssists","theSenshi:TallSilhouette"],"picked":"theSenshi:MoonCrisisMakeUp","floor":14.0},{"not_picked":["theSenshi:GlimpseOfThePast","theSenshi:SailorPlutoAssists","theSenshi:WarriorOfTheMoon"],"picked":"theSenshi:MoonEternalMakeUp","floor":16.0},{"not_picked":["theSenshi:MoonCosmicPowerMakeUp+1","theSenshi:MoonTiaraMagic","theSenshi:LunasBite","theSenshi:VenusGlamour"],"picked":"SKIP","floor":18.0},{"not_picked":["theSenshi:MoonTiaraMagic","theSenshi:LateForSchool","theSenshi:MoonPower","theSenshi:TallSilhouette"],"picked":"SKIP","floor":19.0},{"not_picked":["theSenshi:SupersonicWaves","theSenshi:SailorMarsAssists","theSenshi:TallSilhouette","theSenshi:MoonPower"],"picked":"SKIP","floor":22.0},{"not_picked":["theSenshi:MoonKick","theSenshi:EncouragingSpeech","theSenshi:TallSilhouette","theSenshi:SupersonicWaves"],"picked":"SKIP","floor":23.0}],"player_experience":823195,"relics_obtained":[{"floor":7.0,"key":"Bronze Scales"},{"floor":9.0,"key":"MealTicket"},{"floor":11.0,"key":"Question Card"},{"floor":23.0,"key":"Regal Pillow"},{"floor":23.0,"key":"Anchor"}],"event_choices":[{"cards_removed":["theSenshi:SailorBlock"],"damage_healed":0.0,"max_hp_gain":0.0,"max_hp_loss":0.0,"gold_gain":0.0,"event_name":"Bonfire Elementals","player_choice":"Offered Basic","floor":2.0,"gold_loss":0.0,"damage_taken":0.0},{"damage_healed":0.0,"max_hp_gain":0.0,"max_hp_loss":0.0,"gold_gain":99.0,"event_name":"betterThird:BetterNest","player_choice":"Steal","floor":21.0,"gold_loss":0.0,"damage_taken":0.0}],"is_beta":false,"boss_relics":[{"not_picked":["Cursed Key","Fusion Hammer"],"picked":"Black Star"}],"items_purged_floors":[],"is_endless":false,"potions_floor_spawned":[1,3,8,11,13,19,23],"killed_by":"Centurion and Healer","ascension_level":4}}