{"host":"qz0goigh82dax5l2","time":1613215664,"event":{"mods":["Act Like it!","Alarm Clock","BaseMod","Hallownest","Hunter ¡‘»À","Minty Spire (QoL Compilation)","StSLib"],"gold_per_floor":[141,141,141,22,22,22,52,94,94,427,473,483,127,147,147,280,280,293,308,22,22,36,91,91,91,91],"floor_reached":25,"language":"ZHS","playtime":1488,"items_purged":[],"score":292,"play_id":"dd97d6a6-073c-4781-8c9c-f4d3eb3d90b7","local_time":"20210213192743","is_ascension_mode":true,"campfire_choices":[{"floor":6,"key":"RECALL"},{"data":"HealerPetCall","floor":15,"key":"SMITH"},{"floor":24,"key":"REST"}],"circlet_count":0,"master_deck":["Strike_Giant","Strike_Giant","Defend_Giant","Defend_Giant","Defend_Giant","Defend_Giant","CultistPetCall","EagleFirst","EagleFirst","EagleSecond","Combo Recycle","Rupture Giant","Struggle Attack","Hunter Bow","Backward Giant","HealerPetCall+1","GremlinTsunderePetCall","Combo Defend","EagleThird","LeftHookFist","Encourage_Giant","The Bomb","SpikerPetCall","GremlinNobPetCall","Infinite Combo+1","Spirit Of Beast+1","The End Giant","Retain Combo+1","Echo Attack","Combo Form+1","Random Death Rattle+1"],"relics":["GiantSoulBox","NeowsBlessing","Hallownest:DreamNailRelic","Frozen Egg 2","Ice Cream","Old Coin","GiantSoulStone","SacredBark","Hallownest:NailmastersGloryRelic","InkBottle"],"acts_visited":["Exordium","Hallownest:Greenpath"],"potions_floor_usage":[16,22,23,23],"damage_taken":[{"damage":0,"enemies":"Hallownest:monsterHuskWarrior","floor":1,"turns":1},{"damage":0,"enemies":"Hallownest:eliteCrystalGuardian","floor":7,"turns":1},{"damage":0,"enemies":"Hallownest:2_Baldur","floor":8,"turns":1},{"damage":25,"enemies":"Hallownest:eliteVengeflyKing","floor":10,"turns":7},{"damage":23,"enemies":"Hallownest:2_MossCreeps","floor":11,"turns":8},{"damage":8,"enemies":"Hallownest:Wandering_and_Horned","floor":12,"turns":7},{"damage":1,"enemies":"Hallownest:monsterAspidMother","floor":14,"turns":4},{"damage":78,"enemies":"Hallownest:BossBrokenVessel","floor":16,"turns":12},{"damage":10,"enemies":"Hallownest:3_Youths","floor":18,"turns":3},{"damage":19,"enemies":"Hallownest:Guard_and_Sentry","floor":19,"turns":4},{"damage":0,"enemies":"Hallownest:2_Husk_Sentries","floor":22,"turns":3},{"damage":89,"enemies":"Hallownest:eliteWatcherKnight","floor":23,"turns":11},{"damage":51,"enemies":"Hallownest:2_Flukemon","floor":25,"turns":4}],"seed_played":"4239663222127065822","potions_obtained":[{"floor":7,"key":"SpeedPotion"},{"floor":8,"key":"SpeedPotion"},{"floor":12,"key":"Swift Potion"},{"floor":16,"key":"LiquidBronze"},{"floor":19,"key":"AttackPotion"},{"floor":23,"key":"SteroidPotion"}],"is_trial":false,"path_per_floor":["M","?","?","$","T","R","E","M","T","E","M","M","$","M","R","B",null,"M","M","$","?","M","E","R","M"],"character_chosen":"Giant","items_purchased":["Rupture Giant","Struggle Attack","EagleThird","LeftHookFist","Encourage_Giant","The Bomb","The End Giant","Retain Combo+1","Echo Attack"],"campfire_rested":1,"item_purchase_floors":[4,4,13,13,13,13,20,20,20],"current_hp_per_floor":[65,65,65,65,65,65,65,70,70,54,67,75,75,75,75,32,80,70,51,51,51,59,15,40,0,0],"gold":91,"neow_bonus":"THREE_ENEMY_KILL","is_daily":false,"chose_seed":false,"campfire_upgraded":1,"win_rate":0.0,"timestamp":1613215663,"path_taken":["M","?","?","?","?","R","E","M","T","E","M","?","?","?","R","BOSS","M","M","$","?","?","E","R","M"],"items_purchased_type":["Card","Card","Card","Card","Card","Card","Card","Card","Card"],"build_version":"2020-12-22","purchased_purges":0,"victory":false,"max_hp_per_floor":[65,65,65,65,65,65,65,70,70,70,75,75,75,75,75,80,80,80,80,80,80,80,85,85,85,85],"card_choices":[{"not_picked":["Pummel Giant","Echo Defend Giant"],"picked":"Combo Recycle","floor":1},{"not_picked":["SnakeForm+1","Trace_Giant"],"picked":"Hunter Bow","floor":7},{"not_picked":["Combo Defend","Backflip Giant"],"picked":"Backward Giant","floor":8},{"not_picked":["Burning Pact Giant","Discover Pet"],"picked":"HealerPetCall","floor":10},{"not_picked":["Trace_Giant","Backflip Giant"],"picked":"GremlinTsunderePetCall","floor":11},{"not_picked":["Duplicate Hand","Combo Recycle"],"picked":"Combo Defend","floor":12},{"not_picked":["Combo Recycle","Sacrifice Summons"],"picked":"SpikerPetCall","floor":14},{"not_picked":["GhostForm_Giant+1","Storm Of Blood"],"picked":"GremlinNobPetCall","floor":16},{"not_picked":["Up Up Up","Mana Growth"],"picked":"Infinite Combo+1","floor":18},{"not_picked":["Burning Pact Giant","Echo Defend Giant"],"picked":"Spirit Of Beast+1","floor":19},{"not_picked":["Ready_Giant+1","Struggle Attack"],"picked":"Combo Form+1","floor":22},{"not_picked":["EagleSecond","Encourage_Giant"],"picked":"Random Death Rattle+1","floor":23}],"player_experience":79351,"relics_obtained":[{"floor":7,"key":"Frozen Egg 2"},{"floor":9,"key":"Ice Cream"},{"floor":10,"key":"Old Coin"},{"floor":16,"key":"GiantSoulStone"},{"floor":23,"key":"InkBottle"}],"event_choices":[],"is_beta":false,"boss_relics":[{"not_picked":["Velvet Choker","Empty Cage"],"picked":"SacredBark"}],"items_purged_floors":[],"is_endless":false,"potions_floor_spawned":[7,8,12,16,19,23],"killed_by":"Hallownest:2_Flukemon","ascension_level":1}}