{"host":"0ueeacaatm8t6jyh","time":1613236518,"event":{"mods":["AchievementEnabler","BaseMod","Colored Powertips","Minty Spire (QoL Compilation)","Quick Restart","Rare Cards Sparkle","Shop Mod","StSLib"],"gold_per_floor":[19,30,30,49,49,49,69,69,69,69,112,112,112,130,130,130,130],"floor_reached":16,"language":"ZHS","playtime":626,"items_purged":[],"score":165,"play_id":"77bdee65-43a2-42da-945f-3818d3bf88f3","local_time":"20210214011518","is_ascension_mode":true,"campfire_choices":[{"data":"Hologram","floor":6.0,"key":"SMITH"},{"data":"Turbo","floor":8.0,"key":"SMITH"},{"data":"Strike_B","floor":10.0,"key":"PURGE"},{"data":"Parasite","floor":15.0,"key":"PURGE"}],"circlet_count":0,"master_deck":["AscendersBane","Strike_B+1","Strike_B","Defend_B","Defend_B","Defend_B","Zap","Dualcast","Hologram+1","Turbo+1","White Noise+1","Force Field+1"],"relics":["Cracked Core","Golden Idol","Peace Pipe","Prayer Wheel"],"acts_visited":["Exordium"],"potions_floor_usage":[],"damage_taken":[{"damage":0.0,"enemies":"Small Slimes","floor":1.0,"turns":2.0},{"damage":2.0,"enemies":"2 Louse","floor":2.0,"turns":4.0},{"damage":0.0,"enemies":"Cultist","floor":4.0,"turns":2.0},{"damage":0.0,"enemies":"3 Louse","floor":7.0,"turns":1.0},{"damage":28.0,"enemies":"3 Sentries","floor":11.0,"turns":7.0},{"damage":1.0,"enemies":"2 Fungi Beasts","floor":14.0,"turns":4.0},{"damage":23,"enemies":"Hexaghost","floor":16,"turns":10}],"seed_played":"-2766621135663799771","potions_obtained":[{"floor":7.0,"key":"LiquidBronze"},{"floor":14.0,"key":"Energy Potion"}],"is_trial":false,"path_per_floor":["M","M","?","M","?","R","M","R","T","R","E","?","?","M","R","B"],"character_chosen":"DEFECT","items_purchased":[],"campfire_rested":0,"item_purchase_floors":[],"current_hp_per_floor":[68,66,48,48,48,48,48,48,48,48,20,5,23,22,22,0,0],"gold":130,"neow_bonus":"REMOVE_TWO","is_daily":false,"chose_seed":false,"campfire_upgraded":2,"win_rate":0.0,"timestamp":1613236518,"path_taken":["M","M","?","M","?","R","?","R","T","R","E","?","?","M","R","BOSS"],"items_purchased_type":[],"build_version":"2020-12-22","purchased_purges":0,"victory":false,"max_hp_per_floor":[75,75,75,75,75,75,75,75,75,75,75,75,75,75,72,72,72],"card_choices":[{"not_picked":["Rebound","Redo"],"picked":"Hologram","floor":1.0},{"not_picked":["Loop","Conserve Battery"],"picked":"Turbo","floor":2.0},{"not_picked":["Rebound","Aggregate"],"picked":"White Noise","floor":4.0},{"not_picked":["Turbo","Streamline"],"picked":"Force Field","floor":7.0},{"not_picked":["Barrage","Stack","Darkness"],"picked":"SKIP","floor":11.0},{"not_picked":["Barrage","Stack","Darkness"],"picked":"SKIP","floor":11.0},{"not_picked":["Sweeping Beam","Compile Driver","Turbo"],"picked":"SKIP","floor":14.0},{"not_picked":["Leap","Cold Snap","Rebound"],"picked":"SKIP","floor":14.0}],"player_experience":530817,"relics_obtained":[{"floor":9.0,"key":"Peace Pipe"},{"floor":11.0,"key":"Prayer Wheel"}],"event_choices":[{"damage_healed":0.0,"max_hp_gain":0.0,"max_hp_loss":0.0,"gold_gain":0.0,"event_name":"Golden Idol","player_choice":"Take Damage","floor":3.0,"gold_loss":0.0,"damage_taken":18.0,"relics_obtained":["Golden Idol"]},{"damage_healed":0.0,"max_hp_gain":0.0,"max_hp_loss":0.0,"gold_gain":0.0,"event_name":"Accursed Blacksmith","player_choice":"Forge","floor":5.0,"gold_loss":0.0,"damage_taken":0.0,"cards_upgraded":["White Noise"]},{"damage_healed":0.0,"max_hp_gain":0.0,"max_hp_loss":0.0,"gold_gain":0.0,"event_name":"Shining Light","player_choice":"Entered Light","floor":12.0,"gold_loss":0.0,"damage_taken":15.0,"cards_upgraded":["Strike_B","Force Field"]},{"damage_healed":18.0,"max_hp_gain":0.0,"max_hp_loss":0.0,"gold_gain":0.0,"event_name":"Mushrooms","player_choice":"Healed and dodged fight","floor":13.0,"gold_loss":0.0,"damage_taken":0.0,"cards_obtained":["Parasite"]}],"is_beta":false,"boss_relics":[],"items_purged_floors":[],"is_endless":false,"potions_floor_spawned":[7,14],"killed_by":"Hexaghost","ascension_level":13}}