{"host":"m0bekkrd201b63ug","time":1613240139,"event":{"mods":["AchievementEnabler","BaseMod","Colored Powertips","Highlight Path","Minty Spire (QoL Compilation)","Rare Cards Sparkle","StSLib","SuperFastMode","everything is the same but u backflip on backflip","slay the spire mod where everything is the same but ironclad has a cowboy hat"],"gold_per_floor":[110,85,104,29,45,72,72,88,88,88,143,143,177,77,77,152,152,165,165,184,207,207,207,207,207],"floor_reached":24,"language":"ENG","playtime":753,"items_purged":["Strike_G","Strike_G"],"score":394,"play_id":"e1441ca4-9073-4401-a9cb-2c16b43b83e0","local_time":"20210213161539","is_ascension_mode":true,"campfire_choices":[{"data":"Catalyst","floor":7.0,"key":"SMITH"},{"floor":10.0,"key":"REST"},{"floor":12.0,"key":"REST"},{"floor":15.0,"key":"REST"},{"data":"Catalyst","floor":23.0,"key":"SMITH"}],"circlet_count":0,"master_deck":["AscendersBane","Defend_G","Defend_G","Defend_G","Defend_G","Defend_G","Survivor","Neutralize","Riddle With Holes+1","Heel Hook+1","Setup+1","Deadly Poison","Deadly Poison","Catalyst+1","Malaise","Catalyst+1","After Image","Corpse Explosion"],"relics":["Astrolabe","Bottled Flame","Singing Bowl","Mercury Hourglass","Calipers","HoveringKite","Bag of Preparation"],"acts_visited":["Exordium","TheCity"],"potions_floor_usage":[],"damage_taken":[{"damage":0.0,"enemies":"Cultist","floor":1.0,"turns":4.0},{"damage":0.0,"enemies":"2 Louse","floor":3.0,"turns":3.0},{"damage":8.0,"enemies":"Small Slimes","floor":5.0,"turns":3.0},{"damage":32.0,"enemies":"Lagavulin","floor":6.0,"turns":7.0},{"damage":10.0,"enemies":"Exordium Wildlife","floor":8.0,"turns":3.0},{"damage":9.0,"enemies":"Lagavulin Event","floor":11.0,"turns":5.0},{"damage":17.0,"enemies":"Gremlin Nob","floor":13.0,"turns":3.0},{"damage":6.0,"enemies":"Slime Boss","floor":16.0,"turns":8.0},{"damage":17.0,"enemies":"3 Byrds","floor":18.0,"turns":4.0},{"damage":33.0,"enemies":"2 Thieves","floor":20.0,"turns":4.0},{"damage":28,"enemies":"Gremlin Leader","floor":24,"turns":4}],"seed_played":"7979793612414345084","potions_obtained":[{"floor":1.0,"key":"Explosive Potion"},{"floor":5.0,"key":"ColorlessPotion"},{"floor":11.0,"key":"PowerPotion"}],"is_trial":false,"path_per_floor":["M","$","M","$","M","E","R","M","T","R","?","R","E","$","R","B",null,"M","?","M","T","?","R","E"],"character_chosen":"THE_SILENT","items_purchased":["Deadly Poison"],"campfire_rested":3,"item_purchase_floors":[2],"current_hp_per_floor":[59,59,59,59,51,19,19,9,9,28,19,38,21,21,40,34,58,43,43,12,12,26,26,0,0],"gold":207,"neow_bonus":"BOSS_RELIC","is_daily":false,"chose_seed":false,"campfire_upgraded":2,"win_rate":0.0,"timestamp":1613240139,"path_taken":["M","?","M","$","M","E","R","M","T","R","?","R","E","$","R","BOSS","M","?","M","?","?","R","E"],"items_purchased_type":["Card"],"build_version":"2020-12-22","purchased_purges":2,"victory":false,"max_hp_per_floor":[66,66,66,66,66,66,66,66,66,66,66,66,66,66,66,66,66,68,68,70,70,70,70,70,70],"card_choices":[{"not_picked":["All Out Attack","Underhanded Strike"],"picked":"Deadly Poison","floor":1.0},{"not_picked":["Deadly Poison","Cloak And Dagger"],"picked":"Catalyst","floor":3.0},{"not_picked":["Slice","Riddle With Holes","Blade Dance"],"picked":"SKIP","floor":5.0},{"not_picked":["Well Laid Plans","PiercingWail","Deadly Poison"],"picked":"SKIP","floor":6.0},{"not_picked":["Outmaneuver","Poisoned Stab"],"picked":"Malaise","floor":8.0},{"not_picked":["Underhanded Strike","Infinite Blades"],"picked":"Catalyst","floor":11.0},{"not_picked":["Bouncing Flask","Slice"],"picked":"After Image","floor":13.0},{"not_picked":["Doppelganger","Envenom"],"picked":"Corpse Explosion","floor":16.0},{"not_picked":["Dagger Spray+1","Prepared","Choke"],"picked":"Singing Bowl","floor":18.0},{"not_picked":["Flying Knee","Escape Plan","Dagger Throw"],"picked":"Singing Bowl","floor":20.0}],"player_experience":259899,"relics_obtained":[{"floor":6.0,"key":"Bottled Flame"},{"floor":9.0,"key":"Singing Bowl"},{"floor":13.0,"key":"Calipers"},{"floor":21.0,"key":"Bag of Preparation"}],"event_choices":[{"damage_healed":0.0,"max_hp_gain":0.0,"max_hp_loss":0.0,"gold_gain":30.0,"event_name":"Dead Adventurer","player_choice":"Searched \u00273\u0027 times","floor":11.0,"gold_loss":0.0,"damage_taken":0.0,"relics_obtained":["Mercury Hourglass"]},{"damage_healed":0.0,"max_hp_gain":0.0,"max_hp_loss":0.0,"gold_gain":0.0,"event_name":"Vampires","player_choice":"Ignored","floor":19.0,"gold_loss":0.0,"damage_taken":0.0},{"damage_healed":14.0,"max_hp_gain":0.0,"max_hp_loss":0.0,"gold_gain":0.0,"event_name":"The Library","player_choice":"Heal","floor":22.0,"gold_loss":0.0,"damage_taken":0.0}],"is_beta":false,"boss_relics":[{"not_picked":["Runic Dome","Fusion Hammer"],"picked":"HoveringKite"}],"items_purged_floors":[4,14],"is_endless":false,"potions_floor_spawned":[1,5,8,11],"killed_by":"Gremlin Leader","ascension_level":19}}