{"host":"hf83sijwe64ts2lm","time":1613258159,"event":{"mods":["2.2 Compatiblity","BaseMod","Better Altar","Better Match","Better Note","Better Sensory Stone","Better Skull","Better Third Choice","Colored Map","Colored Powertips","Highlight Path","Hubris","Infinite Spire","Minty Spire (QoL Compilation)","Quick Restart","Rare Cards Sparkle","Relic Stats","Reliquary","Replay The Spire","Shop Mod","Spicy Shops","Spire Arcade","StSLib","Thieving Mod"],"gold_per_floor":[112,112,72,83,99,130,130,148,148,103,103,114,147,164,164,264,264,264,264],"floor_reached":18,"language":"ENG","playtime":381,"items_purged":[],"score":198,"play_id":"5777249a-fc7b-4919-9bb2-a460497e8cd5","local_time":"20210213181559","is_ascension_mode":true,"campfire_choices":[{"floor":7.0,"key":"RECALL"},{"floor":11.0,"key":"REST"},{"floor":15.0,"key":"REST"}],"circlet_count":0,"master_deck":["Strike_G","Strike_G","Strike_G","Strike_G","Strike_G","Defend_G","Defend_G","Defend_G","Defend_G","Defend_G","Survivor+1","Neutralize","Cloak And Dagger+1","Dodge and Roll","Riddle With Holes","Toxin Wave","Corpse Explosion","Flying Knee","Fluid Movement","Poisoned Stab","ReplayTheSpireMod:Speed Training","ReplayTheSpireMod:Necrosis"],"relics":["Ring of the Snake","NeowsBlessing","reliquary:Boomerang","Bird Faced Urn","Ring of Chaos"],"acts_visited":["Exordium","TheCity"],"potions_floor_usage":[],"damage_taken":[{"damage":0.0,"enemies":"Jaw Worm","floor":1.0,"turns":1.0},{"damage":0.0,"enemies":"Small Slimes","floor":4.0,"turns":1.0},{"damage":0.0,"enemies":"Cultist","floor":5.0,"turns":1.0},{"damage":1.0,"enemies":"Lagavulin","floor":6.0,"turns":6.0},{"damage":0.0,"enemies":"Red Slaver","floor":8.0,"turns":6.0},{"damage":1.0,"enemies":"Looter","floor":12.0,"turns":3.0},{"damage":16.0,"enemies":"3 Sentries","floor":13.0,"turns":4.0},{"damage":14.0,"enemies":"Gremlin Gang","floor":14.0,"turns":4.0},{"damage":41.0,"enemies":"Fading Forest","floor":16.0,"turns":11.0},{"damage":0,"enemies":"Chosen","floor":18,"turns":1}],"seed_played":"-4086535532495683234","potions_obtained":[{"floor":3.0,"key":"BlessingOfTheForge"},{"floor":3.0,"key":"EntropicBrew"},{"floor":4.0,"key":"FearPotion"},{"floor":8.0,"key":"Block Potion"},{"floor":14.0,"key":"Swift Potion"}],"is_trial":false,"path_per_floor":["M","?","?","M","M","E","R","M","T","$","R","M","E","M","R","B",null,"M"],"character_chosen":"THE_SILENT","items_purchased":["Flying Knee"],"campfire_rested":2,"item_purchase_floors":[10],"current_hp_per_floor":[70,56,56,56,56,55,55,55,55,55,70,69,53,39,60,39,70,70,70],"gold":264,"neow_bonus":"THREE_ENEMY_KILL","is_daily":false,"chose_seed":false,"campfire_upgraded":0,"win_rate":0.0,"timestamp":1613258159,"path_taken":["M","?","?","?","M","E","R","M","T","?","R","M","E","M","R","BOSS","M"],"items_purchased_type":["Card"],"build_version":"2020-12-22","purchased_purges":0,"victory":false,"max_hp_per_floor":[70,70,70,70,70,70,70,70,70,70,70,70,70,70,70,70,70,70,70],"relic_stats":{"counters":[10,38],"Bird Faced Urn":[2],"obtain_stats":[{"reliquary:Boomerang":6,"NeowsBlessing":0,"Bird Faced Urn":13,"Ring of Chaos":17,"Ring of the Snake":0},{"reliquary:Boomerang":4,"NeowsBlessing":0,"Bird Faced Urn":7,"Ring of Chaos":9,"Ring of the Snake":0},{"reliquary:Boomerang":9,"NeowsBlessing":0,"Bird Faced Urn":22,"Ring of Chaos":37,"Ring of the Snake":0}],"Ring of the Snake":[20]},"card_choices":[{"not_picked":["Finisher","ReplayTheSpireMod:Exploit Weakness"],"picked":"Cloak And Dagger","floor":1.0},{"not_picked":["ReplayTheSpireMod:Shiv Toss","Dagger Spray"],"picked":"Dodge and Roll","floor":4.0},{"not_picked":["Concentrate","Quick Slash"],"picked":"Riddle With Holes","floor":5.0},{"not_picked":["Escape Plan","Poisoned Stab"],"picked":"Toxin Wave","floor":6.0},{"not_picked":["All Out Attack","hubris:SlightOfHand"],"picked":"Corpse Explosion","floor":8.0},{"not_picked":["ReplayTheSpireMod:Tripwire","Quick Slash"],"picked":"Fluid Movement","floor":12.0},{"not_picked":["Quick Slash","Sucker Punch"],"picked":"Poisoned Stab","floor":13.0},{"not_picked":["Catalyst","Underhanded Strike"],"picked":"ReplayTheSpireMod:Speed Training","floor":14.0},{"not_picked":["Replay:Bag of Tricks","Night Terror"],"picked":"ReplayTheSpireMod:Necrosis","floor":16.0}],"player_experience":170465,"relics_obtained":[{"floor":6.0,"key":"reliquary:Boomerang"},{"floor":13.0,"key":"Bird Faced Urn"}],"event_choices":[{"damage_healed":70.0,"max_hp_gain":0.0,"max_hp_loss":70.0,"gold_gain":0.0,"event_name":"betterThird:BetterShining","player_choice":"Upgrade","floor":2.0,"gold_loss":0.0,"damage_taken":14.0,"cards_upgraded":["Cloak And Dagger","Survivor"]},{"damage_healed":0.0,"max_hp_gain":0.0,"max_hp_loss":0.0,"gold_gain":0.0,"event_name":"The Woman in Blue","player_choice":"Bought 3 Potions","floor":3.0,"gold_loss":0.0,"damage_taken":0.0}],"is_beta":false,"boss_relics":[{"not_picked":["Astrolabe","Replay:Drink Me"],"picked":"Ring of Chaos"}],"items_purged_floors":[],"is_endless":false,"potions_floor_spawned":[4,8,14],"killed_by":"Chosen","ascension_level":3}}