{"host":"ve9aztkoyqeblvav","time":1613232117,"event":{"mods":["Act Like it!","Aspiration","BaseMod","Colored Map","Colored Powertips","Highlight Path","Minty Spire (QoL Compilation)","Pale of the Ancients","Quick Restart","Reorder Act Four","StSLib","The Hierophant","Waifu the Spire"],"gold_per_floor":[115,40,55,55,55,55,91,116,190,211,211,251,251,271,271,367,367,388,313,313,313,313,313,354,354,378,403,35,61,105,120,120,216,216,216],"floor_reached":34,"language":"ZHS","playtime":1497,"items_purged":["Strike_R","Strike_R"],"score":842,"play_id":"bbb13850-9060-4038-ba4a-fca59396cc26","local_time":"20210214000157","is_ascension_mode":true,"campfire_choices":[{"data":"Shockwave","floor":6.0,"key":"SMITH"},{"data":"Searing Blow","floor":11.0,"key":"SMITH"},{"data":"Searing Blow+1","floor":13.0,"key":"SMITH"},{"data":"Searing Blow+2","floor":15.0,"key":"SMITH"},{"data":"Armaments","floor":23.0,"key":"SMITH"},{"data":"Searing Blow+3","floor":25.0,"key":"SMITH"},{"data":"Searing Blow+4","floor":32.0,"key":"SMITH"}],"circlet_count":0,"master_deck":["AscendersBane","Strike_R","Strike_R","Defend_R","Defend_R","Defend_R","Defend_R","Bash","Shockwave+1","Anger","Hemokinesis","Searing Blow+5","Inflame","Feel No Pain","Reaper","Armaments+1","J.A.X.","Ghostly","Ghostly","Ghostly","Impervious","Demon Form","Shrug It Off"],"relics":["Burning Blood","NeowsBlessing","Golden Idol","HornCleat","Bottled Lightning","aspiration:DSix","Runic Cube","Bag of Preparation","Pear","Bag of Marbles","Pen Nib","Velvet Choker"],"acts_visited":["Exordium","TheCity","TheBeyond"],"potions_floor_usage":[],"damage_taken":[{"damage":0.0,"enemies":"Cultist","floor":1.0,"turns":1.0},{"damage":0.0,"enemies":"Jaw Worm","floor":3.0,"turns":1.0},{"damage":0.0,"enemies":"Lagavulin","floor":7.0,"turns":1.0},{"damage":2.0,"enemies":"Small Slimes","floor":8.0,"turns":3.0},{"damage":3.0,"enemies":"Looter","floor":10.0,"turns":3.0},{"damage":15.0,"enemies":"3 Sentries","floor":12.0,"turns":6.0},{"damage":6.0,"enemies":"2 Fungi Beasts","floor":14.0,"turns":2.0},{"damage":48.0,"enemies":"The Guardian","floor":16.0,"turns":12.0},{"damage":22.0,"enemies":"Shell Parasite","floor":18.0,"turns":6.0},{"damage":35.0,"enemies":"Slavers","floor":24.0,"turns":6.0},{"damage":8.0,"enemies":"3 Byrds","floor":27.0,"turns":7.0},{"damage":16.0,"enemies":"Gremlin Leader","floor":30.0,"turns":7.0},{"damage":6.0,"enemies":"Centurion and Healer","floor":31.0,"turns":7.0},{"damage":72.0,"enemies":"Collector","floor":33.0,"turns":12.0}],"seed_played":"-6645361386221580781","potions_obtained":[{"floor":1.0,"key":"Weak Potion"},{"floor":7.0,"key":"Block Potion"},{"floor":12.0,"key":"GamblersBrew"},{"floor":18.0,"key":"BloodPotion"},{"floor":31.0,"key":"Dexterity Potion"},{"floor":33.0,"key":"PowerPotion"}],"is_trial":false,"path_per_floor":["M","?","M","?","$","R","E","M","T","M","R","E","R","M","R","B",null,"M","$","?","?","?","R","E","R","T","M","$","T","E","M","R","B",null],"character_chosen":"IRONCLAD","items_purchased":["Pear"],"campfire_rested":0,"item_purchase_floors":[28],"current_hp_per_floor":[74,74,75,49,49,49,55,59,59,62,62,53,53,53,53,11,59,43,43,43,37,37,37,34,34,34,37,47,47,47,47,47,24,41,41],"gold":216,"neow_bonus":"THREE_ENEMY_KILL","is_daily":false,"chose_seed":false,"campfire_upgraded":7,"win_rate":0.0,"timestamp":1613232117,"path_taken":["M","?","M","?","?","R","E","M","T","M","R","E","R","M","R","BOSS","M","$","?","?","?","R","E","R","T","M","?","?","E","?","R","BOSS"],"items_purchased_type":["Relic"],"build_version":"2020-12-22","purchased_purges":2,"victory":false,"max_hp_per_floor":[75,75,75,75,75,75,75,75,75,75,75,75,75,75,75,75,75,75,75,75,37,37,37,37,37,37,37,47,47,47,47,47,47,47,47],"card_choices":[{"not_picked":["True Grit","Anger"],"picked":"Shockwave","floor":1.0},{"not_picked":["Warcry","Pummel"],"picked":"Anger","floor":3.0},{"not_picked":["Shrug It Off","Anger"],"picked":"Hemokinesis","floor":7.0},{"not_picked":["Perfected Strike","Heavy Blade"],"picked":"Searing Blow","floor":8.0},{"not_picked":["Searing Blow","Infernal Blade","Body Slam"],"picked":"SKIP","floor":10.0},{"not_picked":["Body Slam","Pommel Strike"],"picked":"Inflame","floor":12.0},{"not_picked":["Infernal Blade","Wild Strike"],"picked":"Feel No Pain","floor":14.0},{"not_picked":["Feed","Fiend Fire"],"picked":"Reaper","floor":16.0},{"not_picked":["Cleave","Heavy Blade+1"],"picked":"Armaments","floor":18.0},{"not_picked":["Reckless Charge","Wild Strike"],"picked":"Demon Form","floor":24.0},{"not_picked":["Wild Strike+1","Pommel Strike"],"picked":"Shrug It Off","floor":27.0},{"not_picked":["Twin Strike","Blood for Blood","Pommel Strike+1"],"picked":"SKIP","floor":30.0},{"not_picked":["Perfected Strike","Headbutt","Reckless Charge"],"picked":"SKIP","floor":31.0}],"player_experience":1636818,"relics_obtained":[{"floor":7.0,"key":"HornCleat"},{"floor":9.0,"key":"Bottled Lightning"},{"floor":12.0,"key":"aspiration:DSix"},{"floor":24.0,"key":"Bag of Preparation"},{"floor":29.0,"key":"Bag of Marbles"},{"floor":30.0,"key":"Pen Nib"}],"event_choices":[{"cards_removed":["Strike_R"],"damage_healed":0.0,"max_hp_gain":0.0,"max_hp_loss":0.0,"gold_gain":0.0,"event_name":"The Cleric","player_choice":"Card Removal","floor":2.0,"gold_loss":75.0,"damage_taken":0.0},{"damage_healed":0.0,"max_hp_gain":0.0,"max_hp_loss":0.0,"gold_gain":0.0,"event_name":"Golden Idol","player_choice":"Take Damage","floor":4.0,"gold_loss":0.0,"damage_taken":26.0,"relics_obtained":["Golden Idol"]},{"damage_healed":0.0,"max_hp_gain":0.0,"max_hp_loss":0.0,"gold_gain":0.0,"event_name":"Drug Dealer","player_choice":"Obtain J.A.X.","floor":20.0,"gold_loss":0.0,"damage_taken":0.0,"cards_obtained":["J.A.X."]},{"damage_healed":0.0,"max_hp_gain":0.0,"max_hp_loss":38.0,"gold_gain":0.0,"event_name":"Ghosts","player_choice":"Became a Ghost","floor":21.0,"gold_loss":0.0,"damage_taken":0.0,"cards_obtained":["Ghostly","Ghostly","Ghostly"]},{"damage_healed":0.0,"max_hp_gain":0.0,"max_hp_loss":0.0,"gold_gain":0.0,"event_name":"The Library","player_choice":"Read","floor":22.0,"gold_loss":0.0,"damage_taken":0.0,"cards_obtained":["Impervious"]}],"is_beta":false,"boss_relics":[{"not_picked":["aspiration:SecretTechniqueScroll","Coffee Dripper"],"picked":"Runic Cube"},{"not_picked":["Pandora\u0027s Box","Snecko Eye"],"picked":"Velvet Choker"}],"items_purged_floors":[19,28],"is_endless":false,"potions_floor_spawned":[1,7,12,18,31,33],"ascension_level":20}}