{"host":"jwbw4f4imxd0v0b0","time":1613179412,"event":{"mods":["BaseMod","Colored Map","Highlight Path","Minty Spire (QoL Compilation)","Relic Stats","StSLib"],"gold_per_floor":[114,114,79,79,94,124,124,139,164,164,194,209,239,254,254,354,354,369,369,384,384,9,39,39,69,69,99,99,99,129,144,144,244,244,259,35,35,49,49,79,114,114,114,144,159,189,204,204,204,204],"floor_reached":51,"language":"ENG","playtime":2617,"items_purged":["Cleave"],"score":954,"play_id":"9beb7eb8-57d6-42a6-bd1c-ecbd767b5bf0","local_time":"20210212192332","daily_mods":["SealedDeck","Colorless Cards","Elite Swarm"],"is_ascension_mode":false,"campfire_choices":[{"data":"Inflame","floor":7.0,"key":"SMITH"},{"data":"Inflame","floor":10.0,"key":"SMITH"},{"data":"Feel No Pain","floor":15.0,"key":"SMITH"},{"data":"Apotheosis","floor":24.0,"key":"SMITH"},{"data":"Juggernaut","floor":32.0,"key":"SMITH"},{"data":"Disarm","floor":42.0,"key":"SMITH"},{"data":"Limit Break","floor":49.0,"key":"SMITH"}],"circlet_count":0,"master_deck":["Twin Strike+1","Sentinel","True Grit","Inflame+1","True Grit+1","Disarm","Feel No Pain+1","Feel No Pain","Inflame+1","Seeing Red","Exhume","Bandage Up+1","Juggernaut","Whirlwind+1","Apotheosis+1","Juggernaut+1","Impervious","Reaper","Exhume","Disarm+1","Corruption+1","Pummel+1","Limit Break+1","Violence","Madness","Exhume","Demon Form"],"relics":["Burning Blood","Ornamental Fan","Bag of Preparation","Letter Opener","Thread and Needle","Coffee Dripper","Nilry\u0027s Codex","DollysMirror","Bag of Marbles","StoneCalendar","Orichalcum","Bottled Lightning","Calipers","PreservedInsect","Smiling Mask","Black Star","OrangePellets","Lizard Tail","Whetstone","Nunchaku","War Paint","Blood Vial","Magic Flower","Sundial"],"acts_visited":["Exordium","TheCity","TheBeyond"],"potions_floor_usage":[50,50,50],"damage_taken":[{"damage":0.0,"enemies":"Jaw Worm","floor":1.0,"turns":4.0},{"damage":4.0,"enemies":"Cultist","floor":5.0,"turns":4.0},{"damage":0.0,"enemies":"Lagavulin","floor":6.0,"turns":7.0},{"damage":0.0,"enemies":"Small Slimes","floor":8.0,"turns":3.0},{"damage":6.0,"enemies":"3 Sentries","floor":11.0,"turns":6.0},{"damage":8.0,"enemies":"Exordium Wildlife","floor":12.0,"turns":3.0},{"damage":1.0,"enemies":"Lagavulin","floor":13.0,"turns":6.0},{"damage":1.0,"enemies":"Looter","floor":14.0,"turns":4.0},{"damage":18.0,"enemies":"The Guardian","floor":16.0,"turns":11.0},{"damage":5.0,"enemies":"Shell Parasite","floor":18.0,"turns":4.0},{"damage":16.0,"enemies":"2 Thieves","floor":20.0,"turns":2.0},{"damage":10.0,"enemies":"Book of Stabbing","floor":23.0,"turns":3.0},{"damage":0.0,"enemies":"Gremlin Leader","floor":25.0,"turns":5.0},{"damage":13.0,"enemies":"Book of Stabbing","floor":27.0,"turns":4.0},{"damage":12.0,"enemies":"Slavers","floor":30.0,"turns":2.0},{"damage":0.0,"enemies":"Sentry and Sphere","floor":31.0,"turns":3.0},{"damage":0.0,"enemies":"Collector","floor":33.0,"turns":6.0},{"damage":12.0,"enemies":"3 Darklings","floor":35.0,"turns":4.0},{"damage":37.0,"enemies":"2 Orb Walkers","floor":38.0,"turns":4.0},{"damage":34.0,"enemies":"Reptomancer","floor":40.0,"turns":5.0},{"damage":0.0,"enemies":"3 Shapes","floor":41.0,"turns":7.0},{"damage":3.0,"enemies":"Giant Head","floor":44.0,"turns":6.0},{"damage":0.0,"enemies":"Writhing Mass","floor":45.0,"turns":6.0},{"damage":5.0,"enemies":"Reptomancer","floor":46.0,"turns":4.0},{"damage":21.0,"enemies":"Transient","floor":47.0,"turns":5.0},{"damage":10,"enemies":"Donu and Deca","floor":50,"turns":3}],"seed_played":"6099103822572544471","potions_obtained":[{"floor":1.0,"key":"Swift Potion"},{"floor":6.0,"key":"Dexterity Potion"},{"floor":8.0,"key":"SteroidPotion"},{"floor":12.0,"key":"LiquidMemories"},{"floor":27.0,"key":"Regen Potion"},{"floor":30.0,"key":"EssenceOfSteel"},{"floor":44.0,"key":"PowerPotion"},{"floor":45.0,"key":"LiquidMemories"}],"is_trial":false,"path_per_floor":["M","?","$","?","M","E","R","M","T","R","E","M","E","M","R","B",null,"M","?","M","?","$","E","R","E","T","E","?","$","E","M","R","B",null,"M","$","?","?","?","E","M","R","T","E","M","E","M","?","R","B",null],"character_chosen":"IRONCLAD","items_purchased":["Seeing Red","DollysMirror","Bag of Marbles","Limit Break","OrangePellets"],"campfire_rested":0,"item_purchase_floors":[3,22,22,36,36],"current_hp_per_floor":[80,85,85,85,85,85,85,85,85,85,85,83,85,85,85,76,85,85,85,75,59,59,65,65,81,81,85,85,85,85,85,85,85,85,84,84,74,65,65,73,85,85,85,85,85,85,73,73,73,75],"gold":204,"neow_bonus":"","is_daily":true,"chose_seed":false,"campfire_upgraded":7,"win_rate":0.0,"timestamp":1613179412,"path_taken":["M","?","$","?","M","E","R","M","T","R","E","?","E","M","R","BOSS","M","?","?","?","$","E","R","E","T","E","?","?","E","M","R","BOSS","M","$","?","?","?","E","M","R","T","E","?","E","M","?","R","BOSS"],"items_purchased_type":["Card","Relic","Relic","Card","Relic"],"build_version":"2020-12-22","purchased_purges":1,"victory":true,"max_hp_per_floor":[80,85,85,85,85,85,85,85,85,85,85,85,85,85,85,85,85,85,85,85,85,85,85,85,85,85,85,85,85,85,85,85,85,85,85,85,85,85,85,85,85,85,85,85,85,85,85,85,85,85],"relic_stats":{"counters":[26,121],"Magic Flower":[7],"StoneCalendar":[21],"PreservedInsect":283,"Bag of Preparation":[44],"Letter Opener":[173],"Whetstone":["Whirlwind","Twin Strike"],"Orichalcum":[54],"War Paint":["True Grit","Bandage Up"],"Smiling Mask":0,"Burning Blood":81,"Blood Vial":3,"OrangePellets":[4],"Lizard Tail":0,"Nunchaku":[1],"Ornamental Fan":[4],"Sundial":[0],"Black Star":3,"obtain_stats":[{"Calipers":27,"Nilry\u0027s Codex":21,"Magic Flower":44,"Thread and Needle":13,"StoneCalendar":23,"PreservedInsect":28,"Bag of Preparation":9,"Letter Opener":11,"Whetstone":40,"Orichalcum":25,"War Paint":43,"Smiling Mask":30,"Burning Blood":0,"Blood Vial":44,"OrangePellets":36,"Lizard Tail":38,"Nunchaku":40,"Ornamental Fan":6,"DollysMirror":22,"Sundial":46,"Coffee Dripper":17,"Bag of Marbles":22,"Black Star":34,"Bottled Lightning":26},{"Calipers":14,"Nilry\u0027s Codex":11,"Magic Flower":22,"Thread and Needle":7,"StoneCalendar":12,"PreservedInsect":14,"Bag of Preparation":4,"Letter Opener":5,"Whetstone":20,"Orichalcum":13,"War Paint":21,"Smiling Mask":15,"Burning Blood":0,"Blood Vial":22,"OrangePellets":18,"Lizard Tail":19,"Nunchaku":20,"Ornamental Fan":3,"DollysMirror":11,"Sundial":24,"Coffee Dripper":9,"Bag of Marbles":11,"Black Star":17,"Bottled Lightning":13},{"Calipers":66,"Nilry\u0027s Codex":54,"Magic Flower":103,"Thread and Needle":33,"StoneCalendar":57,"PreservedInsect":66,"Bag of Preparation":18,"Letter Opener":24,"Whetstone":90,"Orichalcum":62,"War Paint":97,"Smiling Mask":68,"Burning Blood":0,"Blood Vial":103,"OrangePellets":81,"Lizard Tail":85,"Nunchaku":90,"Ornamental Fan":15,"DollysMirror":54,"Sundial":113,"Coffee Dripper":48,"Bag of Marbles":54,"Black Star":77,"Bottled Lightning":62}]},"card_choices":[{"not_picked":["Purity","Panacea"],"picked":"Inflame","floor":1.0},{"not_picked":["Body Slam","Clash","Mind Blast"],"picked":"SKIP","floor":5.0},{"not_picked":["Secret Technique","Berserk"],"picked":"Exhume","floor":6.0},{"not_picked":["Spot Weakness","Clash","Anger"],"picked":"SKIP","floor":8.0},{"not_picked":["Thinking Ahead","Metamorphosis","Mayhem"],"picked":"SKIP","floor":11.0},{"not_picked":["Blood for Blood","Anger","Flex"],"picked":"SKIP","floor":12.0},{"not_picked":["Bludgeon","Transmutation","Magnetism"],"picked":"SKIP","floor":13.0},{"not_picked":["Sentinel","Good Instincts"],"picked":"Bandage Up","floor":14.0},{"not_picked":["Brutality","Exhume"],"picked":"Juggernaut","floor":16.0},{"not_picked":["Twin Strike","Clash"],"picked":"Whirlwind","floor":18.0},{"not_picked":["Jack Of All Trades","Twin Strike","Blood for Blood+1"],"picked":"SKIP","floor":20.0},{"not_picked":["Violence","Fiend Fire"],"picked":"Impervious","floor":23.0},{"not_picked":["Exhume","Demon Form"],"picked":"Reaper","floor":25.0},{"not_picked":["Thinking Ahead","Magnetism"],"picked":"Exhume","floor":27.0},{"not_picked":["The Bomb","Metamorphosis","Transmutation"],"picked":"SKIP","floor":30.0},{"not_picked":["Swift Strike","Blind"],"picked":"Disarm","floor":31.0},{"not_picked":["Magnetism","Brutality"],"picked":"Corruption","floor":33.0},{"not_picked":["Armaments+1","Cleave"],"picked":"Pummel+1","floor":35.0},{"not_picked":["Thinking Ahead","Discovery"],"picked":"Violence","floor":37.0},{"not_picked":["Bandage Up","Thinking Ahead"],"picked":"Madness","floor":37.0},{"not_picked":["Feed","Brutality"],"picked":"Exhume","floor":40.0},{"not_picked":["Pommel Strike","Rampage+1","PanicButton+1"],"picked":"SKIP","floor":41.0},{"not_picked":["Brutality","Offering"],"picked":"Demon Form","floor":44.0},{"not_picked":["Cleave+1","Twin Strike+1","Madness"],"picked":"SKIP","floor":45.0},{"not_picked":["Mayhem","Thinking Ahead","Reaper"],"picked":"SKIP","floor":46.0},{"not_picked":["Cleave","Finesse","Havoc"],"picked":"SKIP","floor":47.0}],"player_experience":1264453,"relics_obtained":[{"floor":6.0,"key":"Ornamental Fan"},{"floor":9.0,"key":"Bag of Preparation"},{"floor":11.0,"key":"Letter Opener"},{"floor":13.0,"key":"Thread and Needle"},{"floor":21.0,"key":"Nilry\u0027s Codex"},{"floor":23.0,"key":"StoneCalendar"},{"floor":25.0,"key":"Orichalcum"},{"floor":26.0,"key":"Bottled Lightning"},{"floor":27.0,"key":"Calipers"},{"floor":30.0,"key":"Smiling Mask"},{"floor":38.0,"key":"Lizard Tail"},{"floor":40.0,"key":"Whetstone"},{"floor":40.0,"key":"Nunchaku"},{"floor":43.0,"key":"War Paint"},{"floor":44.0,"key":"Blood Vial"},{"floor":44.0,"key":"Magic Flower"},{"floor":46.0,"key":"Sundial"}],"event_choices":[{"damage_healed":0.0,"max_hp_gain":5.0,"max_hp_loss":0.0,"gold_gain":0.0,"event_name":"Big Fish","player_choice":"Donut","floor":2.0,"gold_loss":0.0,"damage_taken":0.0},{"cards_removed":["Armaments"],"damage_healed":5.0,"max_hp_gain":0.0,"max_hp_loss":0.0,"gold_gain":0.0,"event_name":"Bonfire Elementals","player_choice":"Offered Common","floor":4.0,"gold_loss":0.0,"damage_taken":0.0},{"cards_removed":["Armaments"],"damage_healed":5.0,"max_hp_gain":0.0,"max_hp_loss":0.0,"gold_gain":0.0,"event_name":"Bonfire Elementals","player_choice":"Offered Special","floor":4.0,"gold_loss":0.0,"damage_taken":0.0},{"damage_healed":0.0,"max_hp_gain":0.0,"max_hp_loss":0.0,"gold_gain":0.0,"event_name":"Match and Keep!","player_choice":"1 cards matched","floor":19.0,"gold_loss":0.0,"damage_taken":0.0,"cards_obtained":["Apotheosis"]},{"damage_healed":0.0,"max_hp_gain":0.0,"max_hp_loss":0.0,"gold_gain":0.0,"event_name":"Cursed Tome","player_choice":"Obtained Book","floor":21.0,"gold_loss":0.0,"damage_taken":16.0},{"damage_healed":0.0,"max_hp_gain":0.0,"max_hp_loss":0.0,"gold_gain":0.0,"event_name":"The Mausoleum","player_choice":"Opened","floor":28.0,"gold_loss":0.0,"damage_taken":0.0,"relics_obtained":["PreservedInsect"]},{"damage_healed":0.0,"max_hp_gain":0.0,"max_hp_loss":0.0,"gold_gain":0.0,"event_name":"SensoryStone","player_choice":"Memory 3","floor":37.0,"gold_loss":0.0,"damage_taken":10.0},{"damage_healed":0.0,"max_hp_gain":0.0,"max_hp_loss":0.0,"gold_gain":0.0,"event_name":"Mysterious Sphere","player_choice":"Fight","floor":38.0,"gold_loss":0.0,"damage_taken":0.0},{"damage_healed":0.0,"max_hp_gain":0.0,"max_hp_loss":0.0,"gold_gain":0.0,"event_name":"Upgrade Shrine","player_choice":"Upgraded","floor":39.0,"gold_loss":0.0,"damage_taken":0.0,"cards_upgraded":["Corruption"]},{"damage_healed":0.0,"max_hp_gain":0.0,"max_hp_loss":0.0,"gold_gain":0.0,"event_name":"Match and Keep!","player_choice":"0 cards matched","floor":48.0,"gold_loss":0.0,"damage_taken":0.0,"cards_obtained":[]}],"is_beta":false,"boss_relics":[{"not_picked":["Runic Pyramid","Mark of Pain"],"picked":"Coffee Dripper"},{"not_picked":["Velvet Choker","Busted Crown"],"picked":"Black Star"}],"items_purged_floors":[22],"is_endless":false,"potions_floor_spawned":[1,6,8,12,18,27,30,33,38,41,44,45],"ascension_level":0}}