{"host":"nwtxriuk34b069je","time":1613180444,"event":{"mods":["AchievementEnabler","BaseMod","Better Skull","Colored Map","Colored Powertips","Hermit","Minty Spire (QoL Compilation)","Relic Stats","StSLib"],"gold_per_floor":[109,123,73,73,91,122,70,70,70,70,81,141,241,255,255,358,358,374,57,23,34,34,87,87,122,122,122,135,60,71,86,86,86,86],"floor_reached":33,"language":"ENG","playtime":2503,"items_purged":["Strike_R"],"score":392,"play_id":"aa9a504e-c32e-489a-9016-0f7c7cd5a7a9","local_time":"20210212194044","is_ascension_mode":false,"campfire_choices":[{"floor":8,"key":"REST"},{"floor":15,"key":"REST"},{"floor":27,"key":"REST"},{"floor":32,"key":"REST"}],"circlet_count":0,"master_deck":["Strike_R","Strike_R","Strike_R","Bash","Iron Wave","Feed","Flex","Cleave","Thunderclap","Reaper","Fire Breathing+1","Rampage+1","Twin Strike+1","Searing Blow","HandOfGreed","Pummel","Clash+1","Decay","Flex","Armaments+1","Anger","Clash"],"relics":["Unceasing Top","Du-Vu Doll","StrikeDummy","Bag of Marbles","Astrolabe","Membership Card","Ancient Tea Set","Letter Opener","Bottled Lightning"],"acts_visited":["Exordium","TheCity"],"potions_floor_usage":[6,16,16,23,25,31,33],"damage_taken":[{"damage":5,"enemies":"Cultist","floor":1,"turns":4},{"damage":6,"enemies":"2 Louse","floor":2,"turns":3},{"damage":5,"enemies":"Small Slimes","floor":5,"turns":4},{"damage":56,"enemies":"Lagavulin","floor":6,"turns":9},{"damage":6,"enemies":"3 Louse","floor":11,"turns":2},{"damage":13,"enemies":"Gremlin Nob","floor":12,"turns":4},{"damage":13,"enemies":"Red Slaver","floor":14,"turns":2},{"damage":47,"enemies":"Slime Boss","floor":16,"turns":11},{"damage":30,"enemies":"Spheric Guardian","floor":18,"turns":4},{"damage":46,"enemies":"2 Thieves","floor":21,"turns":4},{"damage":40,"enemies":"Gremlin Leader","floor":23,"turns":6},{"damage":12,"enemies":"Sentry and Sphere","floor":25,"turns":4},{"damage":21,"enemies":"3 Cultists","floor":28,"turns":4},{"damage":20,"enemies":"Snecko","floor":30,"turns":4},{"damage":29,"enemies":"Centurion and Healer","floor":31,"turns":4},{"damage":61,"enemies":"Champ","floor":33,"turns":7}],"seed_played":"3157208330311107108","potions_obtained":[{"floor":1,"key":"Regen Potion"},{"floor":2,"key":"ColorlessPotion"},{"floor":12,"key":"DuplicationPotion"},{"floor":23,"key":"SkillPotion"},{"floor":28,"key":"Swift Potion"},{"floor":31,"key":"FearPotion"}],"is_trial":true,"path_per_floor":["M","M","?","?","M","E","$","R","T","$","M","?","?","M","R","B",null,"M","$","$","M","?","E","T","M","T","R","M","?","M","M","R","B"],"character_chosen":"IRONCLAD","items_purchased":["Cleave","Membership Card","Searing Blow","BloodPotion","HandOfGreed","Pummel"],"campfire_rested":4,"item_purchase_floors":[7,19,19,19,19,20],"current_hp_per_floor":[75,69,69,74,72,16,16,42,42,42,36,23,23,10,36,7,91,61,61,61,27,27,25,25,13,13,40,49,49,36,10,39,0,0],"gold":86,"neow_bonus":"","is_daily":false,"chose_seed":false,"campfire_upgraded":0,"win_rate":0.0,"timestamp":1613180444,"path_taken":["M","M","?","?","M","E","$","R","T","$","M","?","?","M","R","BOSS","M","?","$","M","?","E","?","?","T","R","M","?","M","M","R","BOSS"],"items_purchased_type":["Card","Relic","Card","Potion","Card","Card"],"build_version":"2020-12-22","purchased_purges":1,"victory":false,"max_hp_per_floor":[80,80,80,85,88,88,88,88,88,88,88,88,88,88,88,91,91,91,91,91,91,91,91,91,91,91,91,94,94,94,97,97,97,97],"relic_stats":{"counters":[16,76],"Astrolabe":["Fire Breathing","Rampage","Twin Strike"],"Letter Opener":[5],"obtain_stats":[{"Du-Vu Doll":6,"Astrolabe":17,"Bag of Marbles":12,"Membership Card":19,"Letter Opener":24,"Bottled Lightning":26,"StrikeDummy":9,"Ancient Tea Set":23,"Unceasing Top":0},{"Du-Vu Doll":4,"Astrolabe":8,"Bag of Marbles":6,"Membership Card":9,"Letter Opener":11,"Bottled Lightning":12,"StrikeDummy":4,"Ancient Tea Set":11,"Unceasing Top":0},{"Du-Vu Doll":20,"Astrolabe":39,"Bag of Marbles":26,"Membership Card":43,"Letter Opener":53,"Bottled Lightning":57,"StrikeDummy":20,"Ancient Tea Set":53,"Unceasing Top":0}],"Unceasing Top":[5]},"card_choices":[{"not_picked":["Anger","Body Slam"],"picked":"Iron Wave","floor":1},{"not_picked":["Warcry","Anger"],"picked":"Feed","floor":2},{"not_picked":["Infernal Blade","Twin Strike","Clothesline"],"picked":"SKIP","floor":5},{"not_picked":["Armaments","Pommel Strike"],"picked":"Flex","floor":6},{"not_picked":["Dark Embrace","Sever Soul"],"picked":"Thunderclap","floor":11},{"not_picked":["True Grit","Burning Pact","Sword Boomerang"],"picked":"SKIP","floor":14},{"not_picked":["Brutality","Fiend Fire"],"picked":"Reaper","floor":16},{"not_picked":["Rampage","Body Slam","True Grit"],"picked":"SKIP","floor":18},{"not_picked":["Anger","Heavy Blade"],"picked":"Clash+1","floor":21},{"not_picked":["Shrug It Off+1","True Grit+1"],"picked":"Flex","floor":23},{"not_picked":["Uppercut","Anger"],"picked":"Armaments+1","floor":25},{"not_picked":["Cleave","Carnage","Blood for Blood"],"picked":"SKIP","floor":28},{"not_picked":["Body Slam","Berserk"],"picked":"Anger","floor":30},{"not_picked":["Infernal Blade+1","Rage"],"picked":"Clash","floor":31}],"player_experience":545057,"relics_obtained":[{"floor":6,"key":"Du-Vu Doll"},{"floor":9,"key":"StrikeDummy"},{"floor":12,"key":"Bag of Marbles"},{"floor":23,"key":"Ancient Tea Set"},{"floor":24,"key":"Letter Opener"},{"floor":26,"key":"Bottled Lightning"}],"event_choices":[{"cards_removed":["Defend_R"],"damage_healed":0,"gold_gain":0,"player_choice":"Card Removal","damage_taken":0,"max_hp_gain":0,"max_hp_loss":0,"event_name":"The Cleric","floor":3,"gold_loss":50},{"damage_healed":0,"gold_gain":0,"player_choice":"Donut","damage_taken":0,"max_hp_gain":5,"max_hp_loss":0,"event_name":"Big Fish","floor":4,"gold_loss":0},{"damage_healed":0,"gold_gain":0,"player_choice":"Searched \u00271\u0027 times","damage_taken":0,"max_hp_gain":0,"max_hp_loss":0,"event_name":"Dead Adventurer","floor":12,"gold_loss":0},{"damage_healed":0,"gold_gain":100,"player_choice":"Pray","damage_taken":0,"max_hp_gain":0,"max_hp_loss":0,"event_name":"Golden Shrine","floor":13,"gold_loss":0},{"damage_healed":0,"gold_gain":0,"player_choice":"Smashed Altar","damage_taken":0,"max_hp_gain":0,"max_hp_loss":0,"event_name":"Forgotten Altar","floor":22,"gold_loss":0,"cards_obtained":["Decay"]},{"cards_removed":["Defend_R"],"damage_healed":0,"gold_gain":0,"player_choice":"Gave Gold","damage_taken":0,"max_hp_gain":0,"max_hp_loss":0,"event_name":"Beggar","floor":29,"gold_loss":75}],"is_beta":false,"boss_relics":[{"not_picked":["Fusion Hammer","Runic Dome"],"picked":"Astrolabe"}],"items_purged_floors":[19],"is_endless":true,"potions_floor_spawned":[1,2,12,23,28,31],"killed_by":"Champ","ascension_level":0}}