{"host":"k5fgrtcqzqosfxt0","time":1613222808,"event":{"mods":["Act Like it!","Aspiration","BaseMod","Downfall","Gensokyo","Minty Spire (QoL Compilation)","StSLib","TestMod","UnlockEverythingMod"],"gold_per_floor":[119,119,135,135,146,146,146,176,201,201,201,201,126,155,155,230,230,250,250,175,192,205,205,253,253,253,279,91,111,139,157,157,234,234,247,261,261,261,261,290,290,302,326,326,326,336,336,336],"floor_reached":47,"language":"ZHS","playtime":1789,"items_purged":["Strike_P"],"score":1148,"play_id":"192c33c2-8dcd-489d-93be-77fdab75d35d","local_time":"20210213212648","is_ascension_mode":true,"campfire_choices":[{"data":"WindmillStrike","floor":6.0,"key":"SMITH"},{"data":"Eruption","floor":10.0,"key":"SMITH"},{"data":"FlurryOfBlows","floor":12.0,"key":"SMITH"},{"data":"Wallop","floor":15.0,"key":"SMITH"},{"data":"SpiritShield","floor":23.0,"key":"SMITH"},{"floor":25.0,"key":"REST"},{"floor":32.0,"key":"REST"},{"floor":41.0,"key":"REST"}],"circlet_count":0,"master_deck":["AscendersBane","Defend_P","Defend_P","Eruption+1","Vigilance","WindmillStrike+1","Establishment","Crescendo","BowlingBash","FlurryOfBlows+1","DeusExMachina","Wallop+1","SpiritShield+1","Adaptation","Sanctity+1","Halt","DevaForm","WheelKick+1","ClearTheMind","SandsOfTime+1","downfall:Haunted","downfall:Haunted","FearNoEvil"],"relics":["PureWater","testmod-TestBox","testmod-Fortitude","Oddly Smooth Stone","testmod-TestBox","Unceasing Top","Velvet Choker","Toy Ornithopter","Blood Vial","Vajra","Ornamental Fan","testmod-SaigiyounoYou","Akabeko","testmod-IndustrialRevolution","Darkstone Periapt"],"acts_visited":["Exordium","TheCity","TheBeyond"],"potions_floor_usage":[],"damage_taken":[{"damage":1.0,"enemies":"2 Louse","floor":1.0,"turns":3.0},{"damage":2.0,"enemies":"Jaw Worm","floor":3.0,"turns":3.0},{"damage":7.0,"enemies":"Small Slimes","floor":5.0,"turns":4.0},{"damage":14.0,"enemies":"Lagavulin","floor":8.0,"turns":6.0},{"damage":12.0,"enemies":"3 Sentries","floor":14.0,"turns":6.0},{"damage":0.0,"enemies":"Slime Boss","floor":16.0,"turns":5.0},{"damage":12.0,"enemies":"Chosen","floor":18.0,"turns":5.0},{"damage":12.0,"enemies":"3 Byrds","floor":21.0,"turns":5.0},{"damage":0.0,"enemies":"Centurion and Healer","floor":22.0,"turns":5.0},{"damage":2.0,"enemies":"Gremlin Leader","floor":27.0,"turns":6.0},{"damage":3.0,"enemies":"Cultist and Chosen","floor":29.0,"turns":5.0},{"damage":8.0,"enemies":"Slavers","floor":30.0,"turns":4.0},{"damage":33.0,"enemies":"Shelled Parasite and Fungi","floor":31.0,"turns":3.0},{"damage":26.0,"enemies":"Champ","floor":33.0,"turns":19.0},{"damage":28.0,"enemies":"3 Darklings","floor":35.0,"turns":6.0},{"damage":27.0,"enemies":"3 Shapes","floor":36.0,"turns":7.0},{"damage":56.0,"enemies":"Nemesis","floor":40.0,"turns":7.0},{"damage":14.0,"enemies":"3 Darklings","floor":42.0,"turns":5.0},{"damage":20.0,"enemies":"Spire Growth","floor":46.0,"turns":4.0},{"damage":83,"enemies":"Giant Head","floor":47,"turns":4}],"seed_played":"6959372521809668651","potions_obtained":[{"floor":5.0,"key":"SneckoOil"},{"floor":8.0,"key":"testmod-SpacePotion"},{"floor":14.0,"key":"Energy Potion"},{"floor":21.0,"key":"BottledMiracle"},{"floor":22.0,"key":"testmod-TimePotion"},{"floor":27.0,"key":"Ambrosia"},{"floor":40.0,"key":"Ancient Potion"}],"is_trial":false,"path_per_floor":["M","?","M","?","M","R","?","E","T","R","?","R","$","E","R","B",null,"M","?","?","M","M","R","T","R","T","E","$","M","E","M","R","B",null,"M","M","?","T","?","E","R","M","T","?","?","M","E"],"character_chosen":"WATCHER","items_purchased":["Halt","Vajra"],"campfire_rested":3,"item_purchase_floors":[28,28],"current_hp_per_floor":[60,65,63,63,56,56,49,35,35,35,35,35,35,23,23,23,56,44,26,26,14,14,14,14,35,35,35,35,39,38,7,28,4,55,43,26,26,26,59,10,27,27,27,39,39,27,0,0],"gold":336,"neow_bonus":"TRANSFORM_TWO_CARDS","is_daily":false,"chose_seed":false,"campfire_upgraded":5,"win_rate":0.0,"timestamp":1613222808,"path_taken":["M","?","M","?","M","R","?","E","T","R","?","R","$","E","R","BOSS","M","?","?","M","M","R","?","R","T","E","$","M","E","M","R","BOSS","M","M","?","?","?","E","R","M","T","?","?","M","E"],"items_purchased_type":["Card","Relic"],"build_version":"2020-12-22","purchased_purges":1,"victory":false,"max_hp_per_floor":[62,67,67,67,67,67,67,67,67,67,67,67,67,67,67,67,67,67,72,72,72,72,72,72,72,72,72,72,72,72,72,72,72,72,72,72,72,72,59,59,59,59,59,71,71,71,71,71],"card_choices":[{"not_picked":["Pray","WindmillStrike"],"picked":"Crescendo","floor":1.0},{"not_picked":["Crescendo","Vengeance"],"picked":"BowlingBash","floor":3.0},{"not_picked":["BattleHymn","Halt"],"picked":"FlurryOfBlows","floor":5.0},{"not_picked":["Nirvana","EmptyBody"],"picked":"DeusExMachina","floor":8.0},{"not_picked":["Consecrate","BowlingBash"],"picked":"Wallop","floor":14.0},{"not_picked":["Wish","Devotion"],"picked":"SpiritShield","floor":16.0},{"not_picked":["Swivel","SandsOfTime"],"picked":"Adaptation","floor":18.0},{"not_picked":["WheelKick","SashWhip","Prostrate"],"picked":"SKIP","floor":21.0},{"not_picked":["FollowUp","WreathOfFlame","FlurryOfBlows"],"picked":"SKIP","floor":22.0},{"not_picked":["CrushJoints","DeusExMachina"],"picked":"Sanctity+1","floor":27.0},{"not_picked":["CutThroughFate","PathToVictory+1","CarveReality"],"picked":"SKIP","floor":29.0},{"not_picked":["Crescendo","Worship","EmptyBody"],"picked":"SKIP","floor":30.0},{"not_picked":["Protect","Sanctity","EmptyFist"],"picked":"SKIP","floor":31.0},{"not_picked":["MasterReality","SpiritShield"],"picked":"DevaForm","floor":33.0},{"not_picked":["ThirdEye+1","Adaptation+1"],"picked":"WheelKick+1","floor":35.0},{"not_picked":["Protect","EmptyBody"],"picked":"ClearTheMind","floor":36.0},{"not_picked":["WaveOfTheHand","FollowUp","PathToVictory"],"picked":"SKIP","floor":40.0},{"not_picked":["Worship","Prostrate+1"],"picked":"SandsOfTime+1","floor":42.0},{"not_picked":["SashWhip","EmptyFist"],"picked":"FearNoEvil","floor":46.0}],"player_experience":654031,"relics_obtained":[{"floor":8.0,"key":"Orichalcum"},{"floor":9.0,"key":"Oddly Smooth Stone"},{"floor":14.0,"key":"Unceasing Top"},{"floor":24.0,"key":"Toy Ornithopter"},{"floor":26.0,"key":"Blood Vial"},{"floor":30.0,"key":"Ornamental Fan"},{"floor":40.0,"key":"Akabeko"},{"floor":43.0,"key":"testmod-IndustrialRevolution"}],"event_choices":[{"damage_healed":0.0,"max_hp_gain":5.0,"max_hp_loss":0.0,"gold_gain":0.0,"event_name":"Big Fish","player_choice":"Donut","floor":2.0,"gold_loss":0.0,"damage_taken":0.0},{"cards_removed":["Strike_P"],"damage_healed":0.0,"max_hp_gain":0.0,"max_hp_loss":0.0,"gold_gain":0.0,"event_name":"Living Wall","player_choice":"Forget","floor":4.0,"gold_loss":0.0,"damage_taken":0.0},{"cards_removed":["Strike_P"],"damage_healed":0.0,"max_hp_gain":0.0,"max_hp_loss":0.0,"gold_gain":0.0,"event_name":"Golden Wing","player_choice":"Card Removal","floor":7.0,"gold_loss":0.0,"damage_taken":7.0},{"damage_healed":0.0,"max_hp_gain":0.0,"max_hp_loss":0.0,"gold_gain":0.0,"event_name":"给自己的盒子","player_choice":"Swap Relic","floor":11.0,"relics_lost":["Orichalcum"],"gold_loss":0.0,"damage_taken":0.0,"relics_obtained":["testmod-TestBox"]},{"damage_healed":0.0,"max_hp_gain":5.0,"max_hp_loss":0.0,"gold_gain":0.0,"event_name":"Forgotten Altar","player_choice":"Shed Blood","floor":19.0,"gold_loss":0.0,"damage_taken":23.0},{"cards_removed":["Defend_P"],"damage_healed":0.0,"max_hp_gain":0.0,"max_hp_loss":0.0,"gold_gain":0.0,"event_name":"Beggar","player_choice":"Gave Gold","floor":20.0,"gold_loss":75.0,"damage_taken":0.0},{"damage_healed":0.0,"max_hp_gain":0.0,"max_hp_loss":0.0,"gold_gain":0.0,"event_name":"Mysterious Sphere","player_choice":"Ignored","floor":37.0,"gold_loss":0.0,"damage_taken":0.0},{"damage_healed":59.0,"max_hp_gain":0.0,"max_hp_loss":13.0,"gold_gain":0.0,"event_name":"The Moai Head","player_choice":"Heal","floor":39.0,"gold_loss":0.0,"damage_taken":0.0},{"damage_healed":0.0,"max_hp_gain":0.0,"max_hp_loss":0.0,"gold_gain":0.0,"event_name":"Tomb of Lord Red Mask","player_choice":"Ignored","floor":45.0,"gold_loss":0.0,"damage_taken":0.0}],"is_beta":false,"boss_relics":[{"not_picked":["Fusion Hammer","testmod-NegativeEmotionEnhancer"],"picked":"Velvet Choker"},{"not_picked":["aspiration:RunicSpoon","testmod-IncinerationGenerator"],"picked":"testmod-SaigiyounoYou"}],"items_purged_floors":[13],"is_endless":false,"potions_floor_spawned":[5,8,14,21,22,27,40],"killed_by":"Giant Head","ascension_level":20}}