{"host":"3z9xbwjeimmg738z","time":1613246580,"event":{"mods":["100% Spire Juice","2.2 Compatiblity","Act Like it!","AlwaysNeverKeys","Arknights","Aspiration","Bard","Bartender","BaseMod","Beaked The Cultist","Better Altar","Better Match","Better Note","Better Sensory Stone","Better Skull","Better Third Choice","Bossed Relics","CapriCore","ChefMod","Colored Powertips","Defuse TimeMaze Blight","Dio Mod","Displayed Cursed Tome","Ekko","Faster Ascension Climbing","Fiend Mod","Gensokyo","GifTheSpireLib","Hallownest","Hubris","JesterMod","KinomotoSakuraMod(????)","Koishi","Mari Mod (Legacy)","Mari\u0027s V1 Patch","Marisa????????","Minty Spire (QoL Compilation)","Pale of the Ancients","Permanent Neow","Reliquary","Replay The Spire","Robot Space Explorer","Shop Mod","Smile Girya","StSLib","Stuff the Spire","The Accelerator","The Construct","The Dragonkin","The Immortal","The Marked","The Mystic","The Saiyan","The Senshi","The Servant 0.9.4","TheSurvivalist","Uncapped","Wandering Minibosses","Wide Potions","Yakumo Yukari mod"],"gold_per_floor":[110,127,140,154,62,90,90,120,145,145,171,171,9,23,23],"floor_reached":14,"language":"ENG","playtime":1056,"items_purged":[],"score":113,"play_id":"ced3d0f5-f1c6-4b2d-86d6-3905943cd366","local_time":"20210213120300","daily_mods":["ControlledChaos"],"is_ascension_mode":true,"campfire_choices":[{"floor":7,"key":"REST"},{"floor":10,"key":"REST"}],"circlet_count":0,"master_deck":["ats:Strike C","ats:Strike G","ats:Strike S","ats:Strike V","ats:Armor Crushing Shot","ats:Defend","ats:Defend","ats:Defend","ats:Defend","ats:Emotion Absorption","ats:Song Of Battle+1","Flash of Steel","ats:Neurotoxin","ats:Soul Rend"],"relics":["ats:Sanity","Frozen Eye","ats:Originium","Replay:Bottled Flurry","reliquary:Stiletto","Replay:Bandana"],"acts_visited":["Exordium"],"potions_floor_usage":[4,8,8],"damage_taken":[{"damage":7,"enemies":"ats:Genji","floor":1,"turns":3},{"damage":4,"enemies":"Small Slimes","floor":2,"turns":4},{"damage":30,"enemies":"Cultist","floor":3,"turns":8},{"damage":16,"enemies":"3 Louse","floor":4,"turns":5},{"damage":36,"enemies":"3 Sentries","floor":6,"turns":5},{"damage":31,"enemies":"Gremlin Nob","floor":8,"turns":7},{"damage":31,"enemies":"3 Sentries","floor":11,"turns":6},{"damage":13,"enemies":"Lagavulin","floor":14,"turns":4}],"seed_played":"-6623428440302918275","potions_obtained":[{"floor":3,"key":"Death Potion"},{"floor":4,"key":"Block Potion"},{"floor":6,"key":"PowerPotion"},{"floor":8,"key":"Death Potion"}],"is_trial":true,"path_per_floor":["M","M","M","M","$","E","R","E","T","R","E","?","$","E"],"character_chosen":"DOCTOR_CLASS","items_purchased":["Flash of Steel","ats:Soul Rend"],"campfire_rested":2,"item_purchase_floors":[5,13],"current_hp_per_floor":[65,66,58,46,46,10,31,10,10,31,5,5,5,0,0],"gold":23,"neow_bonus":"","is_daily":false,"chose_seed":false,"campfire_upgraded":0,"win_rate":0.0,"timestamp":1613246580,"path_taken":["M","M","?","M","$","E","R","E","T","R","E","?","$","E"],"items_purchased_type":["Card","Card"],"build_version":"2020-12-22","purchased_purges":0,"victory":false,"max_hp_per_floor":[72,72,72,72,72,72,72,72,72,72,72,72,72,72,72],"card_choices":[{"not_picked":["ats:Blood Oath","ats:Cat Scratch","ats:Red Shift"],"picked":"SKIP","floor":1},{"not_picked":["ats:Hook Shot","ats:Closed Bolt Burst Fire","ats:Shell Defense"],"picked":"SKIP","floor":2},{"not_picked":["ats:Rat Pack","ats:Automatic Cover","ats:Overload"],"picked":"SKIP","floor":3},{"not_picked":["ats:Sword Rain","ats:Cat Scratch"],"picked":"ats:Song Of Battle","floor":4},{"not_picked":["ats:Flame Of Heaven","ats:Shadow Assault"],"picked":"ats:Neurotoxin","floor":6},{"not_picked":["ats:Explosion Area Strengthen","ats:Cat Scratch","ats:Apocalypse"],"picked":"SKIP","floor":8},{"not_picked":["ats:Red Shift","ats:Assault Order","ats:Guard Mode"],"picked":"SKIP","floor":11}],"player_experience":457296,"relics_obtained":[{"floor":6,"key":"ats:Originium"},{"floor":6,"key":"Replay:Bottled Flurry"},{"floor":8,"key":"ats:Originium"},{"floor":9,"key":"reliquary:Stiletto"},{"floor":11,"key":"ats:Originium"},{"floor":11,"key":"Replay:Bandana"}],"event_choices":[{"damage_healed":0,"gold_gain":0,"player_choice":"Upgraded","damage_taken":0,"max_hp_gain":0,"max_hp_loss":0,"event_name":"Upgrade Shrine","floor":12,"gold_loss":0,"cards_upgraded":["ats:Song Of Battle"]}],"is_beta":false,"boss_relics":[],"items_purged_floors":[],"is_endless":false,"potions_floor_spawned":[3,4,6,8],"killed_by":"Lagavulin","ascension_level":1}}