{"host":"8vqkh0x3c7vpgzzm","time":1613252670,"event":{"mods":["AchievementEnabler","BaseMod","Colored Map","Colored Powertips","Curses Come First","DeckTracker","Highlight Path","Minty Spire (QoL Compilation)","Permanent Neow","Quick Restart","Random Character Mod","Rare Cards Sparkle","Relic Sorter","Relic Stats","StSLib","SuperFastMode","Unceasing Turn Reminder","egg","everything is the same but u backflip on backflip"],"gold_per_floor":[11,25,25,0,0,339,339,358,358,389,52,76,76,116,116,214,214,238,39,39,54,54,54,70,105,132,132,173,173,193,135,135,231,231,250,225,225,239,255,255,294,294,366,366,404,47,71,90,90,90,90],"floor_reached":50,"language":"ENG","playtime":2970,"items_purged":["Strike_R","Strike_R","Searing Blow"],"score":1187,"play_id":"7d5dba7f-0580-4202-b872-4be15173b920","local_time":"20210213224430","is_ascension_mode":true,"campfire_choices":[{"data":"Apotheosis","floor":7,"key":"SMITH"},{"floor":13,"key":"REST"},{"floor":15,"key":"REST"},{"floor":23,"key":"REST"},{"floor":29,"key":"REST"},{"floor":32,"key":"RECALL"},{"floor":40,"key":"REST"},{"floor":42,"key":"REST"},{"floor":49,"key":"REST"}],"circlet_count":0,"master_deck":["AscendersBane","Bash","Apotheosis+1","Pommel Strike","Cleave","True Grit","Seeing Red","Clothesline","Mayhem","Metallicize","Shrug It Off","Fiend Fire","Havoc","Feel No Pain","Shrug It Off","Feel No Pain","Shrug It Off","Metallicize","Demon Form","Pommel Strike","Havoc","Berserk","Spot Weakness","Burning Pact","Seeing Red","Blood for Blood","Searing Blow","True Grit","Dark Embrace+1","Sword Boomerang","Warcry+1","Exhume"],"relics":["Burning Blood","Golden Idol","Gambling Chip","Old Coin","Bottled Lightning","Bottled Flame","Gremlin Horn","Fusion Hammer","Orichalcum","Nunchaku","Paper Frog","Singing Bowl","Pandora\u0027s Box","Bronze Scales","Pear","Juzu Bracelet","Membership Card","Mummified Hand"],"acts_visited":["Exordium","TheCity","TheBeyond"],"potions_floor_usage":[10,12,28,39,41,50],"damage_taken":[{"damage":6,"enemies":"2 Louse","floor":1,"turns":4},{"damage":3,"enemies":"Small Slimes","floor":2,"turns":3},{"damage":27,"enemies":"Gremlin Nob","floor":6,"turns":4},{"damage":0,"enemies":"Cultist","floor":8,"turns":3},{"damage":17,"enemies":"3 Sentries","floor":10,"turns":6},{"damage":0,"enemies":"Red Slaver","floor":12,"turns":4},{"damage":26,"enemies":"Gremlin Nob","floor":14,"turns":4},{"damage":33,"enemies":"Hexaghost","floor":16,"turns":11},{"damage":12,"enemies":"Spheric Guardian","floor":18,"turns":4},{"damage":2,"enemies":"3 Byrds","floor":21,"turns":6},{"damage":31,"enemies":"Snake Plant","floor":24,"turns":5},{"damage":0,"enemies":"Gremlin Leader","floor":25,"turns":6},{"damage":10,"enemies":"Book of Stabbing","floor":28,"turns":6},{"damage":0,"enemies":"Chosen and Byrds","floor":30,"turns":7},{"damage":7,"enemies":"Champ","floor":33,"turns":8},{"damage":26,"enemies":"3 Darklings","floor":35,"turns":5},{"damage":0,"enemies":"Orb Walker","floor":38,"turns":2},{"damage":27,"enemies":"3 Darklings","floor":39,"turns":4},{"damage":61,"enemies":"Reptomancer","floor":41,"turns":4},{"damage":13,"enemies":"Nemesis","floor":45,"turns":5},{"damage":1,"enemies":"Sphere and 2 Shapes","floor":47,"turns":3},{"damage":2,"enemies":"Transient","floor":48,"turns":6},{"damage":0,"enemies":"Donu and Deca","floor":50,"turns":5}],"seed_played":"3562958520874146401","potions_obtained":[{"floor":2,"key":"BloodPotion"},{"floor":6,"key":"Explosive Potion"},{"floor":10,"key":"Block Potion"},{"floor":16,"key":"BlessingOfTheForge"},{"floor":25,"key":"PowerPotion"},{"floor":35,"key":"Strength Potion"},{"floor":37,"key":"DistilledChaos"},{"floor":45,"key":"Dexterity Potion"},{"floor":48,"key":"Swift Potion"}],"is_trial":false,"path_per_floor":["M","M","?","$","?","E","R","M","T","E","$","M","R","E","R","B",null,"M","$","?","M","?","R","M","E","T","T","E","R","M","$","R","B",null,"M","$","?","M","M","R","E","R","T","?","E","$","M","M","R","B"],"character_chosen":"IRONCLAD","items_purchased":["True Grit","Mayhem","Metallicize","Feel No Pain","Shrug It Off","Havoc","Sword Boomerang","Membership Card","Mummified Hand"],"campfire_rested":7,"item_purchase_floors":[4,11,11,19,19,31,36,46,46],"current_hp_per_floor":[68,71,68,68,68,47,47,53,53,42,42,48,68,48,68,41,61,55,55,55,59,59,68,43,49,49,49,45,65,68,68,68,67,68,48,48,48,56,35,56,17,38,48,48,41,41,48,54,78,78,78],"gold":90,"neow_bonus":"RANDOM_COLORLESS_2","is_daily":false,"chose_seed":false,"campfire_upgraded":1,"win_rate":0.0,"timestamp":1613252670,"path_taken":["M","M","?","$","?","E","R","?","T","E","$","M","R","E","R","BOSS","M","$","?","M","?","R","M","E","T","?","E","R","M","?","R","BOSS","M","$","?","?","M","R","E","R","T","?","E","$","M","M","R","BOSS"],"items_purchased_type":["Card","Card","Card","Card","Card","Card","Card","Relic","Relic"],"build_version":"2020-12-22","purchased_purges":3,"victory":false,"max_hp_per_floor":[75,75,68,68,68,68,68,68,68,68,68,68,68,68,68,68,68,68,68,68,68,68,68,68,68,68,68,68,68,68,68,68,68,68,68,68,68,70,70,70,72,72,82,78,78,78,80,82,82,82,82],"relic_stats":{"Gremlin Horn":[22,22],"Singing Bowl":8,"counters":[23,115],"Golden Idol":135,"Juzu Bracelet":0,"Orichalcum":[42],"Burning Blood":129,"Nunchaku":[12],"Mummified Hand":[29],"Gambling Chip":[32],"Bronze Scales":[41],"Pandora\u0027s Box":["Searing Blow","Spot Weakness","Burning Pact","Seeing Red","Blood for Blood","Searing Blow","True Grit"],"obtain_stats":[{"Pear":43,"Gremlin Horn":14,"Singing Bowl":28,"Golden Idol":3,"Juzu Bracelet":45,"Orichalcum":25,"Burning Blood":0,"Old Coin":6,"Bottled Flame":10,"Nunchaku":26,"Mummified Hand":46,"Gambling Chip":5,"Bronze Scales":41,"Pandora\u0027s Box":34,"Fusion Hammer":17,"Bottled Lightning":9,"Membership Card":46,"Paper Frog":27},{"Pear":19,"Gremlin Horn":7,"Singing Bowl":13,"Golden Idol":2,"Juzu Bracelet":20,"Orichalcum":12,"Burning Blood":0,"Old Coin":3,"Bottled Flame":5,"Nunchaku":12,"Mummified Hand":20,"Gambling Chip":2,"Bronze Scales":19,"Pandora\u0027s Box":15,"Fusion Hammer":8,"Bottled Lightning":4,"Membership Card":20,"Paper Frog":12},{"Pear":96,"Gremlin Horn":28,"Singing Bowl":66,"Golden Idol":7,"Juzu Bracelet":101,"Orichalcum":60,"Burning Blood":0,"Old Coin":11,"Bottled Flame":20,"Nunchaku":60,"Mummified Hand":101,"Gambling Chip":7,"Bronze Scales":96,"Pandora\u0027s Box":81,"Fusion Hammer":39,"Bottled Lightning":14,"Membership Card":101,"Paper Frog":60}]},"card_choices":[{"not_picked":["Panache","Transmutation"],"picked":"Apotheosis","floor":0},{"not_picked":["Blood for Blood","Flex"],"picked":"Pommel Strike","floor":1},{"not_picked":["Infernal Blade","Rupture"],"picked":"Cleave","floor":2},{"not_picked":["Body Slam","True Grit"],"picked":"Seeing Red","floor":6},{"not_picked":["Cleave","True Grit"],"picked":"Clothesline","floor":8},{"not_picked":["Headbutt","Cleave","Intimidate"],"picked":"SKIP","floor":10},{"not_picked":["Rage","Searing Blow","Rampage"],"picked":"SKIP","floor":12},{"not_picked":["Dropkick","Combust"],"picked":"Shrug It Off","floor":14},{"not_picked":["Bludgeon","Berserk"],"picked":"Fiend Fire","floor":16},{"not_picked":["Headbutt","Rampage"],"picked":"Havoc","floor":18},{"not_picked":["Armaments","Reckless Charge"],"picked":"Feel No Pain","floor":21},{"not_picked":["Heavy Blade","Searing Blow"],"picked":"Shrug It Off","floor":24},{"not_picked":["Warcry","Cleave"],"picked":"Metallicize","floor":25},{"not_picked":["Blood for Blood","Clothesline"],"picked":"Demon Form","floor":28},{"not_picked":["Seeing Red","Wild Strike"],"picked":"Pommel Strike","floor":30},{"not_picked":["Fiend Fire","Bludgeon"],"picked":"Berserk","floor":33},{"not_picked":["Metallicize","Iron Wave"],"picked":"Dark Embrace+1","floor":35},{"not_picked":["Warcry","Sword Boomerang","True Grit"],"picked":"Singing Bowl","floor":38},{"not_picked":["Anger","Clothesline+1"],"picked":"Warcry+1","floor":39},{"not_picked":["Iron Wave+1","True Grit","Metallicize"],"picked":"Singing Bowl","floor":41},{"not_picked":["Iron Wave","Warcry"],"picked":"Exhume","floor":45},{"not_picked":["Shrug It Off","Heavy Blade","Cleave"],"picked":"Singing Bowl","floor":47},{"not_picked":["Double Tap","Havoc","Seeing Red"],"picked":"Singing Bowl","floor":48}],"player_experience":541721,"relics_obtained":[{"floor":5,"key":"Gambling Chip"},{"floor":6,"key":"Old Coin"},{"floor":9,"key":"Bottled Lightning"},{"floor":10,"key":"Bottled Flame"},{"floor":14,"key":"Gremlin Horn"},{"floor":25,"key":"Orichalcum"},{"floor":26,"key":"Nunchaku"},{"floor":27,"key":"Paper Frog"},{"floor":28,"key":"Singing Bowl"},{"floor":41,"key":"Bronze Scales"},{"floor":43,"key":"Pear"},{"floor":45,"key":"Juzu Bracelet"}],"event_choices":[{"damage_healed":0,"gold_gain":0,"player_choice":"Lose Max HP","damage_taken":0,"relics_obtained":["Golden Idol"],"max_hp_gain":0,"max_hp_loss":7,"event_name":"Golden Idol","floor":3,"gold_loss":0},{"damage_healed":0,"gold_gain":0,"player_choice":"Relic","damage_taken":0,"max_hp_gain":0,"max_hp_loss":0,"event_name":"Wheel of Change","floor":5,"gold_loss":0},{"damage_healed":0,"gold_gain":0,"player_choice":"Ignored","damage_taken":0,"max_hp_gain":0,"max_hp_loss":0,"event_name":"Ghosts","floor":20,"gold_loss":0},{"damage_healed":0,"gold_gain":0,"player_choice":"Got Potions","damage_taken":0,"max_hp_gain":0,"max_hp_loss":0,"event_name":"Lab","floor":37,"gold_loss":0},{"damage_healed":0,"gold_gain":0,"player_choice":"Max HP","damage_taken":0,"max_hp_gain":0,"max_hp_loss":4,"event_name":"Winding Halls","floor":44,"gold_loss":0}],"is_beta":false,"boss_relics":[{"not_picked":["Calling Bell","Empty Cage"],"picked":"Fusion Hammer"},{"not_picked":["Velvet Choker","SacredBark"],"picked":"Pandora\u0027s Box"}],"items_purged_floors":[11,19,46],"is_endless":false,"potions_floor_spawned":[2,6,10,16,24,25,35,45,48],"killed_by":"Donu and Deca","ascension_level":20}}