{"host":"hw9lt6p3yhr90vz0","time":1613195219,"event":{"mods":["BaseMod","DeckTracker","Minty Spire (QoL Compilation)","Relic Stats"],"gold_per_floor":[112,127,144,154,171,171,171,202,202,202,212,222,222,235,235,337,337,354,453,453,470,395,395,421,421,421,421,448,459,475,475,475],"floor_reached":31,"language":"ENG","playtime":3176,"items_purged":["Regret"],"score":413,"play_id":"91e33de5-732f-4525-97a8-37725a9b6270","local_time":"20210213004659","is_ascension_mode":true,"campfire_choices":[{"floor":6.0,"key":"RECALL"},{"floor":10.0,"key":"REST"},{"floor":13.0,"key":"REST"},{"data":"Searing Blow","floor":15.0,"key":"SMITH"},{"floor":23,"key":"REST"},{"data":"Limit Break","floor":25,"key":"SMITH"}],"circlet_count":0,"master_deck":["Strike_R","Strike_R","Strike_R","Strike_R","Strike_R","Defend_R","Defend_R","Defend_R","Defend_R","Bash","Searing Blow+1","Battle Trance","Spot Weakness","Fire Breathing","Armaments","Cleave","Limit Break+1","Heavy Blade"],"relics":["Burning Blood","Singing Bowl","Paper Frog","Gremlin Horn","Mark of Pain","Pear","Prayer Wheel","Pantograph","Bag of Marbles"],"acts_visited":["Exordium","TheCity"],"potions_floor_usage":[28,30],"damage_taken":[{"damage":6.0,"enemies":"Cultist","floor":1.0,"turns":4.0},{"damage":1.0,"enemies":"2 Louse","floor":2.0,"turns":2.0},{"damage":7.0,"enemies":"Small Slimes","floor":3.0,"turns":3.0},{"damage":24.0,"enemies":"Exordium Wildlife","floor":4.0,"turns":5.0},{"damage":9.0,"enemies":"Red Slaver","floor":5.0,"turns":5.0},{"damage":23.0,"enemies":"Gremlin Nob","floor":8.0,"turns":4.0},{"damage":44.0,"enemies":"Exordium Thugs","floor":11.0,"turns":6.0},{"damage":14.0,"enemies":"Looter","floor":12.0,"turns":3.0},{"damage":11.0,"enemies":"Exordium Wildlife","floor":14.0,"turns":5.0},{"damage":5.0,"enemies":"Slime Boss","floor":16.0,"turns":6.0},{"damage":22.0,"enemies":"Chosen","floor":18.0,"turns":5.0},{"damage":32,"enemies":"Shell Parasite","floor":21,"turns":5},{"damage":23,"enemies":"Gremlin Leader","floor":24,"turns":5},{"damage":62,"enemies":"Book of Stabbing","floor":28,"turns":5},{"damage":23,"enemies":"Cultist and Chosen","floor":29,"turns":5},{"damage":20,"enemies":"Snecko","floor":30,"turns":4},{"damage":12,"enemies":"3 Cultists","floor":31,"turns":2}],"seed_played":"5445723341927233248","potions_obtained":[{"floor":3.0,"key":"AttackPotion"},{"floor":5.0,"key":"LiquidMemories"},{"floor":11.0,"key":"Explosive Potion"},{"floor":12.0,"key":"LiquidMemories"},{"floor":14.0,"key":"AttackPotion"},{"floor":24,"key":"BloodPotion"},{"floor":28,"key":"Explosive Potion"}],"is_trial":false,"path_per_floor":["M","M","M","M","M","R","?","E","T","R","M","M","R","M","R","B",null,"M","?","?","M","$","R","E","R","T","T","E","M","M","M"],"character_chosen":"IRONCLAD","items_purchased":[],"campfire_rested":3,"item_purchase_floors":[],"current_hp_per_floor":[80,85,84,66,63,63,63,46,46,72,36,30,57,52,52,53,82,66,66,76,52,52,83,68,68,68,68,35,22,12,0,0],"gold":475,"neow_bonus":"TEN_PERCENT_HP_BONUS","is_daily":false,"chose_seed":false,"campfire_upgraded":2,"win_rate":0.0,"timestamp":1613195219,"path_taken":["M","M","M","?","M","R","?","E","T","R","M","M","R","M","R","BOSS","M","?","?","?","?","R","E","R","T","?","E","M","?","M"],"items_purchased_type":[],"build_version":"2020-12-22","purchased_purges":1,"victory":false,"max_hp_per_floor":[88,88,88,88,88,88,88,88,88,88,90,92,92,92,92,92,92,92,92,102,104,104,104,106,106,106,106,108,112,116,116,116],"relic_stats":{"Singing Bowl":18,"Gremlin Horn":[9,10],"counters":[17,74],"Pantograph":0,"Prayer Wheel":2,"obtain_stats":[{"Pear":20,"Singing Bowl":7,"Gremlin Horn":9,"Pantograph":27,"Prayer Wheel":24,"Mark of Pain":17,"Bag of Marbles":28,"Burning Blood":0,"Paper Frog":8},{"Pear":11,"Singing Bowl":5,"Gremlin Horn":6,"Pantograph":13,"Prayer Wheel":13,"Mark of Pain":10,"Bag of Marbles":14,"Burning Blood":0,"Paper Frog":6},{"Pear":48,"Singing Bowl":19,"Gremlin Horn":23,"Pantograph":58,"Prayer Wheel":58,"Mark of Pain":43,"Bag of Marbles":63,"Burning Blood":0,"Paper Frog":23}],"Burning Blood":96},"card_choices":[{"not_picked":["Clash","Anger"],"picked":"Searing Blow","floor":1.0},{"not_picked":["Infernal Blade","Clothesline"],"picked":"Battle Trance","floor":2.0},{"not_picked":["Headbutt","Shrug It Off"],"picked":"Spot Weakness","floor":3.0},{"not_picked":["Iron Wave","Burning Pact"],"picked":"Fire Breathing","floor":4.0},{"not_picked":["Iron Wave","Anger"],"picked":"Flex","floor":5.0},{"not_picked":["Seeing Red","Second Wind"],"picked":"Armaments","floor":8.0},{"not_picked":["True Grit","Warcry","Bludgeon"],"picked":"Singing Bowl","floor":11.0},{"not_picked":["Infernal Blade","Headbutt","Rage"],"picked":"Singing Bowl","floor":12.0},{"not_picked":["Burning Pact","Headbutt"],"picked":"Cleave","floor":14.0},{"not_picked":["Fiend Fire","Bludgeon"],"picked":"Limit Break","floor":16.0},{"not_picked":["Uppercut+1","True Grit"],"picked":"Heavy Blade","floor":18.0},{"not_picked":["Havoc+1","Sword Boomerang+1","True Grit"],"picked":"Singing Bowl","floor":21},{"not_picked":["Heavy Blade","Fiend Fire","Entrench"],"picked":"Singing Bowl","floor":24},{"not_picked":["Inflame","Flex","Clothesline"],"picked":"Singing Bowl","floor":28},{"not_picked":["Intimidate+1","Blood for Blood+1","Havoc+1"],"picked":"Singing Bowl","floor":29},{"not_picked":["Perfected Strike+1","Iron Wave","Brutality"],"picked":"Singing Bowl","floor":29},{"not_picked":["Cleave","Uppercut+1","Pummel+1"],"picked":"Singing Bowl","floor":30},{"not_picked":["Clothesline+1","Body Slam","Rupture"],"picked":"Singing Bowl","floor":30}],"player_experience":1435451,"relics_obtained":[{"floor":8.0,"key":"Paper Frog"},{"floor":9.0,"key":"Gremlin Horn"},{"floor":24,"key":"Prayer Wheel"},{"floor":27,"key":"Pantograph"},{"floor":28,"key":"Bag of Marbles"}],"event_choices":[{"damage_healed":0.0,"max_hp_gain":0.0,"max_hp_loss":0.0,"gold_gain":0.0,"event_name":"Big Fish","player_choice":"Box","floor":7.0,"gold_loss":0.0,"damage_taken":0.0,"relics_obtained":["Singing Bowl"],"cards_obtained":["Regret"]},{"damage_healed":0.0,"max_hp_gain":0.0,"max_hp_loss":0.0,"gold_gain":99.0,"event_name":"Nest","player_choice":"Stole From Cult","floor":19.0,"gold_loss":0.0,"damage_taken":0.0},{"cards_removed":["Flex"],"damage_healed":0.0,"max_hp_gain":0.0,"max_hp_loss":0.0,"gold_gain":0.0,"event_name":"WeMeetAgain","player_choice":"Gave Card","floor":20.0,"gold_loss":0.0,"damage_taken":0.0,"relics_obtained":["Pear"]}],"is_beta":false,"boss_relics":[{"not_picked":["Ectoplasm","SacredBark"],"picked":"Mark of Pain"}],"items_purged_floors":[22],"is_endless":false,"potions_floor_spawned":[3,5,11,12,14,24,28],"killed_by":"3 Cultists","ascension_level":6}}