{"host":"y76clbnovzmw9ubx","time":1613255664,"event":{"mods":["AchievementEnabler","BaseMod","Minty Spire (QoL Compilation)","Permanent Neow","Relic Stats"],"gold_per_floor":[119,132,132,144,12,31,31,66,92,92,92],"floor_reached":10,"language":"ENG","playtime":711,"items_purged":["Strike_G"],"score":136,"play_id":"80cd64d5-1f24-48cc-98aa-a88c3ec47eaa","local_time":"20210213173424","is_ascension_mode":true,"campfire_choices":[{"floor":7,"key":"REST"}],"circlet_count":0,"master_deck":["AscendersBane","Strike_G","Strike_G","Strike_G","Defend_G","Defend_G","Defend_G","Defend_G+1","Defend_G","Survivor","Neutralize","Calculated Gamble","Dash+1","Slice","Dagger Throw","Corpse Explosion","Skewer"],"relics":["Ring of the Snake","Bag of Preparation"],"acts_visited":["Exordium"],"potions_floor_usage":[8,10],"damage_taken":[{"damage":4,"enemies":"Small Slimes","floor":1,"turns":5},{"damage":0,"enemies":"2 Louse","floor":2,"turns":3},{"damage":0,"enemies":"Jaw Worm","floor":4,"turns":4},{"damage":3,"enemies":"2 Fungi Beasts","floor":6,"turns":5},{"damage":26,"enemies":"Lagavulin","floor":8,"turns":8},{"damage":28,"enemies":"Gremlin Nob","floor":10,"turns":3}],"seed_played":"-4613486127948252107","potions_obtained":[{"floor":4,"key":"CultistPotion"}],"is_trial":false,"path_per_floor":["M","M","?","M","$","M","R","E","T","E"],"character_chosen":"THE_SILENT","items_purchased":["Strength Potion"],"campfire_rested":1,"item_purchase_floors":[5],"current_hp_per_floor":[55,55,35,35,35,32,51,25,25,0,0],"gold":92,"neow_bonus":"TRANSFORM_CARD","is_daily":false,"chose_seed":false,"campfire_upgraded":0,"win_rate":0.0,"timestamp":1613255664,"path_taken":["M","M","?","M","$","M","R","E","T","E"],"items_purchased_type":["Potion"],"build_version":"2020-12-22","purchased_purges":1,"victory":false,"max_hp_per_floor":[66,66,66,66,66,66,66,66,66,66,66],"relic_stats":{"counters":[6,28],"Bag of Preparation":[2],"obtain_stats":[{"Bag of Preparation":8,"Ring of the Snake":0},{"Bag of Preparation":5,"Ring of the Snake":0},{"Bag of Preparation":25,"Ring of the Snake":0}],"Ring of the Snake":[12]},"card_choices":[{"not_picked":["Dagger Throw","Reflex"],"picked":"Dash","floor":1},{"not_picked":["Deflect","Dodge and Roll"],"picked":"Slice","floor":2},{"not_picked":["Cloak And Dagger","PiercingWail"],"picked":"Dagger Throw","floor":4},{"not_picked":["Backflip","Dagger Throw"],"picked":"Corpse Explosion","floor":6},{"not_picked":["Eviscerate","Prepared"],"picked":"Skewer","floor":8}],"player_experience":3236053,"relics_obtained":[{"floor":8,"key":"Bag of Preparation"}],"event_choices":[{"damage_healed":0,"gold_gain":0,"player_choice":"Entered Light","damage_taken":20,"max_hp_gain":0,"max_hp_loss":0,"event_name":"Shining Light","floor":3,"gold_loss":0,"cards_upgraded":["Defend_G","Dash"]}],"is_beta":false,"boss_relics":[],"items_purged_floors":[5],"is_endless":false,"potions_floor_spawned":[4],"killed_by":"Gremlin Nob","ascension_level":20}}