{"host":"bvp2uifzy1c463d9","time":1613200800,"event":{"mods":["AchievementEnabler","BaseMod","Block Reminder","Bossed Relics","ChefMod","Colored Map","Colored Powertips","Energized Spire","Hermit","Highlight Path","Hubris","Infinite Spire","Minty Spire (QoL Compilation)","Random Character Button","Relic Sorter","Relic Stats","Reliquary","Replay The Spire","StSLib","The Blue Laboratory","The Jungle","The Servant 0.9.4","Wandering Minibosses"],"gold_per_floor":[115,61,61,61,61,61,92,17,17,27,58,71,110,53,53,159,159,180,193,223,231,231],"floor_reached":21,"language":"ENG","playtime":741,"items_purged":["hermit:Strike_Hermit"],"score":299,"play_id":"0755e109-a1d5-432b-a257-89114733b976","local_time":"20210213012000","is_ascension_mode":true,"campfire_choices":[{"data":"hermit:BigShot","floor":6,"key":"SMITH"},{"data":"hermit:CursedWeapon","floor":15,"key":"SMITH"}],"circlet_count":0,"master_deck":["hermit:Strike_Hermit","hermit:Strike_Hermit","hermit:Strike_Hermit","hermit:Defend_Hermit","hermit:Defend_Hermit","hermit:Defend_Hermit","hermit:Defend_Hermit","hermit:Snapshot","hermit:Covet","hermit:BigShot+1","hermit:EyeOfTheStorm+1","hermit:GoldenBullet","hermit:TrackingShot","hermit:Headshot","hermit:Quickdraw","hermit:Gambit","hermit:CursedWeapon+1","hermit:OverwhelmingPower","hermit:GhostlyPresence","hermit:Ricochet","hermit:WideOpen"],"relics":["PureWater","NeowsBlessing","infinitespire:Cubic Diamond","infinitespire:Golems Mask","The Courier","infinitespire:Midas Blood","Akabeko","Black Star"],"acts_visited":["Exordium","TheCity"],"potions_floor_usage":[12,16,20,21],"damage_taken":[{"damage":0,"enemies":"Jaw Worm","floor":1,"turns":1},{"damage":0,"enemies":"Gremlin Nob","floor":7,"turns":1},{"damage":0,"enemies":"Small Slimes","floor":10,"turns":1},{"damage":4,"enemies":"3 Sentries","floor":11,"turns":7},{"damage":0,"enemies":"Cultist","floor":12,"turns":1},{"damage":25,"enemies":"Lagavulin","floor":13,"turns":6},{"damage":2,"enemies":"Slime Boss","floor":16,"turns":5},{"damage":18,"enemies":"Shell Parasite","floor":18,"turns":3},{"damage":2,"enemies":"Chosen","floor":19,"turns":3},{"damage":41,"enemies":"Snecko","floor":20,"turns":5},{"damage":22,"enemies":"Snake Plant","floor":21,"turns":2}],"seed_played":"-7789992012130391087","potions_obtained":[{"floor":5,"key":"Ancient Potion"},{"floor":5,"key":"blueLaboratory:HorrorPotion"},{"floor":5,"key":"EssenceOfSteel"},{"floor":10,"key":"FearPotion"},{"floor":13,"key":"blueLaboratory:NullPotion"},{"floor":16,"key":"blueLaboratory:HorrorPotion"}],"is_trial":false,"path_per_floor":["M","$","?","?","?","R","E","$","T","M","E","M","E","$","R","B",null,"M","M","M","M"],"character_chosen":"HERMIT","items_purchased":["hermit:EyeOfTheStorm+1","hermit:CursedWeapon"],"campfire_rested":0,"item_purchase_floors":[2,14],"current_hp_per_floor":[75,75,75,80,80,80,80,80,80,80,76,76,51,51,51,49,80,62,60,19,0,0],"gold":231,"neow_bonus":"THREE_ENEMY_KILL","is_daily":false,"chose_seed":false,"campfire_upgraded":2,"win_rate":0.0,"timestamp":1613200800,"path_taken":["M","$","?","?","?","R","E","$","T","M","E","?","E","?","R","BOSS","M","M","?","?"],"items_purchased_type":["Card","Card"],"build_version":"2020-12-22","purchased_purges":1,"victory":false,"max_hp_per_floor":[75,75,75,80,80,80,80,80,80,80,80,80,80,80,80,80,80,80,80,80,80,80],"relic_stats":{"counters":[11,35],"Black Star":0,"obtain_stats":[{"NeowsBlessing":0,"infinitespire:Golems Mask":7,"infinitespire:Cubic Diamond":3,"The Courier":9,"Black Star":17,"PureWater":3,"hermit:Momento":0,"Akabeko":13,"infinitespire:Midas Blood":11},{"NeowsBlessing":0,"infinitespire:Golems Mask":2,"infinitespire:Cubic Diamond":1,"The Courier":2,"Black Star":7,"PureWater":1,"hermit:Momento":0,"Akabeko":6,"infinitespire:Midas Blood":4},{"NeowsBlessing":0,"infinitespire:Golems Mask":2,"infinitespire:Cubic Diamond":1,"The Courier":2,"Black Star":22,"PureWater":1,"hermit:Momento":0,"Akabeko":17,"infinitespire:Midas Blood":10}]},"card_choices":[{"not_picked":["hermit:Ricochet","hermit:SprayPray"],"picked":"hermit:BigShot","floor":1},{"not_picked":["hermit:Horror","hermit:Misfire"],"picked":"hermit:GoldenBullet","floor":7},{"not_picked":["hermit:Dive","hermit:Gestalt"],"picked":"hermit:TrackingShot","floor":10},{"not_picked":["hermit:BlackWind","hermit:EternalForm"],"picked":"hermit:Headshot","floor":11},{"not_picked":["hermit:Desperado","hermit:GoldenBullet"],"picked":"hermit:Quickdraw","floor":12},{"not_picked":["hermit:Brawl","hermit:Manifest"],"picked":"hermit:Gambit","floor":13},{"not_picked":["hermit:Purgatory","hermit:Magnum"],"picked":"hermit:OverwhelmingPower","floor":16},{"not_picked":["hermit:Coalescence","hermit:Spite"],"picked":"hermit:GhostlyPresence","floor":18},{"not_picked":["hermit:Feint","hermit:Desperado+1"],"picked":"hermit:Ricochet","floor":19},{"not_picked":["hermit:TrackingShot","hermit:ItchyTrigger"],"picked":"hermit:WideOpen","floor":20}],"player_experience":331591,"relics_obtained":[{"floor":7,"key":"infinitespire:Golems Mask"},{"floor":9,"key":"The Courier"},{"floor":11,"key":"infinitespire:Midas Blood"},{"floor":13,"key":"Akabeko"}],"event_choices":[{"damage_healed":0,"gold_gain":0,"player_choice":"Donut","damage_taken":0,"max_hp_gain":5,"max_hp_loss":0,"event_name":"Big Fish","floor":4,"gold_loss":0},{"damage_healed":0,"gold_gain":0,"player_choice":"Got Potions","damage_taken":0,"max_hp_gain":0,"max_hp_loss":0,"event_name":"Lab","floor":5,"gold_loss":0}],"is_beta":false,"boss_relics":[{"not_picked":["Astrolabe","energizedSpire:DeadBattery"],"picked":"Black Star"}],"items_purged_floors":[8],"is_endless":false,"potions_floor_spawned":[10,13,16,19],"killed_by":"Snake Plant","ascension_level":2}}