{"host":"baymyijz6sxaqj5s","time":1613215296,"event":{"mods":["AchievementEnabler","BaseMod","Colored Map","Colored Powertips","DeckTracker","Highlight Path","KOR Keyword Fix","Keyboard Shortcuts","Minty Spire (QoL Compilation)","StSLib","SuperFastMode","everything is the same but u backflip on backflip"],"gold_per_floor":[109,120,120,136,67,67,85,96,96,28,28,38,38,58,58,163,163,178,103,113,113,113,113,144,155,231,231,231],"floor_reached":27,"language":"KOR","playtime":940,"items_purged":["Strike_R"],"score":259,"play_id":"14dc671e-ac4b-41c8-a50f-66ce81f7723d","local_time":"20210213202136","is_ascension_mode":true,"campfire_choices":[{"data":"Body Slam","floor":6,"key":"SMITH"},{"data":"Seeing Red","floor":11,"key":"SMITH"},{"floor":15,"key":"REST"},{"data":"Armaments","floor":23,"key":"SMITH"}],"circlet_count":0,"master_deck":["Strike_R","Strike_R","Strike_R","Strike_R","Defend_R","Defend_R","Defend_R","Defend_R","Bash","Body Slam+1","Spot Weakness","Armaments+1","Inflame","Seeing Red+1","Flame Barrier","Demon Form"],"relics":["Burning Blood","White Beast Statue","Nunchaku","Runic Pyramid","Bottled Tornado","Sundial"],"acts_visited":["Exordium","TheCity"],"potions_floor_usage":[16,20,24,24,24,24,24,24,25,27],"damage_taken":[{"damage":1,"enemies":"2 Louse","floor":1,"turns":4},{"damage":6,"enemies":"Cultist","floor":2,"turns":4},{"damage":17,"enemies":"Small Slimes","floor":4,"turns":5},{"damage":11,"enemies":"2 Fungi Beasts","floor":7,"turns":4},{"damage":16,"enemies":"Blue Slaver","floor":8,"turns":4},{"damage":8,"enemies":"Red Slaver","floor":12,"turns":3},{"damage":10,"enemies":"3 Louse","floor":14,"turns":4},{"damage":53,"enemies":"The Guardian","floor":16,"turns":12},{"damage":13,"enemies":"Shell Parasite","floor":18,"turns":7},{"damage":8,"enemies":"3 Byrds","floor":20,"turns":2},{"damage":54,"enemies":"Gremlin Leader","floor":24,"turns":7},{"damage":23,"enemies":"Sentry and Sphere","floor":25,"turns":6},{"damage":20,"enemies":"Snecko","floor":27,"turns":4}],"seed_played":"7327021599829648871","potions_obtained":[{"floor":3,"key":"Strength Potion"},{"floor":3,"key":"Explosive Potion"},{"floor":3,"key":"EssenceOfSteel"},{"floor":4,"key":"LiquidBronze"},{"floor":16,"key":"EntropicBrew"},{"floor":20,"key":"PowerPotion"},{"floor":24,"key":"Fire Potion"},{"floor":25,"key":"ColorlessPotion"}],"is_trial":false,"path_per_floor":["M","M","?","M","$","R","M","M","T","$","R","M","?","M","R","B",null,"M","$","M","?","?","R","E","M","T","M"],"character_chosen":"IRONCLAD","items_purchased":["Inflame","Flame Barrier"],"campfire_rested":1,"item_purchase_floors":[5,10],"current_hp_per_floor":[88,88,88,77,77,77,72,62,62,62,62,60,60,56,82,35,88,81,81,79,79,79,79,31,14,14,0,0],"gold":231,"neow_bonus":"TEN_PERCENT_HP_BONUS","is_daily":false,"chose_seed":false,"campfire_upgraded":3,"win_rate":0.0,"timestamp":1613215296,"path_taken":["M","M","?","M","$","R","M","M","T","?","R","?","?","M","R","BOSS","M","?","M","?","?","R","E","M","T","M"],"items_purchased_type":["Card","Card"],"build_version":"2020-12-22","purchased_purges":1,"victory":false,"max_hp_per_floor":[88,88,88,88,88,88,88,88,88,88,88,88,88,88,88,88,88,88,88,88,88,88,88,88,88,88,88,88],"card_choices":[{"not_picked":["Anger","Battle Trance"],"picked":"Body Slam","floor":1},{"not_picked":["Shrug It Off","Flex"],"picked":"Spot Weakness","floor":2},{"not_picked":["Pommel Strike","Flex"],"picked":"Armaments","floor":4},{"not_picked":["Cleave","Iron Wave","Warcry"],"picked":"SKIP","floor":7},{"not_picked":["Power Through","Warcry"],"picked":"Seeing Red","floor":8},{"not_picked":["Brutality","Perfected Strike"],"picked":"Entrench","floor":12},{"not_picked":["Clash","Body Slam","Dropkick"],"picked":"SKIP","floor":14},{"not_picked":["Impervious","Exhume"],"picked":"Demon Form","floor":16},{"not_picked":["Iron Wave","Metallicize","Cleave"],"picked":"SKIP","floor":18},{"not_picked":["Warcry","Intimidate+1","Headbutt+1"],"picked":"SKIP","floor":20},{"not_picked":["True Grit","Anger","Iron Wave"],"picked":"SKIP","floor":24},{"not_picked":["Pommel Strike","Disarm","Pummel"],"picked":"SKIP","floor":25}],"player_experience":91546,"relics_obtained":[{"floor":9,"key":"White Beast Statue"},{"floor":24,"key":"Bottled Tornado"},{"floor":26,"key":"Sundial"}],"event_choices":[{"damage_healed":0,"gold_gain":0,"player_choice":"Got Potions","damage_taken":0,"max_hp_gain":0,"max_hp_loss":0,"event_name":"Lab","floor":3,"gold_loss":0},{"cards_removed":["Entrench"],"damage_healed":0,"gold_gain":0,"player_choice":"Gave Card","damage_taken":0,"relics_obtained":["Nunchaku"],"max_hp_gain":0,"max_hp_loss":0,"event_name":"WeMeetAgain","floor":13,"gold_loss":0},{"damage_healed":0,"gold_gain":0,"player_choice":"Ignored","damage_taken":0,"max_hp_gain":0,"max_hp_loss":0,"event_name":"Vampires","floor":21,"gold_loss":0},{"damage_healed":0,"gold_gain":0,"player_choice":"Ignored","damage_taken":0,"max_hp_gain":0,"max_hp_loss":0,"event_name":"The Mausoleum","floor":22,"gold_loss":0}],"is_beta":false,"boss_relics":[{"not_picked":["Mark of Pain","Fusion Hammer"],"picked":"Runic Pyramid"}],"items_purged_floors":[19],"is_endless":false,"potions_floor_spawned":[4,8,12,14,16,18,20,24,25],"killed_by":"Snecko","ascension_level":3}}