{"host":"cbu6enf2xtq4r7r3","time":1613258671,"event":{"mods":["2.2 Compatiblity","AlwaysNeverKeys","BaseMod","Better Match","Better Note","Better Sensory Stone","Better Skull","Better Third Choice","Colored Map","Colored Powertips","Defuse TimeMaze Blight","Emptier Cage","Minty Spire (QoL Compilation)","Permanent Neow","Quick Restart","Random Character Button","Relic Sorter","Reorder Act Four","Shop Mod","StSLib"],"gold_per_floor":[109,109,124,138,138,138,173,173,173,173,203,213,288,618,618,721,721,740,740,516,530,530,530,572,572,618,618,618],"floor_reached":27,"language":"ENG","playtime":843,"items_purged":["Strike_P"],"score":335,"play_id":"004bb473-1f81-4ee2-86d3-2e08c2ccac2e","local_time":"20210214002431","is_ascension_mode":true,"campfire_choices":[{"data":"Eruption","floor":6.0,"key":"SMITH"},{"data":"FlurryOfBlows","floor":8.0,"key":"SMITH"},{"data":"FearNoEvil","floor":10.0,"key":"SMITH"},{"data":"Vigilance","floor":15.0,"key":"SMITH"},{"data":"Wish","floor":23.0,"key":"SMITH"},{"data":"Wish","floor":25.0,"key":"SMITH"}],"circlet_count":0,"master_deck":["Strike_P","Strike_P","Defend_P","Defend_P","Defend_P","Defend_P","Eruption+1","Vigilance+1","Protect","ReachHeaven+1","FlurryOfBlows+1","FearNoEvil+1","DeceiveReality","Protect","Wish+1","Wish+1","Crescendo","WindmillStrike+1"],"relics":["Sozu","Kunai","Bronze Scales","Nunchaku","Black Star","MerchantsRug","Damaru"],"acts_visited":["Exordium","TheCity"],"potions_floor_usage":[],"damage_taken":[{"damage":0.0,"enemies":"2 Louse","floor":1.0,"turns":2.0},{"damage":0.0,"enemies":"Cultist","floor":3.0,"turns":3.0},{"damage":0.0,"enemies":"Jaw Worm","floor":4.0,"turns":3.0},{"damage":7.0,"enemies":"3 Sentries","floor":7.0,"turns":4.0},{"damage":9.0,"enemies":"Lagavulin","floor":11.0,"turns":6.0},{"damage":0.0,"enemies":"3 Louse","floor":12.0,"turns":2.0},{"damage":9.0,"enemies":"3 Sentries","floor":14.0,"turns":6.0},{"damage":0.0,"enemies":"Slime Boss","floor":16.0,"turns":5.0},{"damage":11.0,"enemies":"2 Thieves","floor":18.0,"turns":4.0},{"damage":3.0,"enemies":"Shell Parasite","floor":21.0,"turns":4.0},{"damage":4.0,"enemies":"Chosen and Byrds","floor":24.0,"turns":6.0},{"damage":10,"enemies":"Gremlin Leader","floor":27,"turns":3}],"seed_played":"3622923335413325138","potions_obtained":[],"is_trial":false,"path_per_floor":["M","?","M","M","?","R","E","R","T","R","E","M","?","E","R","B",null,"M","?","$","M","?","R","M","R","T","E"],"character_chosen":"WATCHER","items_purchased":["Crescendo","MerchantsRug"],"campfire_rested":0,"item_purchase_floors":[20,20],"current_hp_per_floor":[72,72,72,72,72,72,65,65,65,65,56,56,45,36,36,36,72,61,61,61,58,58,58,54,54,54,44,44],"gold":618,"neow_bonus":"BOSS_RELIC","is_daily":false,"chose_seed":false,"campfire_upgraded":6,"win_rate":0.0,"timestamp":1613258671,"path_taken":["M","?","M","?","?","R","E","R","T","R","E","M","?","E","R","BOSS","M","?","$","M","?","R","M","R","T","E"],"items_purchased_type":["Card","Relic"],"build_version":"2020-12-22","purchased_purges":1,"victory":false,"max_hp_per_floor":[72,72,72,72,72,72,72,72,72,72,72,72,72,72,72,72,72,72,72,72,72,72,72,72,72,72,72,72],"card_choices":[{"not_picked":["PathToVictory","MentalFortress"],"picked":"Protect","floor":1.0},{"not_picked":["Indignation","Prostrate"],"picked":"ReachHeaven","floor":3.0},{"not_picked":["ReachHeaven","ThirdEye"],"picked":"FlurryOfBlows","floor":4.0},{"not_picked":["Prostrate","ForeignInfluence"],"picked":"FearNoEvil","floor":7.0},{"not_picked":["JustLucky","CrushJoints"],"picked":"DeceiveReality","floor":11.0},{"not_picked":["SashWhip","CarveReality"],"picked":"Protect","floor":12.0},{"not_picked":["Prostrate","Evaluate","FollowUp"],"picked":"SKIP","floor":14.0},{"not_picked":["LessonLearned","Scrawl"],"picked":"Wish","floor":16.0},{"not_picked":["EmptyFist+1","CutThroughFate","Fasting2"],"picked":"SKIP","floor":18.0},{"not_picked":["PathToVictory+1","LikeWater"],"picked":"WindmillStrike+1","floor":21.0},{"not_picked":["Tantrum+1","BowlingBash+1","Wallop"],"picked":"SKIP","floor":24.0}],"player_experience":145259,"relics_obtained":[{"floor":7.0,"key":"Kunai"},{"floor":9.0,"key":"Bronze Scales"},{"floor":11.0,"key":"Nunchaku"},{"floor":14.0,"key":"Old Coin"},{"floor":26.0,"key":"Damaru"}],"event_choices":[{"cards_removed":["Strike_P"],"damage_healed":0.0,"max_hp_gain":0.0,"max_hp_loss":0.0,"gold_gain":0.0,"event_name":"Bonfire Elementals","player_choice":"Offered Basic","floor":2.0,"gold_loss":0.0,"damage_taken":0.0},{"damage_healed":0.0,"max_hp_gain":0.0,"max_hp_loss":0.0,"gold_gain":0.0,"event_name":"Living Wall","player_choice":"Grow","floor":5.0,"gold_loss":0.0,"damage_taken":0.0,"cards_upgraded":["ReachHeaven"]},{"damage_healed":0.0,"max_hp_gain":0.0,"max_hp_loss":0.0,"gold_gain":75.0,"event_name":"betterThird:BetterGoop","player_choice":"Gold","floor":13.0,"gold_loss":0.0,"damage_taken":11.0},{"damage_healed":0.0,"max_hp_gain":0.0,"max_hp_loss":0.0,"gold_gain":0.0,"event_name":"Duplicator","player_choice":"Copied","floor":19.0,"gold_loss":0.0,"damage_taken":0.0,"cards_obtained":["Wish"]},{"damage_healed":0.0,"max_hp_gain":0.0,"max_hp_loss":0.0,"gold_gain":0.0,"event_name":"betterNote:BetterNote","player_choice":"Ignored","floor":22.0,"gold_loss":0.0,"damage_taken":0.0,"cards_obtained":["Ragnarok"]}],"is_beta":false,"boss_relics":[{"not_picked":["Pandora\u0027s Box","Calling Bell"],"picked":"Black Star"}],"items_purged_floors":[20],"is_endless":false,"potions_floor_spawned":[3,7,12,14,24],"killed_by":"Gremlin Leader","ascension_level":4}}