{"host":"r6lqs70fdfl5jnjl","time":1613216994,"event":{"mods":["Act Like it!","BaseMod","Minty Spire (QoL Compilation)","StSLib"],"gold_per_floor":[110,122,140,140,215,246,246,271,271,271,281,311,74,74,74,175,175,189,206,206,206,221,221,255,270,270,270,298,298,312,329,329,424,424,434,451,451,468,492,492,522,522,522,537,587,587,603,91,91,91],"floor_reached":51,"language":"ZHS","playtime":2074,"items_purged":["Defend_R"],"score":848,"play_id":"7393fb40-2713-4b57-b1b5-5f6cee1b3173","local_time":"20210213194954","is_ascension_mode":true,"campfire_choices":[{"data":"Inflame","floor":7.0,"key":"SMITH"},{"floor":10.0,"key":"REST"},{"data":"Apotheosis","floor":15.0,"key":"SMITH"},{"data":"Heavy Blade","floor":23.0,"key":"SMITH"},{"data":"Heavy Blade","floor":27.0,"key":"SMITH"},{"data":"Double Tap","floor":29.0,"key":"SMITH"},{"data":"Demon Form","floor":32.0,"key":"SMITH"},{"data":"Heavy Blade","floor":40.0,"key":"SMITH"},{"data":"Inflame","floor":42.0,"key":"SMITH"},{"data":"Bloodletting","floor":46.0,"key":"SMITH"},{"data":"Spot Weakness","floor":49,"key":"SMITH"}],"circlet_count":0,"master_deck":["Strike_R","Strike_R","Defend_R","Defend_R","Defend_R","Bash","Spot Weakness+1","Ghostly Armor","Bloodletting+1","Seeing Red","Inflame+1","Bludgeon","Inflame+1","Heavy Blade+1","Apotheosis+1","Demon Form+1","Cleave","Uppercut+1","Heavy Blade+1","Dual Wield","Heavy Blade+1","Shrug It Off+1","Double Tap+1","Rampage","Reaper","Reckless Charge+1","Flex+1","Dramatic Entrance","Pummel","Disarm+1","Twin Strike+1","Sword Boomerang","Intimidate"],"relics":["Burning Blood","NeowsBlessing","Bottled Lightning","Matryoshka","Red Skull","Self Forming Clay","Nunchaku","SlaversCollar","Anchor","Bag of Marbles","Oddly Smooth Stone","Boot","Runic Pyramid","Juzu Bracelet","HornCleat","Eternal Feather","Ice Cream","CaptainsWheel","Sling"],"acts_visited":["Exordium","TheCity","TheBeyond"],"potions_floor_usage":[50,50],"damage_taken":[{"damage":0.0,"enemies":"Cultist","floor":1.0,"turns":1.0},{"damage":0.0,"enemies":"Jaw Worm","floor":2.0,"turns":1.0},{"damage":0.0,"enemies":"Small Slimes","floor":3.0,"turns":1.0},{"damage":40.0,"enemies":"Gremlin Nob","floor":6.0,"turns":5.0},{"damage":25.0,"enemies":"3 Sentries","floor":8.0,"turns":7.0},{"damage":0.0,"enemies":"Looter","floor":11.0,"turns":2.0},{"damage":3.0,"enemies":"Lagavulin","floor":12.0,"turns":4.0},{"damage":39.0,"enemies":"Hexaghost","floor":16.0,"turns":5.0},{"damage":8.0,"enemies":"Chosen","floor":18.0,"turns":3.0},{"damage":10.0,"enemies":"Spheric Guardian","floor":19.0,"turns":3.0},{"damage":21.0,"enemies":"Snake Plant","floor":22.0,"turns":4.0},{"damage":19.0,"enemies":"Book of Stabbing","floor":24.0,"turns":4.0},{"damage":14.0,"enemies":"Snecko","floor":25.0,"turns":3.0},{"damage":0.0,"enemies":"Gremlin Leader","floor":28.0,"turns":2.0},{"damage":9.0,"enemies":"3 Cultists","floor":30.0,"turns":5.0},{"damage":9.0,"enemies":"Centurion and Healer","floor":31.0,"turns":4.0},{"damage":18.0,"enemies":"Champ","floor":33.0,"turns":4.0},{"damage":14.0,"enemies":"Orb Walker","floor":35.0,"turns":3.0},{"damage":21.0,"enemies":"3 Darklings","floor":36.0,"turns":3.0},{"damage":0.0,"enemies":"Transient","floor":38.0,"turns":5.0},{"damage":35.0,"enemies":"Giant Head","floor":41.0,"turns":6.0},{"damage":18.0,"enemies":"Jaw Worm Horde","floor":44.0,"turns":3.0},{"damage":3.0,"enemies":"Mind Bloom Boss Battle","floor":45.0,"turns":3.0},{"damage":8.0,"enemies":"Sphere and 2 Shapes","floor":47.0,"turns":2.0},{"damage":22,"enemies":"Awakened One","floor":50,"turns":7}],"seed_played":"-1328777447479865461","potions_obtained":[{"floor":1.0,"key":"Explosive Potion"},{"floor":8.0,"key":"ColorlessPotion"},{"floor":12.0,"key":"SteroidPotion"},{"floor":18.0,"key":"Energy Potion"},{"floor":19.0,"key":"ColorlessPotion"},{"floor":24.0,"key":"Explosive Potion"},{"floor":25.0,"key":"Ancient Potion"},{"floor":30.0,"key":"ColorlessPotion"},{"floor":35.0,"key":"EssenceOfSteel"},{"floor":41.0,"key":"Dexterity Potion"},{"floor":45.0,"key":"Fire Potion"}],"is_trial":false,"path_per_floor":["M","M","M","?","?","E","R","E","T","R","M","E","$","?","R","B",null,"M","M","?","?","M","R","E","M","T","R","E","R","M","M","R","B",null,"M","M","?","M","T","R","E","R","T","M","?","R","M","$","R","B",null],"character_chosen":"IRONCLAD","items_purchased":["Apotheosis","CaptainsWheel","Sling","Energy Potion"],"campfire_rested":1,"item_purchase_floors":[13,48,48,48],"current_hp_per_floor":[80,80,80,80,69,35,35,16,16,40,46,49,49,42,42,9,80,78,74,74,74,59,59,46,38,38,38,44,44,41,38,38,26,80,72,57,57,63,63,63,34,34,34,50,53,71,69,69,80,80],"gold":91,"neow_bonus":"THREE_ENEMY_KILL","is_daily":false,"chose_seed":false,"campfire_upgraded":10,"win_rate":0.0,"timestamp":1613216994,"path_taken":["M","?","M","?","?","E","R","E","T","R","M","E","$","?","R","BOSS","M","M","?","?","M","R","E","M","T","R","E","R","M","M","R","BOSS","M","?","?","M","?","R","E","R","T","M","?","R","M","?","R","BOSS"],"items_purchased_type":["Card","Relic","Relic","Potion"],"build_version":"2020-12-22","purchased_purges":1,"victory":true,"max_hp_per_floor":[80,80,80,80,80,80,80,80,80,80,80,80,80,80,80,80,80,80,80,80,80,80,80,80,80,80,80,80,80,80,80,80,80,80,80,80,80,80,80,80,80,80,80,80,80,80,80,80,80,80],"card_choices":[{"not_picked":["Flame Barrier","Armaments"],"picked":"Spot Weakness","floor":1.0},{"not_picked":["Burning Pact","Body Slam"],"picked":"Ghostly Armor","floor":2.0},{"not_picked":["Clash","Intimidate"],"picked":"Bloodletting","floor":3.0},{"not_picked":["Clash","Whirlwind"],"picked":"Inflame","floor":6.0},{"not_picked":["Feel No Pain","Rage"],"picked":"Bludgeon","floor":8.0},{"not_picked":["Bloodletting","Second Wind"],"picked":"Inflame","floor":11.0},{"not_picked":["Sever Soul","Thunderclap"],"picked":"Heavy Blade","floor":12.0},{"not_picked":["Corruption","Barricade"],"picked":"Demon Form","floor":16.0},{"not_picked":["Perfected Strike","Headbutt+1"],"picked":"Cleave","floor":18.0},{"not_picked":["Pommel Strike","Disarm"],"picked":"Uppercut+1","floor":19.0},{"not_picked":["Carnage","Disarm"],"picked":"Dual Wield","floor":22.0},{"not_picked":["Iron Wave","Shrug It Off"],"picked":"Heavy Blade","floor":24.0},{"not_picked":["Clothesline","Seeing Red"],"picked":"Shrug It Off+1","floor":25.0},{"not_picked":["Searing Blow","Armaments"],"picked":"Double Tap","floor":28.0},{"not_picked":["Dual Wield+1","Clothesline"],"picked":"Rampage","floor":30.0},{"not_picked":["Clothesline","Perfected Strike","Armaments"],"picked":"SKIP","floor":31.0},{"not_picked":["Fiend Fire","Juggernaut"],"picked":"Reaper","floor":33.0},{"not_picked":["Fire Breathing+1","Shrug It Off+1"],"picked":"Reckless Charge+1","floor":35.0},{"not_picked":["Power Through+1","Entrench+1"],"picked":"Flex+1","floor":36.0},{"not_picked":["Impatience","Sadistic Nature"],"picked":"Dramatic Entrance","floor":37.0},{"not_picked":["Fire Breathing+1","Thunderclap"],"picked":"Pummel","floor":38.0},{"not_picked":["Whirlwind","Armaments+1"],"picked":"Disarm+1","floor":41.0},{"not_picked":["Shockwave+1","Warcry"],"picked":"Twin Strike+1","floor":44.0},{"not_picked":["Dark Embrace+1","Thunderclap+1"],"picked":"Sword Boomerang","floor":45.0},{"not_picked":["Heavy Blade","Metallicize+1"],"picked":"Intimidate","floor":47.0}],"player_experience":15451,"relics_obtained":[{"floor":6.0,"key":"Bottled Lightning"},{"floor":8.0,"key":"Matryoshka"},{"floor":9.0,"key":"Red Skull"},{"floor":9.0,"key":"Self Forming Clay"},{"floor":12.0,"key":"Nunchaku"},{"floor":24.0,"key":"Anchor"},{"floor":26.0,"key":"Bag of Marbles"},{"floor":26.0,"key":"Oddly Smooth Stone"},{"floor":28.0,"key":"Boot"},{"floor":39.0,"key":"Juzu Bracelet"},{"floor":41.0,"key":"HornCleat"},{"floor":43.0,"key":"Eternal Feather"},{"floor":45.0,"key":"Ice Cream"}],"event_choices":[{"damage_healed":0.0,"max_hp_gain":0.0,"max_hp_loss":0.0,"gold_gain":0.0,"cards_transformed":["Strike_R"],"event_name":"Living Wall","player_choice":"Change","floor":4.0,"gold_loss":0.0,"damage_taken":0.0,"cards_obtained":["Seeing Red"]},{"damage_healed":0.0,"max_hp_gain":0.0,"max_hp_loss":0.0,"gold_gain":75.0,"event_name":"World of Goop","player_choice":"Gather Gold","floor":5.0,"gold_loss":0.0,"damage_taken":11.0},{"cards_removed":["Strike_R"],"damage_healed":0.0,"max_hp_gain":0.0,"max_hp_loss":0.0,"gold_gain":0.0,"event_name":"Golden Wing","player_choice":"Card Removal","floor":14.0,"gold_loss":0.0,"damage_taken":7.0},{"cards_removed":["Strike_R"],"damage_healed":0.0,"max_hp_gain":0.0,"max_hp_loss":0.0,"gold_gain":0.0,"event_name":"Back to Basics","player_choice":"Elegance","floor":20.0,"gold_loss":0.0,"damage_taken":0.0},{"damage_healed":0.0,"max_hp_gain":0.0,"max_hp_loss":0.0,"gold_gain":0.0,"event_name":"Duplicator","player_choice":"Copied","floor":21.0,"gold_loss":0.0,"damage_taken":0.0,"cards_obtained":["Heavy Blade"]},{"damage_healed":0.0,"max_hp_gain":0.0,"max_hp_loss":0.0,"gold_gain":0.0,"event_name":"SensoryStone","player_choice":"Memory 1","floor":37.0,"gold_loss":0.0,"damage_taken":0.0},{"damage_healed":0.0,"max_hp_gain":0.0,"max_hp_loss":0.0,"gold_gain":0.0,"event_name":"MindBloom","player_choice":"Fight","floor":45.0,"gold_loss":0.0,"damage_taken":0.0}],"is_beta":false,"boss_relics":[{"not_picked":["Cursed Key","SacredBark"],"picked":"SlaversCollar"},{"not_picked":["Busted Crown","Velvet Choker"],"picked":"Runic Pyramid"}],"items_purged_floors":[13],"is_endless":false,"potions_floor_spawned":[1,8,12,18,19,24,25,30,35,41,45],"ascension_level":1}}