{"host":"ox77rn1xcurm2t5a","time":1613177543,"event":{"mods":["2.2 Compatiblity","AchievementEnabler","Act Like it!","Aspiration","BaseMod","Best Route Mod","Better Match","Better Note","Better Sensory Stone","Block Reminder","Colored Map","Colored Powertips","Conjunction","Conspire","Custom Start","Energized Spire","GifTheSpireLib","Gold Saver","Gremlin Skip","Halation","Highlight Path","Hubris","Infinite Spire","Minty Spire (QoL Compilation)","Pale of the Ancients","Quick Restart","Replay The Spire","Reworked Bosses","ShortenTheSpire","Spire Exporter","StSLib","Stuff the Spire","Wandering Minibosses"],"gold_per_floor":[109,121,139,99,118,147,147,255,255,255,255,11,29,41,41,145,145,119,44,44,61,12,12,112,112,112,62,62,73,73,91,91,91,91],"floor_reached":33,"language":"ENG","playtime":873,"items_purged":["Defend_R"],"score":303,"play_id":"ce7f2d7f-211c-4f4c-a029-062e2b40e441","local_time":"20210213025223","is_ascension_mode":true,"campfire_choices":[{"floor":7.0,"key":"RECALL"},{"data":"Perfected Strike","floor":11.0,"key":"SMITH"},{"data":"Uppercut","floor":15.0,"key":"SMITH"},{"data":"Perfected Strike","floor":23.0,"key":"SMITH"},{"data":"Bash","floor":25.0,"key":"SMITH"},{"data":"Thunderclap","floor":28.0,"key":"SMITH"},{"floor":30.0,"key":"REST"},{"floor":32,"key":"REST"}],"circlet_count":0,"master_deck":["Strike_R","Strike_R","Strike_R","Strike_R","Strike_R","Defend_R","Defend_R","Defend_R","Bash+1","Clash","Pommel Strike","Perfected Strike+1","Cleave","Uppercut+1","Reaper","Cleave","Perfected Strike+1","Thunderclap+1","Anger"],"relics":["Burning Blood","NeowsBlessing","StuffTheSpire:TintedRock","Omamori","Gremlin Horn","Snack Pack","Replay:PocketPolymizer"],"acts_visited":["Exordium","TheCity"],"potions_floor_usage":[33],"damage_taken":[{"damage":0.0,"enemies":"Jaw Worm","floor":1.0,"turns":1.0},{"damage":0.0,"enemies":"Cultist","floor":2.0,"turns":1.0},{"damage":0.0,"enemies":"Small Slimes","floor":3.0,"turns":1.0},{"damage":6.0,"enemies":"Looter","floor":5.0,"turns":2.0},{"damage":21.0,"enemies":"3 Sentries","floor":6.0,"turns":8.0},{"damage":25.0,"enemies":"Gremlin Nob","floor":8.0,"turns":4.0},{"damage":9.0,"enemies":"Exordium Thugs","floor":13.0,"turns":5.0},{"damage":9.0,"enemies":"Red Slaver","floor":14.0,"turns":2.0},{"damage":18.0,"enemies":"Slime Boss","floor":16.0,"turns":11.0},{"damage":36.0,"enemies":"2 Thieves","floor":18.0,"turns":5.0},{"damage":8.0,"enemies":"Chosen","floor":21.0,"turns":4.0},{"damage":43.0,"enemies":"Book of Stabbing","floor":24.0,"turns":5.0},{"damage":37.0,"enemies":"Snecko","floor":29.0,"turns":5.0},{"damage":34,"enemies":"Cultist and Chosen","floor":31,"turns":7},{"damage":45,"enemies":"Pondfish","floor":33,"turns":5}],"seed_played":"-4937960940584630976","potions_obtained":[{"floor":4.0,"key":"Cursed Concoction"},{"floor":4.0,"key":"Milkshake"},{"floor":4.0,"key":"SpeedPotion"},{"floor":5.0,"key":"Adrenaline Potion"},{"floor":6.0,"key":"Dexterity Potion"},{"floor":14.0,"key":"Dexterity Potion"},{"floor":16.0,"key":"EssenceOfSteel"},{"floor":21.0,"key":"BlessingOfTheForge"},{"floor":24.0,"key":"Fruit Juice"},{"floor":31,"key":"Swift Potion"}],"is_trial":false,"path_per_floor":["M","M","M","?","M","E","R","E","T","$","R","$","M","M","R","B",null,"M","$","?","M","$","R","E","R","T","?","R","M","R","M","R","B"],"character_chosen":"IRONCLAD","items_purchased":["Gremlin Horn","Perfected Strike"],"campfire_rested":2,"item_purchase_floors":[12,22],"current_hp_per_floor":[80,80,80,80,80,65,65,46,46,46,46,46,43,40,40,28,80,60,60,60,58,58,58,30,30,30,30,30,11,36,14,39,0,0],"gold":91,"neow_bonus":"THREE_ENEMY_KILL","is_daily":false,"chose_seed":false,"campfire_upgraded":5,"win_rate":0.0,"timestamp":1613177543,"path_taken":["M","M","M","?","?","E","R","E","T","$","R","$","M","M","R","BOSS","M","?","?","?","?","R","E","R","T","?","R","M","R","M","R","BOSS"],"items_purchased_type":["Relic","Card"],"build_version":"2020-12-22","purchased_purges":1,"victory":false,"max_hp_per_floor":[80,80,80,80,80,80,80,80,80,80,80,80,80,80,80,80,80,80,80,80,80,80,80,85,85,85,85,85,85,85,85,85,85,85],"card_choices":[{"not_picked":["Searing Blow","Flex"],"picked":"Clash","floor":1.0},{"not_picked":["Combust","Entrench"],"picked":"Pommel Strike","floor":2.0},{"not_picked":["Havoc","Iron Wave"],"picked":"Perfected Strike","floor":3.0},{"not_picked":["Flex","Rage","hubris:CleavingFinish"],"picked":"SKIP","floor":5.0},{"not_picked":["Headbutt","Seeing Red","Clothesline"],"picked":"SKIP","floor":6.0},{"not_picked":["hubris:SharpeningStone","Headbutt"],"picked":"Cleave","floor":8.0},{"not_picked":["StuffTheSpire:Slingshot","Twin Strike"],"picked":"Uppercut","floor":13.0},{"not_picked":["Rupture","Shockwave","Replay:Undeath\u0027s Touch"],"picked":"SKIP","floor":14.0},{"not_picked":["Brutality","Immolate"],"picked":"Reaper","floor":16.0},{"not_picked":["Rage","Flex+1"],"picked":"Cleave","floor":18.0},{"not_picked":["Evolve","ReplayTheSpireMod:Strike From Hell+1","Headbutt"],"picked":"SKIP","floor":21.0},{"not_picked":["True Grit+1","Replay:Undeath\u0027s Touch"],"picked":"Thunderclap","floor":24.0},{"not_picked":["Run Through","Wild Strike+1","ReplayTheSpireMod:LeadingStrike"],"picked":"SKIP","floor":29.0},{"not_picked":["Massacre+1","Wild Strike"],"picked":"Anger","floor":31}],"player_experience":3095302,"relics_obtained":[{"floor":6.0,"key":"StuffTheSpire:TintedRock"},{"floor":8.0,"key":"Omamori"},{"floor":24.0,"key":"Snack Pack"},{"floor":26.0,"key":"Replay:PocketPolymizer"}],"event_choices":[{"damage_healed":0.0,"max_hp_gain":0.0,"max_hp_loss":0.0,"gold_gain":0.0,"event_name":"The Woman in Blue","player_choice":"Bought 3 Potions","floor":4.0,"gold_loss":0.0,"damage_taken":0.0},{"damage_healed":0.0,"max_hp_gain":0.0,"max_hp_loss":0.0,"gold_gain":0.0,"event_name":"betterNote:BetterNote","player_choice":"Ignored","floor":20.0,"gold_loss":0.0,"damage_taken":0.0,"cards_obtained":["Strike_P"]},{"damage_healed":0.0,"max_hp_gain":0.0,"max_hp_loss":0.0,"gold_gain":0.0,"event_name":"The Joust","player_choice":"Bet on Murderer","floor":27.0,"gold_loss":50.0,"damage_taken":0.0}],"is_beta":false,"boss_relics":[{"not_picked":["Electric Blood","Snecko Eye","hubris:BlackHole"]}],"items_purged_floors":[19],"is_endless":false,"potions_floor_spawned":[5,6,14,16,21,24,31],"killed_by":"Pondfish","ascension_level":2}}