{"host":"41vgbr386mrj4p17","time":1613217151,"event":{"mods":["AchievementEnabler","AlwaysNeverKeys","BaseMod","Bestiary","Better Altar","Better Match","Better Note","Better Sensory Stone","Better Skull","Better Third Choice","Colored Map","Curses Come First","Downfall","Googly Eyes","Hermit","Highlight Path","Minty Spire (QoL Compilation)","Shade Mod","StSLib","The Cursed"],"gold_per_floor":[99,109,19,32,45,77,77,77,77,90,40,66,85,110,130,225,225,25,36,21,21,6,6,58,58,58,91,3,30,42,79,111,224,236,248,273,361,373,385,397,432,147,181,196,196,226,226,226,236,236,236,269,22,22,22,22,22],"floor_reached":56,"language":"ENG","playtime":4453,"items_purged":["Shade:Strike_Shade","downfall:Bewildered"],"score":1462,"play_id":"65c8033c-a6f7-4d9d-a89b-ee877ad72702","local_time":"20210213065231","is_ascension_mode":true,"campfire_choices":[{"data":"Shade:AnimateDead","floor":1,"key":"SMITH"},{"data":"1","floor":9,"key":"LIFT"},{"data":"2","floor":18,"key":"LIFT"},{"data":"Shade:DarkOfNight","floor":23,"key":"SMITH"},{"data":"Shade:RitualOffering","floor":26,"key":"SMITH"},{"data":"3","floor":28,"key":"LIFT"},{"data":"Shade:AuraOfUnlife","floor":30,"key":"SMITH"},{"data":"Shade:Tombstone","floor":35,"key":"SMITH"},{"data":"Shade:ExtraLimbs","floor":40,"key":"SMITH"},{"data":"Shade:TouchOfTheGrave","floor":45,"key":"SMITH"},{"data":"Shade:ScuttlingHand","floor":47,"key":"SMITH"},{"data":"Shade:ExtraLimbs","floor":54,"key":"SMITH"}],"circlet_count":0,"master_deck":["AscendersBane","Shade:Defend_Shade","Shade:AnimateDead+1","Shade:CarefulCut","Shade:CallOfTheGrave","Shade:FeralStrike","Shade:FuneraryArmor","Shade:ExtraLimbs+1","Shade:RitualOffering+1","Shade:AuraOfUnlife+1","Shade:FuneraryArmor","Shade:DarkOfNight+1","Shade:CallWraith+1","Shade:Excise+1","Shade:ExtraLimbs+1","Shade:AnimateDead+1","Shade:FleshLikeOak+1","Shade:ScuttlingHand+1","Shade:Tombstone+1","CurseOfTheBell","Shade:SensePrey+1","Shade:TouchOfTheGrave+1","Shade:SensePrey+1"],"relics":["Shade:YorickSkull","Thread and Needle","Girya","Darkstone Periapt","Meat on the Bone","Empty Cage","downfall:HeartBlessingRed","downfall:HeartBlessingBlue","Orichalcum","MawBank","downfall:HeartBlessingGreen","Bag of Marbles","Calling Bell","Tiny Chest","Toxic Egg 2","WingedGreaves","InkBottle","Anchor","Happy Flower","Calipers","Slimebound:PreparedRelic","Omamori","Pen Nib","Nunchaku"],"acts_visited":["Exordium","TheCity","TheBeyond","TheEnding"],"potions_floor_usage":[6,12,14,16,21,27,31,33,43,50,52,56,56],"damage_taken":[{"damage":0,"enemies":"Cultist","floor":2,"turns":4},{"damage":0,"enemies":"downfall:FleeingMerchant","floor":3,"turns":4},{"damage":0,"enemies":"Jaw Worm","floor":4,"turns":3},{"damage":0,"enemies":"Small Slimes","floor":5,"turns":4},{"damage":1,"enemies":"3 Sentries","floor":6,"turns":7},{"damage":0,"enemies":"3 Louse","floor":10,"turns":2},{"damage":0,"enemies":"downfall:FleeingMerchant","floor":11,"turns":4},{"damage":23,"enemies":"Gremlin Nob","floor":12,"turns":5},{"damage":0,"enemies":"2 Fungi Beasts","floor":13,"turns":2},{"damage":0,"enemies":"Lagavulin","floor":14,"turns":7},{"damage":0,"enemies":"Red Slaver","floor":15,"turns":4},{"damage":12,"enemies":"DF_ARCHETYPE_STREAMLINE","floor":16,"turns":12},{"damage":0,"enemies":"Shell Parasite","floor":19,"turns":5},{"damage":10,"enemies":"downfall:FleeingMerchant","floor":20,"turns":4},{"damage":0,"enemies":"3 Byrds","floor":21,"turns":1},{"damage":12,"enemies":"downfall:FleeingMerchant","floor":22,"turns":4},{"damage":22,"enemies":"Slavers","floor":27,"turns":5},{"damage":15,"enemies":"Centurion and Healer","floor":29,"turns":4},{"damage":16,"enemies":"Book of Stabbing","floor":31,"turns":6},{"damage":0,"enemies":"Snake Plant","floor":32,"turns":5},{"damage":10,"enemies":"WA_ARCHETYPE_CALM","floor":33,"turns":5},{"damage":0,"enemies":"Orb Walker","floor":36,"turns":2},{"damage":10,"enemies":"downfall:FleeingMerchant","floor":42,"turns":3},{"damage":5,"enemies":"Reptomancer","floor":43,"turns":3},{"damage":0,"enemies":"3 Darklings","floor":44,"turns":3},{"damage":0,"enemies":"Nemesis","floor":46,"turns":5},{"damage":5,"enemies":"Writhing Mass","floor":49,"turns":4},{"damage":16,"enemies":"SI_POISON_ARCHETYPE","floor":50,"turns":8},{"damage":6,"enemies":"downfall:CharBossMerchant","floor":52,"turns":6},{"damage":5,"enemies":"downfall:NeowBoss","floor":55,"turns":9},{"damage":83,"enemies":"downfall:NeowBossFinal","floor":56,"turns":6}],"seed_played":"818412425193452745","potions_obtained":[{"floor":2,"key":"Fire Potion"},{"floor":5,"key":"SmokeBomb"},{"floor":6,"key":"SkillPotion"},{"floor":13,"key":"GamblersBrew"},{"floor":15,"key":"BlessingOfTheForge"},{"floor":19,"key":"Regen Potion"},{"floor":27,"key":"DuplicationPotion"},{"floor":29,"key":"ColorlessPotion"},{"floor":32,"key":"Swift Potion"},{"floor":43,"key":"SteroidPotion"},{"floor":44,"key":"LiquidMemories"}],"is_trial":false,"path_per_floor":["R","M","$","M","M","E","T","?","R","M","$","E","M","E","M","B",null,"R","M","$","M","$","R","T","?","R","E","R","M","R","E","M","B",null,"R","M","?","?","?","R","T","$","E","M","R","E","R","T","M","B",null,"E","$","R","B","B"],"character_chosen":"SHADE","items_purchased":["Shade:AuraOfUnlife","Shade:TouchOfTheGrave","Happy Flower","Calipers","Explosive Potion","Nunchaku","SkillPotion","SkillPotion"],"campfire_rested":0,"item_purchase_floors":[11,42,42,42,42,53,53,53],"current_hp_per_floor":[59,59,59,59,59,58,58,58,58,58,58,35,35,35,35,35,58,68,68,58,58,46,46,46,52,52,44,44,41,41,37,49,51,80,80,80,80,80,86,86,86,76,71,71,71,71,71,71,66,50,82,76,76,76,71,0,0],"gold":22,"neow_bonus":"REMOVE_CARD","is_daily":false,"chose_seed":false,"campfire_upgraded":9,"win_rate":0.0,"timestamp":1613217151,"path_taken":["R","M","$","M","M","E","T","?","R","M","$","E","M","E","M","BOSS","R","M","$","M","$","R","T","?","R","E","R","?","R","E","M","BOSS","R","M","?","?","?","R","T","$","E","M","R","E","R","?","M","BOSS","E","$","R","BOSS","BOSS"],"items_purchased_type":["Card","Card","Relic","Relic","Potion","Relic","Potion","Potion"],"build_version":"2020-12-22","purchased_purges":2,"victory":false,"max_hp_per_floor":[65,65,65,65,65,65,65,65,65,65,65,65,65,65,65,65,65,75,75,75,75,75,75,75,81,81,81,81,81,81,81,81,81,87,87,87,87,87,93,93,93,93,93,93,93,93,93,93,93,93,93,93,93,93,93,93,93],"card_choices":[{"not_picked":["Shade:SanguineRitual","Shade:Bonestorm"],"picked":"Shade:CallOfTheGrave","floor":2},{"not_picked":["Shade:Haruspicy","Shade:Patience"],"picked":"Shade:FeralStrike","floor":3},{"not_picked":["Shade:WallOfFlesh","Shade:PressTheAttack"],"picked":"Shade:FuneraryArmor","floor":4},{"not_picked":["Shade:GreyBargain","Shade:RavenousHorde","Shade:FleshToFlesh"],"picked":"SKIP","floor":5},{"not_picked":["Shade:Bonestorm","Shade:FeralStrike"],"picked":"Shade:ExtraLimbs","floor":6},{"not_picked":["Shade:AncientSpear","Shade:WallOfFlesh","Shade:Asphyxiate"],"picked":"SKIP","floor":10},{"not_picked":["Shade:FeralStrike","Shade:Consume"],"picked":"Shade:RitualOffering","floor":11},{"not_picked":["Shade:Trample","Shade:CommandSoldier","Shade:ClawBack"],"picked":"SKIP","floor":12},{"not_picked":["Shade:GraveStillness","Shade:FingerOfDeath","Shade:CallOfTheGrave"],"picked":"SKIP","floor":13},{"not_picked":["Shade:ClawBack","Shade:CommandSoldier"],"picked":"Shade:FuneraryArmor","floor":14},{"not_picked":["Shade:Consume","Shade:Trample","Shade:GraveStillness"],"picked":"SKIP","floor":15},{"not_picked":["Shade:Tombstone","Shade:GreaterAnimation"],"picked":"Shade:DarkOfNight","floor":16},{"not_picked":["Shade:FeralStrike+1","Shade:ClawBack"],"picked":"Shade:CallWraith+1","floor":19},{"not_picked":["Shade:ClawBack","Shade:Doomsay+1","Shade:GreyBargain"],"picked":"SKIP","floor":20},{"not_picked":["Shade:GraveStillness+1","Shade:AncientSpear+1"],"picked":"Shade:Excise+1","floor":22},{"not_picked":["Shade:SoulPierce","Shade:SkeletonArmy","Shade:CoffinDance"],"picked":"SKIP","floor":27},{"not_picked":["Shade:ClawBack","Shade:LyeBath"],"picked":"Shade:FleshLikeOak+1","floor":29},{"not_picked":["Shade:SkeletonArmy","Shade:CallWraith","Shade:CommandSoldier"],"picked":"SKIP","floor":31},{"not_picked":["Shade:Frenzy","Shade:Haruspicy"],"picked":"Shade:ScuttlingHand","floor":32},{"not_picked":["Shade:SoulPierce","Shade:LastGasp"],"picked":"Shade:Tombstone","floor":33},{"not_picked":["Shade:GreyBargain+1","Shade:GraveStillness+1"],"picked":"Shade:SensePrey+1","floor":36},{"not_picked":["Shade:FreshBones+1","Shade:Tombstone","Shade:Premonition+1"],"picked":"SKIP","floor":42},{"not_picked":["Shade:RavenousHorde+1","Shade:BoneShards+1","Shade:ClawBack+1"],"picked":"SKIP","floor":43},{"not_picked":["Shade:Brains+1","Shade:SkeletonHug"],"picked":"Shade:SensePrey+1","floor":44},{"not_picked":["Shade:SkeletonHug","Shade:PotionOfRestlessness+1","Shade:CoffinDance"],"picked":"SKIP","floor":46},{"not_picked":["Shade:Putrefaction","Shade:GraveStillness+1","Shade:SkeletonHug+1"],"picked":"SKIP","floor":49},{"not_picked":["Shade:CommandSoldier+1","Shade:WallOfFlesh+1","Shade:GreyBargain+1"],"picked":"SKIP","floor":52}],"player_experience":1093754,"relics_obtained":[{"floor":6,"key":"Thread and Needle"},{"floor":7,"key":"Girya"},{"floor":12,"key":"Darkstone Periapt"},{"floor":14,"key":"Meat on the Bone"},{"floor":24,"key":"Orichalcum"},{"floor":27,"key":"MawBank"},{"floor":31,"key":"Bag of Marbles"},{"floor":34,"key":"Tiny Chest"},{"floor":34,"key":"Toxic Egg 2"},{"floor":34,"key":"WingedGreaves"},{"floor":37,"key":"InkBottle"},{"floor":41,"key":"Anchor"},{"floor":46,"key":"Slimebound:PreparedRelic"},{"floor":48,"key":"Omamori"},{"floor":52,"key":"Pen Nib"}],"event_choices":[{"cards_removed":["Shade:Strike_Shade"],"damage_healed":0,"gold_gain":0,"player_choice":"Removed Attack","damage_taken":0,"max_hp_gain":0,"max_hp_loss":0,"event_name":"Falling","floor":38,"gold_loss":0}],"is_beta":false,"boss_relics":[{"not_picked":["SlaversCollar","Tiny House"],"picked":"Empty Cage"},{"not_picked":["Runic Dome","Sozu"],"picked":"Calling Bell"}],"items_purged_floors":[3,42],"is_endless":false,"potions_floor_spawned":[2,5,6,13,15,19,27,29,32,43,44],"killed_by":"downfall:NeowBossFinal","ascension_level":11}}