{"host":"xb2tau8pgi8aflss","time":1613217484,"event":{"mods":["AchievementEnabler","BaseMod","Hermit","Minty Spire (QoL Compilation)","StSLib","SuperFastMode"],"gold_per_floor":[17,37,37,37,49,76,88,117,117,129,129,147,165,184,184,286,286,300,77,103,116,116,116,116],"floor_reached":23,"language":"KOR","playtime":723,"items_purged":["Strike_R"],"score":312,"play_id":"73a5a325-a3e2-45ba-8c21-dcb23e87ac51","local_time":"20210213205804","is_ascension_mode":true,"campfire_choices":[{"data":"Second Wind","floor":11,"key":"SMITH"},{"floor":15,"key":"REST"}],"circlet_count":0,"master_deck":["Strike_R","Strike_R","Strike_R","Defend_R","Defend_R","Defend_R","Defend_R","Bash","Bludgeon","Cleave+1","Shockwave","Second Wind+1","True Grit","Power Through","True Grit","Armaments","Pommel Strike+1","Dark Embrace","Barricade","Fire Breathing","Entrench"],"relics":["Burning Blood","Bag of Preparation","Strawberry","Pear","Mark of Pain","Membership Card","Whetstone"],"acts_visited":["Exordium","TheCity"],"potions_floor_usage":[8,8,13,16,18],"damage_taken":[{"damage":10,"enemies":"Small Slimes","floor":1,"turns":3},{"damage":0,"enemies":"Cultist","floor":2,"turns":2},{"damage":6,"enemies":"2 Louse","floor":5,"turns":3},{"damage":30,"enemies":"3 Sentries","floor":6,"turns":7},{"damage":12,"enemies":"Blue Slaver","floor":7,"turns":3},{"damage":24,"enemies":"Gremlin Nob","floor":8,"turns":4},{"damage":19,"enemies":"Looter","floor":10,"turns":3},{"damage":23,"enemies":"Exordium Wildlife","floor":12,"turns":7},{"damage":0,"enemies":"Blue Slaver","floor":13,"turns":5},{"damage":15,"enemies":"2 Fungi Beasts","floor":14,"turns":3},{"damage":31,"enemies":"Slime Boss","floor":16,"turns":9},{"damage":37,"enemies":"3 Byrds","floor":18,"turns":4},{"damage":2,"enemies":"Chosen","floor":21,"turns":5},{"damage":50,"enemies":"Slavers","floor":23,"turns":3}],"seed_played":"-2916472739793189755","potions_obtained":[{"floor":5,"key":"PowerPotion"},{"floor":6,"key":"Swift Potion"},{"floor":7,"key":"GamblersBrew"},{"floor":12,"key":"LiquidBronze"},{"floor":14,"key":"Fire Potion"}],"is_trial":false,"path_per_floor":["M","M","?","$","M","E","M","E","T","M","R","M","M","M","R","B",null,"M","$","T","M","?","E"],"character_chosen":"IRONCLAD","items_purchased":["Membership Card","Fire Breathing"],"campfire_rested":1,"item_purchase_floors":[19,19],"current_hp_per_floor":[68,74,74,74,74,50,44,33,43,30,30,13,19,10,39,14,76,45,45,45,49,49,0,0],"gold":116,"neow_bonus":"THREE_RARE_CARDS","is_daily":false,"chose_seed":false,"campfire_upgraded":1,"win_rate":0.0,"timestamp":1613217484,"path_taken":["M","M","?","$","M","E","M","E","T","M","R","M","M","M","R","BOSS","M","$","?","M","?","E"],"items_purchased_type":["Relic","Card"],"build_version":"2020-12-22","purchased_purges":1,"victory":false,"max_hp_per_floor":[80,80,80,80,80,80,80,87,97,97,97,97,97,97,97,97,97,97,97,97,97,97,97,97],"card_choices":[{"not_picked":["Impervious","Reaper"],"picked":"Bludgeon","floor":0},{"not_picked":["Dropkick","Rage"],"picked":"Cleave","floor":1},{"not_picked":["Twin Strike","Cleave","Uppercut"],"picked":"SKIP","floor":2},{"not_picked":["Uppercut","Pommel Strike"],"picked":"Second Wind","floor":5},{"not_picked":["Cleave","Intimidate"],"picked":"True Grit","floor":6},{"not_picked":["Headbutt","Sentinel"],"picked":"Power Through","floor":7},{"not_picked":["Pummel","Iron Wave","Rupture"],"picked":"SKIP","floor":8},{"not_picked":["Thunderclap","Anger"],"picked":"True Grit","floor":10},{"not_picked":["Twin Strike","Disarm"],"picked":"Armaments","floor":12},{"not_picked":["Uppercut","Wild Strike"],"picked":"Pommel Strike","floor":13},{"not_picked":["Flex","Clash"],"picked":"Dark Embrace","floor":14},{"not_picked":["Fiend Fire","Bludgeon"],"picked":"Barricade","floor":16},{"not_picked":["Thunderclap+1","Combust+1","Anger"],"picked":"SKIP","floor":18},{"not_picked":["Iron Wave","Flex","Twin Strike+1"],"picked":"SKIP","floor":21}],"player_experience":832927,"relics_obtained":[{"floor":6,"key":"Bag of Preparation"},{"floor":8,"key":"Strawberry"},{"floor":9,"key":"Pear"},{"floor":20,"key":"Whetstone"}],"event_choices":[{"damage_healed":0,"gold_gain":0,"cards_transformed":["Strike_R"],"player_choice":"Transformed","damage_taken":0,"max_hp_gain":0,"max_hp_loss":0,"event_name":"Transmorgrifier","floor":3,"gold_loss":0,"cards_obtained":["Shockwave"]},{"damage_healed":0,"gold_gain":0,"player_choice":"Read","damage_taken":0,"max_hp_gain":0,"max_hp_loss":0,"event_name":"The Library","floor":22,"gold_loss":0,"cards_obtained":["Entrench"]}],"is_beta":false,"boss_relics":[{"not_picked":["Fusion Hammer","Sozu"],"picked":"Mark of Pain"}],"items_purged_floors":[19],"is_endless":false,"potions_floor_spawned":[5,6,7,12,14],"killed_by":"Slavers","ascension_level":8}}