{"host":"kwyq3wo3fj8d4s27","time":1613247713,"event":{"mods":["AchievementEnabler","BaseMod","Colored Map","Highlight Path","Minty Spire (QoL Compilation)","StSLib"],"gold_per_floor":[119,131,890,890,906,937,937,937,937,949,969,986,1020,333,333,435,435,449,449,461,1285,1285,1317,1317,1346,1370,1399,551,551,565,1499,1499,1597,1597,1615,1665,1164,1182,1194,1224,1239,1239,1307,1336,1336,1359,1359,1392,1392,1392],"floor_reached":51,"language":"ENG","playtime":1696,"items_purged":["Strike_R","Defend_R","Defend_R","Defend_R"],"score":1056,"play_id":"6080e124-3e4a-4af9-b960-acec264ca3c3","local_time":"20210213122153","is_ascension_mode":true,"campfire_choices":[{"data":"1","floor":7,"key":"LIFT"},{"data":"2","floor":15,"key":"LIFT"},{"data":"3","floor":24,"key":"LIFT"},{"data":"Apotheosis","floor":29,"key":"SMITH"},{"data":"Limit Break","floor":32,"key":"SMITH"},{"data":"Inflame","floor":45,"key":"SMITH"},{"data":"Spot Weakness","floor":49,"key":"SMITH"}],"circlet_count":0,"master_deck":["Bash+1","Apotheosis+1","Heavy Blade+1","Inflame+1","Spot Weakness+1","Whirlwind","Limit Break+1","Double Tap","Madness+1","Madness+1"],"relics":["Burning Blood","Orichalcum","Girya","Eternal Feather","Shuriken","Mummified Hand","OrangePellets","Whetstone","Pocketwatch","Velvet Choker","Bottled Tornado","Bag of Marbles","Orrery","InkBottle","Charon\u0027s Ashes","Centennial Puzzle","Nunchaku","Sundial","Thread and Needle","Sling","Unceasing Top","SlaversCollar","Champion Belt","Toxic Egg 2","Letter Opener","Bronze Scales","Pear","Frozen Egg 2","Toy Ornithopter","Bottled Lightning"],"acts_visited":["Exordium","TheCity","TheBeyond"],"potions_floor_usage":[],"damage_taken":[{"damage":8,"enemies":"2 Louse","floor":1,"turns":4},{"damage":1,"enemies":"Cultist","floor":2,"turns":4},{"damage":9,"enemies":"Jaw Worm","floor":5,"turns":6},{"damage":12,"enemies":"3 Sentries","floor":6,"turns":12},{"damage":18,"enemies":"Gremlin Gang","floor":10,"turns":7},{"damage":15,"enemies":"Looter","floor":11,"turns":4},{"damage":4,"enemies":"3 Louse","floor":12,"turns":5},{"damage":2,"enemies":"Gremlin Nob","floor":13,"turns":4},{"damage":36,"enemies":"Hexaghost","floor":16,"turns":4},{"damage":9,"enemies":"2 Thieves","floor":18,"turns":3},{"damage":10,"enemies":"3 Byrds","floor":20,"turns":5},{"damage":6,"enemies":"Book of Stabbing","floor":23,"turns":2},{"damage":26,"enemies":"Gremlin Leader","floor":25,"turns":3},{"damage":4,"enemies":"Book of Stabbing","floor":27,"turns":2},{"damage":0,"enemies":"Snecko","floor":30,"turns":2},{"damage":6,"enemies":"Champ","floor":33,"turns":3},{"damage":27,"enemies":"3 Shapes","floor":35,"turns":3},{"damage":0,"enemies":"Mind Bloom Boss Battle","floor":36,"turns":1},{"damage":0,"enemies":"3 Darklings","floor":38,"turns":2},{"damage":20,"enemies":"Maw","floor":39,"turns":3},{"damage":2,"enemies":"Nemesis","floor":40,"turns":3},{"damage":8,"enemies":"Writhing Mass","floor":41,"turns":2},{"damage":2,"enemies":"Reptomancer","floor":44,"turns":2},{"damage":0,"enemies":"Nemesis","floor":48,"turns":1},{"damage":5,"enemies":"Awakened One","floor":50,"turns":3}],"seed_played":"-26432303513328264","potions_obtained":[{"floor":1,"key":"Explosive Potion"},{"floor":2,"key":"HeartOfIron"},{"floor":5,"key":"SteroidPotion"}],"is_trial":false,"path_per_floor":["M","M","$","?","M","E","R","?","T","M","M","M","E","$","R","B",null,"M","?","M","$","?","E","R","E","T","E","$","R","M","$","R","B",null,"M","?","$","M","M","E","M","?","T","E","R","T","?","E","R","B",null],"character_chosen":"IRONCLAD","items_purchased":["Orichalcum","Girya","Apotheosis","Heavy Blade","OrangePellets","Whetstone","Pocketwatch","Bottled Tornado","Bag of Marbles","Orrery","Sundial","Thread and Needle","Double Tap","Sling","Unceasing Top","FairyPotion","Toxic Egg 2","Letter Opener"],"campfire_rested":0,"item_purchase_floors":[3,3,3,3,14,14,14,21,21,21,28,28,28,31,31,31,37,37],"current_hp_per_floor":[54,59,59,59,56,50,53,53,53,80,71,73,77,77,80,50,80,77,77,73,73,73,73,76,56,56,58,58,61,67,67,70,70,80,59,65,65,71,57,61,59,49,59,63,69,69,69,75,81,82],"gold":1392,"neow_bonus":"REMOVE_TWO","is_daily":false,"chose_seed":false,"campfire_upgraded":4,"win_rate":0.0,"timestamp":1613247713,"path_taken":["M","M","$","?","M","E","R","?","T","M","?","M","E","$","R","BOSS","M","?","M","$","?","E","R","E","T","E","$","R","?","$","R","BOSS","M","?","$","M","M","E","M","?","T","E","R","?","?","E","R","BOSS"],"items_purchased_type":["Relic","Relic","Card","Card","Relic","Relic","Relic","Relic","Relic","Relic","Relic","Relic","Card","Relic","Relic","Potion","Relic","Relic"],"build_version":"2020-12-22","purchased_purges":4,"victory":true,"max_hp_per_floor":[80,80,80,80,80,80,80,80,80,80,80,80,80,80,80,80,80,80,80,80,80,80,80,80,80,80,80,80,80,80,80,80,80,80,80,80,80,80,80,80,80,80,90,90,90,90,90,90,90,90],"card_choices":[{"not_picked":["Seeing Red","Cleave","Twin Strike"],"picked":"SKIP","floor":1},{"not_picked":["Burning Pact","Clothesline","Anger"],"picked":"SKIP","floor":2},{"not_picked":["Shrug It Off","Ghostly Armor","Heavy Blade"],"picked":"SKIP","floor":5},{"not_picked":["Feed","Warcry","Shockwave"],"picked":"SKIP","floor":6},{"not_picked":["Second Wind","Iron Wave","Sever Soul"],"picked":"SKIP","floor":10},{"not_picked":["Carnage","Rage"],"picked":"Inflame","floor":11},{"not_picked":["Bloodletting","Armaments"],"picked":"Spot Weakness","floor":12},{"not_picked":["Sword Boomerang","Power Through","Feed"],"picked":"SKIP","floor":13},{"not_picked":["Flex","Bloodletting","Heavy Blade"],"picked":"SKIP","floor":18},{"not_picked":["Hemokinesis","Shrug It Off"],"picked":"Whirlwind","floor":20},{"not_picked":["Shrug It Off","Anger+1"],"picked":"Berserk","floor":21},{"not_picked":["Body Slam","Seeing Red+1"],"picked":"Limit Break","floor":21},{"not_picked":["Anger","Clothesline","Impervious"],"picked":"SKIP","floor":23},{"not_picked":["Cleave+1","Second Wind","Iron Wave"],"picked":"SKIP","floor":25},{"not_picked":["Twin Strike+1","Cleave","Pommel Strike+1"],"picked":"SKIP","floor":27},{"not_picked":["Intimidate+1","Iron Wave","Clash+1"],"picked":"SKIP","floor":30},{"not_picked":["Rage","True Grit","Sword Boomerang"],"picked":"SKIP","floor":35},{"not_picked":["Shrug It Off+1","Carnage","Feed"],"picked":"SKIP","floor":38},{"not_picked":["Rage+1","Thunderclap","Hemokinesis"],"picked":"SKIP","floor":39},{"not_picked":["Headbutt","Iron Wave+1","Dark Embrace+1"],"picked":"SKIP","floor":40},{"not_picked":["Searing Blow+1","Clothesline+1","Headbutt+1"],"picked":"SKIP","floor":41},{"not_picked":["Shrug It Off+1","Pummel+1","Uppercut+1"],"picked":"SKIP","floor":44},{"not_picked":["Perfected Strike+1","Feed","Iron Wave+1"],"picked":"SKIP","floor":48}],"player_experience":21155,"relics_obtained":[{"floor":6,"key":"Eternal Feather"},{"floor":9,"key":"Shuriken"},{"floor":13,"key":"Mummified Hand"},{"floor":23,"key":"InkBottle"},{"floor":25,"key":"Charon\u0027s Ashes"},{"floor":26,"key":"Centennial Puzzle"},{"floor":27,"key":"Nunchaku"},{"floor":36,"key":"Champion Belt"},{"floor":40,"key":"Bronze Scales"},{"floor":43,"key":"Pear"},{"floor":44,"key":"Frozen Egg 2"},{"floor":46,"key":"Toy Ornithopter"},{"floor":48,"key":"Bottled Lightning"}],"event_choices":[{"cards_removed":["Strike_R"],"damage_healed":0,"gold_gain":0,"player_choice":"Forget","damage_taken":0,"max_hp_gain":0,"max_hp_loss":0,"event_name":"Living Wall","floor":4,"gold_loss":0},{"cards_removed":["Strike_R"],"damage_healed":0,"gold_gain":0,"player_choice":"Offered Basic","damage_taken":0,"max_hp_gain":0,"max_hp_loss":0,"event_name":"Bonfire Elementals","floor":8,"gold_loss":0},{"damage_healed":0,"gold_gain":0,"player_choice":"Ignored","damage_taken":0,"max_hp_gain":0,"max_hp_loss":0,"event_name":"Vampires","floor":19,"gold_loss":0},{"cards_removed":["Defend_R"],"damage_healed":0,"gold_gain":0,"player_choice":"Purged","damage_taken":0,"max_hp_gain":0,"max_hp_loss":0,"event_name":"Purifier","floor":22,"gold_loss":0},{"damage_healed":0,"gold_gain":0,"player_choice":"Fight","damage_taken":0,"max_hp_gain":0,"max_hp_loss":0,"event_name":"MindBloom","floor":36,"gold_loss":0},{"damage_healed":0,"gold_gain":0,"player_choice":"Embrace Madness","damage_taken":10,"max_hp_gain":0,"max_hp_loss":0,"event_name":"Winding Halls","floor":42,"gold_loss":0,"cards_obtained":["Madness","Madness"]},{"cards_removed":["Berserk"],"damage_healed":0,"gold_gain":0,"player_choice":"Removed Power","damage_taken":0,"max_hp_gain":0,"max_hp_loss":0,"event_name":"Falling","floor":47,"gold_loss":0}],"is_beta":false,"boss_relics":[{"not_picked":["Runic Pyramid","Black Blood"],"picked":"Velvet Choker"},{"not_picked":["SacredBark","Tiny House"],"picked":"SlaversCollar"}],"items_purged_floors":[3,14,21,28],"is_endless":false,"potions_floor_spawned":[1,2,5,11,16,20,23,33,38,39,40,48],"ascension_level":2}}