{"host":"t9zjxed0utvsfjwc","time":1613213444,"event":{"mods":["2.2 Compatiblity","Aspiration","BaseMod","Better Altar","Better Match","Better Note","Better Sensory Stone","Better Skull","Better Third Choice","Block Reminder","Colored Map","Colored Powertips","Custom Start","Downfall","Hermit","Highlight Path","Hubris","Infinite Spire","Marisa????????","Minty Spire (QoL Compilation)","Quick Restart","Rare Cards Sparkle","Reliquary","Replay The Spire","StSLib","The Cursed","The Marked","The Runesmith","Unceasing Turn Reminder","everything is the same but u backflip on backflip"],"gold_per_floor":[118,118,118,43,61,88,104,104,153,183,200,226,257,272,272,374,374,389,374,388,388,388,388,423,442,442,462,462,493,505,505,505],"floor_reached":31,"language":"ENG","playtime":1597,"items_purged":["theMarked:Defend","Guardian:DonusPower"],"score":297,"play_id":"c705c541-dfe3-4ce8-aa2d-1154ef91d5e6","local_time":"20210213105044","is_ascension_mode":false,"campfire_choices":[{"floor":15,"key":"REST"},{"data":"theMarked:EmpowerWeapon","floor":23,"key":"SMITH"},{"floor":28,"key":"REST"}],"circlet_count":0,"master_deck":["theMarked:Strike","theMarked:Strike","theMarked:Strike","theMarked:Defend","theMarked:Defend","theMarked:Defend","theMarked:SoldierOfQuellstein","theMarked:Memento","theMarked:ChannelForce","Demon Form","theMarked:EmpowerWeapon+1","theMarked:BanishingStrike+1","theMarked:MysticalArsenal+1","theMarked:BanishingStrike","theMarked:MuscleMemory","theMarked:Heritage","theMarked:OneWithTheBlade"],"relics":["theMarked:ArtifactOfAir","aspiration:Nostalgia","m_GuardianBlood","Replay:WaspNest","aspiration:BabyByrd","aspiration:Lifesprig","ReplayTheSpireMod:TigerMarble","reliquary:Boomerang","Bird Faced Urn","expansioncontent:StudyCardRelic","infinitespire:PuzzleCube","Runesmith:AutoHammer","Ice Cream","Art of War"],"acts_visited":["Exordium","TheCity"],"potions_floor_usage":[6,10,13,19,24],"damage_taken":[{"damage":0,"enemies":"2 Louse","floor":1,"turns":3},{"damage":0,"enemies":"Cultist","floor":5,"turns":4},{"damage":39,"enemies":"3 Sentries","floor":6,"turns":9},{"damage":3,"enemies":"Jaw Worm","floor":7,"turns":4},{"damage":10,"enemies":"Gremlin Nob","floor":10,"turns":4},{"damage":3,"enemies":"Gremlin Gang","floor":11,"turns":3},{"damage":21,"enemies":"3 Sentries","floor":13,"turns":5},{"damage":2,"enemies":"Blue Slaver","floor":14,"turns":3},{"damage":48,"enemies":"Slime Boss","floor":16,"turns":10},{"damage":7,"enemies":"Shell Parasite","floor":18,"turns":5},{"damage":13,"enemies":"2 Thieves","floor":19,"turns":4},{"damage":3,"enemies":"Centurion and Healer","floor":20,"turns":3},{"damage":37,"enemies":"Slavers","floor":24,"turns":4},{"damage":21,"enemies":"Snake Plant","floor":25,"turns":3},{"damage":5,"enemies":"Chosen and Byrds","floor":27,"turns":6},{"damage":22,"enemies":"Gremlin Leader","floor":29,"turns":4},{"damage":57,"enemies":"3 Cultists","floor":30,"turns":5},{"damage":27,"enemies":"Shelled Parasite and Fungi","floor":31,"turns":2}],"seed_played":"-8713582986036905722","potions_obtained":[{"floor":1,"key":"SneckoOil"},{"floor":6,"key":"FearPotion"},{"floor":11,"key":"ColorlessPotion"},{"floor":14,"key":"SpeedPotion"},{"floor":19,"key":"Venom Potion"},{"floor":20,"key":"SkillPotion"},{"floor":27,"key":"Strength Potion"}],"is_trial":false,"path_per_floor":["M","?","?","$","M","E","M","?","T","E","M","T","E","M","R_BF","B",null,"M","M","M","AVR","?","R","E","M","T","M","R","E","M","M"],"character_chosen":"THE_DEFAULT","items_purchased":[],"campfire_rested":2,"item_purchase_floors":[],"current_hp_per_floor":[70,70,70,70,70,37,40,40,40,36,39,39,24,28,49,7,70,69,65,70,70,70,70,41,32,32,41,62,52,15,0,0],"gold":505,"neow_bonus":"NOSTALGIA","is_daily":false,"chose_seed":false,"campfire_upgraded":1,"win_rate":0.0,"timestamp":1613213444,"path_taken":["M","?","?","$","?","E","M","?","T","E","M","?","E","M","R_BF","BOSS","M","?","M","AVR","?","R","E","M","T","M","R","E","?","M"],"items_purchased_type":[],"build_version":"2020-12-22","purchased_purges":2,"victory":false,"max_hp_per_floor":[70,70,70,70,70,70,70,70,70,70,70,70,70,70,70,70,70,70,70,70,70,70,70,70,70,70,70,70,70,70,70,70],"card_choices":[{"not_picked":["theMarked:AttractMetal","theMarked:ShockingTouch"],"picked":"theMarked:Memento","floor":1},{"not_picked":["theMarked:ResourceFulStrike","Heavy Blade"],"picked":"Guardian:DonusPower","floor":5},{"not_picked":["Heavy Blade","Thunderclap","Body Slam"],"picked":"SKIP","floor":6},{"not_picked":["theMarked:TwofoldDefense","theMarked:Opportunist","theMarked:TunnelVision"],"picked":"SKIP","floor":7},{"not_picked":["Twin Strike","theMarked:Frustration","theMarked:Polarize"],"picked":"SKIP","floor":10},{"not_picked":["Guardian:HyperBeam_Guardian","theMarked:KeepCalmAndFight","Guardian:Gem_Red"],"picked":"SKIP","floor":11},{"not_picked":["theMarked:TakeCover","theMarked:TunnelVision"],"picked":"theMarked:ChannelForce","floor":13},{"not_picked":["theMarked:Indomitable","theMarked:ResourceFulStrike","theMarked:TakeCover"],"picked":"SKIP","floor":14},{"not_picked":["theMarked:EternalStudent","Guardian:HyperBeam_Guardian"],"picked":"Demon Form","floor":16},{"not_picked":["theMarked:Aftermath+1","theMarked:Memento","theMarked:SelfDefenseTraining+1"],"picked":"SKIP","floor":18},{"not_picked":["theMarked:Overthink","theMarked:SwordAndMagic"],"picked":"theMarked:EmpowerWeapon","floor":19},{"not_picked":["theMarked:EnhanceMovement","theMarked:Frustration"],"picked":"theMarked:BanishingStrike+1","floor":20},{"not_picked":["theMarked:TwofoldDefense+1","theMarked:HeightenedSenses+1","theMarked:Defy"],"picked":"SKIP","floor":24},{"not_picked":["theMarked:Aftermath","theMarked:Maelstrom"],"picked":"theMarked:BanishingStrike","floor":25},{"not_picked":["theMarked:Maelstrom","theMarked:CreepingChasm"],"picked":"theMarked:MuscleMemory","floor":27},{"not_picked":["theMarked:Determination","theMarked:ElectricStrings"],"picked":"theMarked:Heritage","floor":29},{"not_picked":["theMarked:KeepCalmAndFight+1","theMarked:Seal"],"picked":"theMarked:OneWithTheBlade","floor":30}],"player_experience":549113,"relics_obtained":[{"floor":6,"key":"Replay:WaspNest"},{"floor":9,"key":"aspiration:Lifesprig"},{"floor":10,"key":"ReplayTheSpireMod:TigerMarble"},{"floor":12,"key":"reliquary:Boomerang"},{"floor":13,"key":"Bird Faced Urn"},{"floor":24,"key":"Runesmith:AutoHammer"},{"floor":26,"key":"Ice Cream"},{"floor":29,"key":"Art of War"}],"event_choices":[{"cards_removed":["theMarked:Strike"],"damage_healed":0,"gold_gain":0,"player_choice":"Forget","damage_taken":0,"max_hp_gain":0,"max_hp_loss":0,"event_name":"Living Wall","floor":2,"gold_loss":0},{"cards_removed":["theMarked:Strike"],"damage_healed":0,"gold_gain":0,"player_choice":"Purged","damage_taken":0,"max_hp_gain":0,"max_hp_loss":0,"event_name":"Purifier","floor":3,"gold_loss":0},{"cards_removed":["Demon Form"],"damage_healed":0,"gold_gain":0,"player_choice":"Take \u0026 Give","damage_taken":0,"max_hp_gain":0,"max_hp_loss":0,"event_name":"betterNote:BetterNote","floor":22,"gold_loss":0,"cards_obtained":["theMarked:MysticalArsenal"]}],"is_beta":false,"boss_relics":[{"not_picked":["reliquary:Ember","aspiration:FutureDiary"],"picked":"expansioncontent:StudyCardRelic"}],"items_purged_floors":[4,21],"is_endless":false,"potions_floor_spawned":[1,6,11,14,19,20,27],"killed_by":"Shelled Parasite and Fungi","ascension_level":0}}