{"host":"xp27heuvanyklt0b","time":1613216374,"event":{"mods":["100% Spire Juice","BaseMod","CapriCore","Minty Spire (QoL Compilation)","StSLib","The Immortal"],"gold_per_floor":[99,99,99,99,99,128,19,35,35,48,67,67,124,139,139,240,0,12,12,29,29,29,56,56,75,75,75,95,110,124,142,22,123,173,183,28,41,61,81,81,81],"floor_reached":40,"language":"KOR","playtime":1505,"items_purged":["Pain"],"score":539,"play_id":"00d3e50f-a349-4891-8254-0f5d8c0fbf1c","local_time":"20210213203934","is_ascension_mode":false,"campfire_choices":[{"data":"Moonworks:IndiscriminateFireSupport","floor":12,"key":"SMITH"},{"data":"Moonworks:IntelligenceOfficer","floor":15,"key":"SMITH"},{"floor":24,"key":"REST"},{"floor":27,"key":"REST"},{"floor":32,"key":"REST"}],"circlet_count":0,"master_deck":["Moonworks:Strike","Moonworks:Strike","Moonworks:Strike","Moonworks:Strike","Moonworks:Defend","Moonworks:Defend","Moonworks:Defend","Moonworks:Defend","Moonworks:Ambush+1","Moonworks:LongDistanceShot","Moonworks:RedAndBlue","Moonworks:EvilSpyWorkPreparation","Moonworks:IntelligenceOfficer+1","Moonworks:IndiscriminateFireSupport+1","Moonworks:TacticalRetreat+1","Moonworks:Heat300Percent+1","Moonworks:NicePresent+1","Moonworks:AccelHyper+1","Moonworks:DeployBits+1","Moonworks:MixPhenomenon+1","Moonworks:ExtendedPhotonRifle+1","Moonworks:Poppoformation+1","Moonworks:AwakeningOfTalent","Moonworks:Flamethrower+1","Moonworks:ImOnFire+1","Moonworks:LuckyCharm+1","Moonworks:IntelligenceOfficer+1","Moonworks:BigMagnum+1","Moonworks:SakisCookie+1","Moonworks:AnotherUltimateWeapon","Moonworks:DeployBits+1","Moonworks:WindyEnchantment+1","Moonworks:MiracleWalker+1","Moonworks:TacticalRetreat+1","Moonworks:StiffCrystal+1","Moonworks:BindingChains+1"],"relics":["Moonworks:BrokenBomb","Moonworks:Homemark","NeowsBlessing","WarpedTongs","Mango","Toxic Egg 2","Vajra","Black Star","MealTicket","Dream Catcher","Moonworks:LittleGull","Tiny House"],"acts_visited":["Exordium","TheCity","TheBeyond"],"potions_floor_usage":[13,25,40],"damage_taken":[{"damage":0,"enemies":"Jaw Worm","floor":1,"turns":1},{"damage":1,"enemies":"Gremlin Nob","floor":6,"turns":1},{"damage":2,"enemies":"Small Slimes","floor":7,"turns":1},{"damage":2,"enemies":"Cultist","floor":8,"turns":4},{"damage":14,"enemies":"Blue Slaver","floor":10,"turns":3},{"damage":15,"enemies":"Large Slime","floor":11,"turns":4},{"damage":4,"enemies":"Gremlin Nob","floor":13,"turns":4},{"damage":2,"enemies":"Exordium Wildlife","floor":14,"turns":4},{"damage":9,"enemies":"Slime Boss","floor":16,"turns":7},{"damage":0,"enemies":"Spheric Guardian","floor":18,"turns":2},{"damage":3,"enemies":"2 Thieves","floor":20,"turns":3},{"damage":61,"enemies":"Slavers","floor":23,"turns":7},{"damage":16,"enemies":"Centurion and Healer","floor":25,"turns":4},{"damage":0,"enemies":"Shelled Parasite and Fungi","floor":28,"turns":3},{"damage":10,"enemies":"Chosen and Byrds","floor":29,"turns":4},{"damage":4,"enemies":"Snecko","floor":30,"turns":4},{"damage":12,"enemies":"Cultist and Chosen","floor":31,"turns":4},{"damage":14,"enemies":"Collector","floor":33,"turns":6},{"damage":21,"enemies":"3 Shapes","floor":35,"turns":3},{"damage":6,"enemies":"Orb Walker","floor":37,"turns":2},{"damage":1021,"enemies":"3 Darklings","floor":38,"turns":4},{"damage":0,"enemies":"Spire Growth","floor":39,"turns":6},{"damage":23,"enemies":"Giant Head","floor":40,"turns":6}],"seed_played":"752504493788166305","potions_obtained":[{"floor":7,"key":"SkillPotion"},{"floor":8,"key":"Block Potion"},{"floor":10,"key":"Energy Potion"},{"floor":13,"key":"ColorlessPotion"},{"floor":28,"key":"FairyPotion"},{"floor":31,"key":"DuplicationPotion"},{"floor":34,"key":"Moonworks:OneHundredPercentOrangeJuicePotion"},{"floor":39,"key":"SpeedPotion"}],"is_trial":false,"path_per_floor":["M","?","?","$","?","E","M","M","T","M","M","R","?","M","R","B",null,"M","$","M","?","$","E","R","M","T","R","M","M","M","M","R","B",null,"M","$","M","M","M","E"],"character_chosen":"THE_STARBREAKER","items_purchased":["Moonworks:MiracleWalker+1"],"campfire_rested":3,"item_purchase_floors":[36],"current_hp_per_floor":[60,60,60,60,60,73,71,69,69,55,40,40,36,34,34,25,74,74,74,71,71,74,13,35,19,19,41,41,31,27,15,37,26,79,58,73,67,1,4,0,0],"gold":81,"neow_bonus":"THREE_ENEMY_KILL","is_daily":false,"chose_seed":false,"campfire_upgraded":2,"win_rate":0.0,"timestamp":1613216374,"path_taken":["M","?","?","$","?","E","M","M","T","?","M","R","?","M","R","BOSS","M","$","M","?","$","E","R","M","T","R","M","M","M","M","R","BOSS","M","$","M","M","M","E"],"items_purchased_type":["Card"],"build_version":"2020-12-22","purchased_purges":1,"victory":false,"max_hp_per_floor":[60,60,60,60,60,74,74,74,74,74,74,74,74,74,74,74,74,74,74,74,74,74,74,74,74,74,74,74,74,74,74,74,74,79,79,79,79,79,79,79,79],"card_choices":[{"not_picked":["Moonworks:LulusLuckyEgg","Moonworks:IndiscriminateFireSupport","Moonworks:MixPhenomenon"],"picked":"SKIP","floor":1},{"not_picked":["Moonworks:DevilHand","Moonworks:Poppoformation"],"picked":"Moonworks:RedAndBlue","floor":6},{"not_picked":["Moonworks:CloudOfSeagulls","Moonworks:AwakeningOfTalent"],"picked":"Moonworks:EvilSpyWorkPreparation","floor":7},{"not_picked":["Moonworks:CastOff","Moonworks:LulusLuckyEgg"],"picked":"Moonworks:IntelligenceOfficer","floor":8},{"not_picked":["Moonworks:MixPhenomenon+1","Moonworks:Dash+1"],"picked":"Moonworks:IndiscriminateFireSupport","floor":10},{"not_picked":["Moonworks:JonathanRush","Moonworks:SakisCookie+1"],"picked":"Moonworks:TacticalRetreat+1","floor":11},{"not_picked":["Moonworks:CloudOfSeagulls","Moonworks:IndiscriminateFireSupport"],"picked":"Moonworks:Heat300Percent+1","floor":13},{"not_picked":["Moonworks:ImOnFire+1","Moonworks:BigMagnum+1"],"picked":"Moonworks:NicePresent+1","floor":14},{"not_picked":["Moonworks:SinkOrSwim","Moonworks:CrystalBarrier"],"picked":"Moonworks:AccelHyper+1","floor":16},{"not_picked":["Moonworks:IndiscriminateFireSupport","Moonworks:RagingMadness"],"picked":"Moonworks:DeployBits+1","floor":18},{"not_picked":["Moonworks:NicePresent+1","Moonworks:LulusLuckyEgg+1"],"picked":"Moonworks:MixPhenomenon+1","floor":20},{"not_picked":["Moonworks:Assault","Moonworks:UnpaidWork+1"],"picked":"Moonworks:ExtendedPhotonRifle+1","floor":23},{"not_picked":["Moonworks:CloudOfSeagulls","Moonworks:ExtendedPhotonRifle"],"picked":"Moonworks:Poppoformation+1","floor":24},{"not_picked":["Moonworks:EvilSpyWorkPreparation+1","Moonworks:StiffCrystal+1"],"picked":"Moonworks:AwakeningOfTalent","floor":25},{"not_picked":["Moonworks:DevilHand","Moonworks:IntelligenceOfficer+1"],"picked":"Moonworks:Flamethrower+1","floor":27},{"not_picked":["Moonworks:UnluckyCharm+1","Moonworks:LulusLuckyEgg+1"],"picked":"Moonworks:ImOnFire+1","floor":28},{"not_picked":["Moonworks:AwakeningOfTalent","Moonworks:Flamethrower+1"],"picked":"Moonworks:LuckyCharm+1","floor":29},{"not_picked":["Moonworks:CrystalBarrier","Moonworks:CastOff+1"],"picked":"Moonworks:IntelligenceOfficer+1","floor":30},{"not_picked":["Moonworks:CloudOfSeagulls","Moonworks:Assault"],"picked":"Moonworks:BigMagnum+1","floor":31},{"not_picked":["Moonworks:Heat300Percent+1","Moonworks:ImOnFire+1"],"picked":"Moonworks:SakisCookie+1","floor":32},{"not_picked":["Moonworks:Blazing","Moonworks:HolyNight"],"picked":"Moonworks:AnotherUltimateWeapon","floor":33},{"not_picked":["Moonworks:x16BigRocket","Moonworks:BigMagnum+1"],"picked":"Moonworks:DeployBits+1","floor":34},{"not_picked":["Moonworks:JonathanRush","Moonworks:EvilSpyWorkPreparation+1"],"picked":"Moonworks:WindyEnchantment+1","floor":35},{"not_picked":["Moonworks:ImOnFire+1","Moonworks:Bloodlust+1"],"picked":"Moonworks:TacticalRetreat+1","floor":37},{"not_picked":["Moonworks:NicePresent+1","Moonworks:SelfDestruct"],"picked":"Moonworks:StiffCrystal+1","floor":38},{"not_picked":["Moonworks:Assault","Moonworks:IndiscriminateFireSupport+1"],"picked":"Moonworks:BindingChains+1","floor":39}],"player_experience":222408,"relics_obtained":[{"floor":6,"key":"Mango"},{"floor":9,"key":"Toxic Egg 2"},{"floor":13,"key":"Vajra"},{"floor":23,"key":"Dream Catcher"},{"floor":23,"key":"Moonworks:LittleGull"}],"event_choices":[{"damage_healed":0,"gold_gain":0,"player_choice":"Ignored","damage_taken":0,"max_hp_gain":0,"max_hp_loss":0,"event_name":"Liars Game","floor":2,"gold_loss":0},{"damage_healed":0,"gold_gain":0,"player_choice":"Ignored","damage_taken":0,"max_hp_gain":0,"max_hp_loss":0,"event_name":"Shining Light","floor":3,"gold_loss":0},{"damage_healed":0,"gold_gain":0,"player_choice":"Rummage","damage_taken":0,"relics_obtained":["WarpedTongs"],"max_hp_gain":0,"max_hp_loss":0,"event_name":"Accursed Blacksmith","floor":5,"gold_loss":0,"cards_obtained":["Pain"]},{"damage_healed":0,"gold_gain":0,"player_choice":"Searched \u00271\u0027 times","damage_taken":0,"max_hp_gain":0,"max_hp_loss":0,"event_name":"Dead Adventurer","floor":13,"gold_loss":0},{"damage_healed":0,"gold_gain":0,"player_choice":"Opened","damage_taken":0,"relics_obtained":["MealTicket"],"max_hp_gain":0,"max_hp_loss":0,"event_name":"The Mausoleum","floor":21,"gold_loss":0}],"is_beta":false,"boss_relics":[{"not_picked":["Velvet Choker","Moonworks:SBBomb"],"picked":"Black Star"},{"not_picked":["Busted Crown","Runic Pyramid"],"picked":"Tiny House"}],"items_purged_floors":[36],"is_endless":false,"potions_floor_spawned":[7,8,10,13,20,28,29,30,31,37,39],"killed_by":"Giant Head","ascension_level":0}}