{"host":"rolltorest","time":1613183977,"event":{"mods":["BaseMod","Minty Spire (QoL Compilation)","Relic Stats","Slay the Relics Exporter","StSLib"],"gold_per_floor":[115,40,190,190,190,229,252,266,266,266,280,293,85,85,85,85,85],"floor_reached":16,"language":"ENG","playtime":289,"items_purged":["Doubt"],"score":250,"play_id":"4e958c28-9474-4d46-b7b3-b6f67191e9e3","local_time":"20210212183937","is_ascension_mode":true,"campfire_choices":[{"data":"Dagger Spray","floor":10,"key":"SMITH"},{"data":"Neutralize","floor":15,"key":"SMITH"}],"circlet_count":0,"master_deck":["AscendersBane","Strike_G","Strike_G","Strike_G","Strike_G","Defend_G","Defend_G","Defend_G","Defend_G","Defend_G","Survivor","Neutralize+1","Deadly Poison","Dagger Spray+1","Accuracy","PiercingWail","Underhanded Strike","Deadly Poison","Well Laid Plans"],"relics":["Ring of the Snake","NeowsBlessing","Golden Idol","Gambling Chip","Paper Crane","Strawberry"],"acts_visited":["Exordium"],"potions_floor_usage":[16],"damage_taken":[{"damage":0,"enemies":"2 Louse","floor":1,"turns":1},{"damage":0,"enemies":"3 Sentries","floor":6,"turns":1},{"damage":0,"enemies":"Jaw Worm","floor":7,"turns":1},{"damage":7,"enemies":"Small Slimes","floor":8,"turns":3},{"damage":7,"enemies":"Looter","floor":11,"turns":4},{"damage":0,"enemies":"Lots of Slimes","floor":12,"turns":1},{"damage":43,"enemies":"Slime Boss","floor":16,"turns":10}],"seed_played":"5107432377240681035","potions_obtained":[{"floor":8,"key":"FairyPotion"},{"floor":11,"key":"Explosive Potion"},{"floor":12,"key":"ColorlessPotion"}],"is_trial":false,"path_per_floor":["M","?","?","?","T","E","M","M","T","R","M","M","$","?","R","B"],"character_chosen":"THE_SILENT","items_purchased":["Deadly Poison","Well Laid Plans"],"campfire_rested":0,"item_purchase_floors":[13,13],"current_hp_per_floor":[59,59,59,59,59,59,59,52,59,59,52,52,52,52,52,9,9],"gold":85,"neow_bonus":"THREE_ENEMY_KILL","is_daily":false,"chose_seed":false,"campfire_upgraded":2,"win_rate":0.0,"timestamp":1613183977,"path_taken":["M","?","?","?","?","E","M","M","T","R","M","?","$","?","R","BOSS"],"items_purchased_type":["Card","Card"],"build_version":"2020-12-18","purchased_purges":1,"victory":false,"max_hp_per_floor":[66,66,66,60,60,60,60,60,67,67,67,67,67,67,67,67,67],"relic_stats":{"counters":[7,21],"Golden Idol":22,"Gambling Chip":[18],"obtain_stats":[{"NeowsBlessing":0,"Golden Idol":4,"Gambling Chip":5,"Strawberry":9,"Paper Crane":6,"Ring of the Snake":0},{"NeowsBlessing":0,"Golden Idol":1,"Gambling Chip":1,"Strawberry":4,"Paper Crane":2,"Ring of the Snake":0},{"NeowsBlessing":0,"Golden Idol":1,"Gambling Chip":1,"Strawberry":6,"Paper Crane":2,"Ring of the Snake":0}],"Ring of the Snake":[14]},"card_choices":[{"not_picked":["PiercingWail","Dodge and Roll"],"picked":"Deadly Poison","floor":1},{"not_picked":["Escape Plan","Backflip"],"picked":"Dagger Spray","floor":6},{"not_picked":["Cloak And Dagger","Deflect"],"picked":"Accuracy","floor":7},{"not_picked":["Prepared","Flying Knee","Backflip"],"picked":"SKIP","floor":8},{"not_picked":["Dodge and Roll","Skewer"],"picked":"PiercingWail","floor":11},{"not_picked":["Dodge and Roll","Flying Knee"],"picked":"Underhanded Strike","floor":12}],"player_experience":1967401,"relics_obtained":[{"floor":5,"key":"Gambling Chip"},{"floor":6,"key":"Paper Crane"},{"floor":9,"key":"Strawberry"}],"event_choices":[{"cards_removed":["Strike_G"],"damage_healed":0,"gold_gain":0,"player_choice":"Card Removal","damage_taken":0,"max_hp_gain":0,"max_hp_loss":0,"event_name":"The Cleric","floor":2,"gold_loss":75},{"damage_healed":0,"gold_gain":150,"player_choice":"AGREE","damage_taken":0,"max_hp_gain":0,"max_hp_loss":0,"event_name":"Liars Game","floor":3,"gold_loss":0,"cards_obtained":["Doubt"]},{"damage_healed":0,"gold_gain":0,"player_choice":"Lose Max HP","damage_taken":0,"relics_obtained":["Golden Idol"],"max_hp_gain":0,"max_hp_loss":6,"event_name":"Golden Idol","floor":4,"gold_loss":0},{"damage_healed":0,"gold_gain":0,"player_choice":"0 cards matched","damage_taken":0,"max_hp_gain":0,"max_hp_loss":0,"event_name":"Match and Keep!","floor":14,"gold_loss":0,"cards_obtained":[]}],"is_beta":true,"boss_relics":[],"items_purged_floors":[13],"is_endless":false,"potions_floor_spawned":[8,11,12],"killed_by":"Slime Boss","ascension_level":20}}