{"host":"og21o26alpnbwmz8","time":1613240260,"event":{"mods":["Act Like it!","Aspiration","Astrologer","BaseMod","Conspire","Downfall","Gensokyo","Halation","Hubris","Jedi Mod","Mimic Mod","Minty Spire (QoL Compilation)","Pale of the Ancients","Reliquary","Replay The Spire","Shop Mod","Spikes Relics","StSLib","The Alterego","The Blue Laboratory","The Poker Player","The Witch","Waifu the Spire","Yuri Mod"],"gold_per_floor":[114,150,150,163,175,175,200,216,216,228,242,271,271,289,289,384,384,396,409,21,21,36,36,36,36,68,99,114,124,124,159,159,264,264,282,296,296,315,333,358,358,358,385,385,385,385,385,23,58,79,79,92,92,92,427,973,1051],"floor_reached":58,"language":"ENG","playtime":3647,"items_purged":["astrologer:Strike","astrologer:Strike"],"score":1789,"play_id":"f55f4f66-1224-48ef-8c71-eb91a454cadd","local_time":"20210213131740","is_ascension_mode":false,"campfire_choices":[{"data":"astrologer:Fireball","floor":6,"key":"SMITH"},{"data":"astrologer:StarOfMisfortune","floor":15,"key":"SMITH"},{"data":"astrologer:Prismatic","floor":23,"key":"SMITH"},{"data":"astrologer:Stardust","floor":25,"key":"SMITH"},{"data":"astrologer:CosmicExpanse","floor":32,"key":"SMITH"},{"floor":41,"key":"RECALL"},{"data":"astrologer:Stardust","floor":47,"key":"SMITH"},{"data":"astrologer:TheStar","floor":51,"key":"SMITH"},{"data":"astrologer:NorthStar","floor":54,"key":"SMITH"}],"circlet_count":0,"master_deck":["astrologer:Strike","astrologer:Defend","astrologer:Defend","astrologer:Defend","astrologer:Defend","astrologer:NorthStar+1","astrologer:TheFool","astrologer:Fireball+1","astrologer:StarOfMisfortune+1","astrologer:FrozenStar","astrologer:Prismatic+1","astrologer:Stardust+1","astrologer:TheChariot","astrologer:TheLovers","astrologer:Stardust+1","astrologer:TheWorld","Good Instincts","astrologer:Confirmation","astrologer:TheStar+1","astrologer:FrozenStar","astrologer:CosmicExpanse+1","astrologer:TheChariot+1","astrologer:Sunrise+1","astrologer:TheStar+1","astrologer:ShiningStar+1"],"relics":["astrologer:SkyMirror","Omamori","Quantum Egg","astrologer:Telescope","jedi:arcanewood","Meat on the Bone","Painkiller Herb","aspiration:SeaSaltIceCream","Iron Hammer","halation:WeightlessCrab","aspiration:HummingbirdHeart","aspiration:FetidBarrel","hubris:Towel","reliquary:TuningFork","halation:PinkSoulGem","ReplayTheSpireMod:TigerMarble","halation:IllGainedPizza","Bottled Lightning","Durian","Thread and Needle","hubris:NiceRug","Guardian:PocketSentry","reliquary:Knoch","Guardian:BottledAnomaly","reliquary:OuijaBoard"],"acts_visited":["Exordium","TheCity","TheBeyond","TheEnding"],"potions_floor_usage":[10,29,56],"damage_taken":[{"damage":0,"enemies":"2 Louse","floor":1,"turns":3},{"damage":34,"enemies":"conspire:MimicChest","floor":2,"turns":6},{"damage":0,"enemies":"Small Slimes","floor":4,"turns":2},{"damage":1,"enemies":"Jaw Worm","floor":5,"turns":2},{"damage":9,"enemies":"Replay:BlueRogue","floor":7,"turns":7},{"damage":0,"enemies":"conspire:2 RoseBushes","floor":8,"turns":3},{"damage":2,"enemies":"Large Slime","floor":10,"turns":4},{"damage":0,"enemies":"Blue Slaver","floor":11,"turns":2},{"damage":10,"enemies":"Lagavulin","floor":12,"turns":6},{"damage":1,"enemies":"Exordium Thugs","floor":14,"turns":4},{"damage":0,"enemies":"Fading Forest","floor":16,"turns":11},{"damage":0,"enemies":"2 Thieves","floor":18,"turns":4},{"damage":0,"enemies":"Chosen","floor":19,"turns":4},{"damage":0,"enemies":"Centurion and Healer","floor":22,"turns":5},{"damage":0,"enemies":"3 Cultists","floor":26,"turns":7},{"damage":0,"enemies":"Replay:Snechameleon","floor":27,"turns":9},{"damage":2,"enemies":"3 Cultists","floor":28,"turns":5},{"damage":0,"enemies":"Cultist and Chosen","floor":29,"turns":5},{"damage":0,"enemies":"conspire:Head Lice","floor":31,"turns":6},{"damage":4,"enemies":"Pondfish","floor":33,"turns":11},{"damage":0,"enemies":"Orb Walker","floor":35,"turns":4},{"damage":13,"enemies":"3 Darklings","floor":36,"turns":5},{"damage":5,"enemies":"Transient","floor":38,"turns":5},{"damage":1,"enemies":"Maw","floor":39,"turns":7},{"damage":11,"enemies":"Giant Head","floor":40,"turns":8},{"damage":0,"enemies":"Spire Growth","floor":49,"turns":7},{"damage":0,"enemies":"Spire Growth","floor":50,"turns":4},{"damage":0,"enemies":"hubris:GrandSnecko","floor":52,"turns":10},{"damage":0,"enemies":"hubris:Merchant","floor":55,"turns":5},{"damage":61,"enemies":"Shield and Spear","floor":56,"turns":12},{"damage":0,"enemies":"The Heart","floor":57,"turns":7}],"seed_played":"3526317369251262043","potions_obtained":[{"floor":1,"key":"ColorlessPotion"},{"floor":2,"key":"jedi:tentaclejuice"},{"floor":11,"key":"jedi:mysterypotion"},{"floor":12,"key":"Fire Potion"},{"floor":27,"key":"Strength Potion"},{"floor":31,"key":"blueLaboratory:NullPotion"},{"floor":39,"key":"Dexterity Potion"},{"floor":55,"key":"DistilledChaos"},{"floor":55,"key":"blueLaboratory:FrostheartPotion"}],"is_trial":false,"path_per_floor":["M","?","?","M","M","R","E","M","T","M","M","E","T","M","R","B",null,"?","?","T","?","?","T","?","T","MIM","E","?","?","?","E","T","B",null,"?","?","?","?","?","E","T","?","T","PTL","PTL","?","T","T","MIM","?","T","B",null,"T","T","E","B",null],"character_chosen":"ASTROLOGER","items_purchased":["aspiration:SeaSaltIceCream","astrologer:Stardust","Bottled Lightning"],"campfire_rested":0,"item_purchase_floors":[20,20,48],"current_hp_per_floor":[70,36,36,36,35,35,26,26,26,24,24,14,14,25,25,47,70,70,70,70,70,70,70,70,70,70,70,68,68,68,68,68,64,70,70,57,57,52,51,40,40,40,40,40,40,40,40,40,45,45,45,45,71,71,77,28,40],"gold":1051,"neow_bonus":"RANDOM_COMMON_RELIC","is_daily":false,"chose_seed":false,"campfire_upgraded":8,"win_rate":0.0,"timestamp":1613240260,"path_taken":["M","?","?","M","?","R","E","M","T","M","M","E","?","M","R","BOSS","?","?","T","?","?","T","?","T","MIM","E","?","?","?","E","T","BOSS","?","?","?","?","?","E","T","?","T","PTL","PTL","?","T","T","?","?","T","BOSS","T","T","E","BOSS"],"items_purchased_type":["Relic","Card","Relic"],"build_version":"2020-12-22","purchased_purges":2,"victory":true,"max_hp_per_floor":[70,70,70,70,70,70,70,70,70,70,70,70,70,70,70,70,70,70,70,70,70,70,70,70,70,70,70,70,70,70,70,70,70,70,70,70,70,70,70,70,70,66,66,66,66,66,66,66,71,71,71,71,71,71,77,77,77],"card_choices":[{"not_picked":["astrologer:Stardust","astrologer:CometStrike","astrologer:Eclipse"],"picked":"SKIP","floor":1},{"not_picked":["astrologer:Conjunction","astrologer:SolarFlare"],"picked":"astrologer:Fireball","floor":2},{"not_picked":["astrologer:LonelyStar","astrologer:SpaceDust"],"picked":"astrologer:StarOfMisfortune","floor":4},{"not_picked":["astrologer:ReadTheStars","astrologer:Sunrise"],"picked":"astrologer:FrozenStar","floor":5},{"not_picked":["astrologer:Temperance","astrologer:Stardust"],"picked":"astrologer:Prismatic","floor":7},{"not_picked":["astrologer:Premonition","astrologer:CometStrike","astrologer:SpaceDust"],"picked":"SKIP","floor":8},{"not_picked":["astrologer:MeteorShower","astrologer:SolarFlare"],"picked":"astrologer:Stardust","floor":10},{"not_picked":["astrologer:Quincunx","astrologer:CometStrike","astrologer:Opposition"],"picked":"SKIP","floor":11},{"not_picked":["astrologer:SolarFlare","astrologer:Premeditation","astrologer:TheDevil"],"picked":"SKIP","floor":12},{"not_picked":["astrologer:Opposition","astrologer:Eclipse","astrologer:ReadTheStars"],"picked":"SKIP","floor":14},{"not_picked":["astrologer:Premonition","astrologer:Starfield"],"picked":"astrologer:TheChariot","floor":16},{"not_picked":["astrologer:Eclipse","astrologer:Glimpse"],"picked":"astrologer:TheLovers","floor":18},{"not_picked":["astrologer:SpaceDust","astrologer:Conjunction+1","astrologer:TheHighPriestess"],"picked":"SKIP","floor":19},{"not_picked":["astrologer:Conjunction","astrologer:Prismatic","astrologer:Opposition"],"picked":"SKIP","floor":22},{"not_picked":["astrologer:Justice+1","astrologer:Premeditation"],"picked":"astrologer:Confirmation","floor":26},{"not_picked":["astrologer:Confirmation","astrologer:TheLovers"],"picked":"astrologer:TheStar+1","floor":27},{"not_picked":["astrologer:WheelofFortune","astrologer:SpaceDust+1"],"picked":"astrologer:FrozenStar","floor":28},{"not_picked":["astrologer:FrozenStar","astrologer:Radiance","astrologer:Eclipse+1"],"picked":"SKIP","floor":29},{"not_picked":["astrologer:FadingStar","astrologer:Stardust"],"picked":"astrologer:CosmicExpanse","floor":31},{"not_picked":["astrologer:HeatDeath","astrologer:Fate"],"picked":"astrologer:TheChariot","floor":33},{"not_picked":["astrologer:Radiance+1","astrologer:CrystalBall","astrologer:SolarFlare"],"picked":"SKIP","floor":35},{"not_picked":["astrologer:Moonlight","astrologer:ReadTheStars+1"],"picked":"astrologer:Sunrise+1","floor":36},{"not_picked":["astrologer:TheEmpress+1","astrologer:Moonlight","astrologer:Quincunx"],"picked":"SKIP","floor":38},{"not_picked":["astrologer:Strength+1","astrologer:SolarFlare","astrologer:FrozenStar"],"picked":"SKIP","floor":39},{"not_picked":["astrologer:CometStrike","astrologer:Still","astrologer:MeteorShower"],"picked":"SKIP","floor":40},{"not_picked":["astrologer:Conjunction+1","astrologer:ReadTheStars"],"picked":"astrologer:TheStar","floor":49},{"not_picked":["astrologer:Conjunction","astrologer:StarOfCourage+1","astrologer:Radiance"],"picked":"SKIP","floor":50},{"not_picked":["astrologer:StarOfRegret"],"picked":"SKIP","floor":55},{"not_picked":["astrologer:MeteorShower"],"picked":"SKIP","floor":55},{"not_picked":["astrologer:TheEmperor"],"picked":"SKIP","floor":55},{"not_picked":["astrologer:Wish"],"picked":"SKIP","floor":55},{"not_picked":["astrologer:Prestidigitation"],"picked":"SKIP","floor":55},{"not_picked":["conspire:Banana"],"picked":"SKIP","floor":55},{"not_picked":["ReplayTheSpireMod:Brewmster"],"picked":"SKIP","floor":55},{"not_picked":["astrologer:FrozenStar+1","astrologer:NeutronStar"],"picked":"astrologer:ShiningStar+1","floor":56}],"player_experience":268620,"relics_obtained":[{"floor":2,"key":"Quantum Egg"},{"floor":7,"key":"astrologer:Telescope"},{"floor":12,"key":"jedi:arcanewood"},{"floor":13,"key":"Meat on the Bone"},{"floor":26,"key":"aspiration:HummingbirdHeart"},{"floor":27,"key":"aspiration:FetidBarrel"},{"floor":31,"key":"reliquary:TuningFork"},{"floor":40,"key":"ReplayTheSpireMod:TigerMarble"},{"floor":43,"key":"halation:IllGainedPizza"},{"floor":49,"key":"Durian"},{"floor":49,"key":"Thread and Needle"},{"floor":55,"key":"Guardian:PocketSentry"},{"floor":55,"key":"reliquary:Knoch"},{"floor":55,"key":"Guardian:BottledAnomaly"},{"floor":56,"key":"reliquary:OuijaBoard"}],"event_choices":[{"cards_removed":["astrologer:Strike"],"damage_healed":0,"gold_gain":0,"player_choice":"Forget","damage_taken":0,"max_hp_gain":0,"max_hp_loss":0,"event_name":"Living Wall","floor":3,"gold_loss":0},{"damage_healed":0,"gold_gain":0,"player_choice":"Stole Relic","damage_taken":0,"relics_obtained":["halation:WeightlessCrab"],"max_hp_gain":0,"max_hp_loss":0,"event_name":"Addict","floor":21,"gold_loss":0,"cards_obtained":["Shame"]},{"damage_healed":0,"gold_gain":0,"player_choice":"2 cards matched","damage_taken":0,"max_hp_gain":0,"max_hp_loss":0,"event_name":"Match and Keep!","floor":24,"gold_loss":0,"cards_obtained":["astrologer:TheWorld","Good Instincts"]},{"damage_healed":0,"gold_gain":0,"player_choice":"Max HP","damage_taken":0,"max_hp_gain":0,"max_hp_loss":4,"event_name":"Winding Halls","floor":42,"gold_loss":0},{"damage_healed":0,"gold_gain":0,"player_choice":"Ignored","damage_taken":0,"max_hp_gain":0,"max_hp_loss":0,"event_name":"Mysterious Sphere","floor":46,"gold_loss":0}],"is_beta":false,"boss_relics":[{"not_picked":["hubris:VirtuousBlindfold","conspire:SpecialSausage"],"picked":"Painkiller Herb"},{"not_picked":["Replay:Wanted Poster","halation:Risk","conspire:SlowCooker"]}],"items_purged_floors":[20,48],"is_endless":false,"potions_floor_spawned":[1,2,11,12,27,28,31,38,39,40],"ascension_level":0}}