{"host":"iwx63wjdqe91ab4t","time":1613236572,"event":{"mods":["AchievementEnabler","Act Like it!","Aspiration","BaseMod","BetterRewards","Downfall","Friendly Minions","Hermit","Hubris","Infinite Spire","Jorbs\u0027s Wanderer Trilogy","Marisa????????","Mimic Mod","Minty Spire (QoL Compilation)","Quick Restart","Reliquary","Replay The Spire","StSLib","The Bug Knight","The Construct","The Cursed","The Disciple","The Hierophant","The Jungle","The Necromancer","The Runesmith","The Servant 0.9.4"],"gold_per_floor":[99,99,99,0,0,100,100,123,139,201,201,201,201],"floor_reached":11,"language":"ENG","playtime":788,"items_purged":["sneckomod:Strike"],"score":72,"play_id":"7e82fdc2-16cb-453f-b3dd-7353dd59d4e8","local_time":"20210213111612","is_ascension_mode":true,"campfire_choices":[{"data":"sneckomod:Strike","floor":1,"key":"PURGE"}],"circlet_count":0,"master_deck":["sneckomod:Strike","sneckomod:Defend","sneckomod:Defend","sneckomod:Defend","sneckomod:TailWhip","sneckomod:SnekBite","sneckomod:Unknown","sneckomod:Unknown","sneckomod:QuickBite","sneckomod:UnknownUncommonSkill","sneckomod:UnlimitedRolls","sneckomod:IronFang","hierophant:Doubloon","sneckomod:DiceBoulder","sneckomod:UnknownRareAttack","sneckomod:SoulDraw","sneckomod:PureSnecko","stsjorbsmod:Procrastination"],"relics":["sneckomod:SneckoSoul","downfall:HeartsMalice","Ring of Panic","Ring of Peace","downfall:CloakOfManyFaces","CultistMask","FaceOfCleric","NlothsMask","GremlinMask","SsserpentHead","Nunchaku"],"acts_visited":["Exordium"],"potions_floor_usage":[8,9],"damage_taken":[{"damage":0,"enemies":"Cultist","floor":2,"turns":1},{"damage":0,"enemies":"Small Slimes","floor":3,"turns":1},{"damage":0,"enemies":"downfall:FleeingMerchant","floor":4,"turns":1},{"damage":42,"enemies":"downfall:FaceTrader","floor":6,"turns":10},{"damage":29,"enemies":"3 Sentries","floor":8,"turns":5},{"damage":0,"enemies":"2 Louse","floor":9,"turns":2},{"damage":14,"enemies":"Exordium Wildlife","floor":10,"turns":4},{"damage":8,"enemies":"Gremlin Nob","floor":11,"turns":3}],"seed_played":"-3142289404141632263","potions_obtained":[{"floor":6,"key":"Fire Potion"},{"floor":8,"key":"Fire Potion"},{"floor":9,"key":"Weak Potion"}],"is_trial":false,"path_per_floor":["R","M","M","$","?","?","T","E","M","M","E"],"character_chosen":"THE_SNECKO","items_purchased":["sneckomod:IronFang"],"campfire_rested":0,"item_purchase_floors":[4],"current_hp_per_floor":[90,90,90,90,90,48,48,20,21,8,0,0,0],"gold":201,"neow_bonus":"THREE_ENEMY_KILL","is_daily":false,"chose_seed":false,"campfire_upgraded":0,"win_rate":0.0,"timestamp":1613236572,"path_taken":["R","M","M","$","?","?","T","E","M","?","E"],"items_purchased_type":["Card"],"build_version":"2020-12-22","purchased_purges":1,"victory":false,"max_hp_per_floor":[90,90,90,90,90,90,90,91,92,93,93,93,93],"card_choices":[{"not_picked":["sneckomod:QuickMove","sneckomod:Unknown1Cost"],"picked":"sneckomod:QuickBite","floor":2},{"not_picked":["sneckomod:UnknownCommonAttack","sneckomod:QuickMove"],"picked":"sneckomod:UnknownUncommonSkill","floor":3},{"not_picked":["sneckomod:MasterEye","sneckomod:UnendingSupply"],"picked":"sneckomod:UnlimitedRolls","floor":4},{"not_picked":["sneckomod:UnendingSupply","sneckomod:UnknownCommonSkill"],"picked":"sneckomod:DiceBoulder","floor":6},{"not_picked":["sneckomod:Unknown1Cost","sneckomod:UnendingSupply"],"picked":"sneckomod:UnknownRareAttack","floor":8},{"not_picked":["sneckomod:UnknownCommonAttack","sneckomod:UnknownWeak"],"picked":"sneckomod:SoulDraw","floor":9},{"not_picked":["sneckomod:SlitherStrike","sneckomod:UnknownCommonSkill"],"picked":"sneckomod:PureSnecko","floor":10}],"player_experience":294675,"relics_obtained":[{"floor":5,"key":"Ring of Panic"},{"floor":5,"key":"Ring of Peace"},{"floor":6,"key":"downfall:CloakOfManyFaces"},{"floor":8,"key":"Nunchaku"}],"event_choices":[],"is_beta":false,"boss_relics":[],"items_purged_floors":[4],"is_endless":false,"potions_floor_spawned":[6,8,9],"killed_by":"Gremlin Nob","ascension_level":1}}