{"host":"7t8rqoeeopyy0nh0","time":1613183785,"event":{"mods":["AchievementEnabler","Aspiration","BaseMod","Better Third Choice","BetterRewards","Colored Map","Colored Powertips","Conspire","Hubris","Minty Spire (QoL Compilation)","Permanent Neow","Quick Restart","Rare Cards Sparkle","Replay The Spire","StSLib"],"gold_per_floor":[115,151,168,182,198,198,198],"floor_reached":6,"language":"ENG","playtime":238,"items_purged":[],"score":65,"play_id":"1c3e4fad-0c6a-4860-b3c6-3e8bcb15e5cd","local_time":"20210212213625","is_ascension_mode":true,"campfire_choices":[],"circlet_count":0,"master_deck":["AscendersBane","Strike_G","Strike_G","Strike_G","Strike_G","Strike_G","Defend_G","Defend_G","Defend_G","Defend_G","Survivor","Neutralize","Noxious Fumes","Sucker Punch","Bane","Crippling Poison","Calculated Gamble","Toxin Wave","Toxin Wave"],"relics":["Ring of the Snake","hubris:GlazedTorus","WingedGreaves","Anchor"],"acts_visited":["Exordium"],"potions_floor_usage":[5,5,6],"damage_taken":[{"damage":3,"enemies":"Jaw Worm","floor":1,"turns":4},{"damage":5,"enemies":"conspire:MimicChest","floor":2,"turns":4},{"damage":0,"enemies":"2 Louse","floor":3,"turns":3},{"damage":0,"enemies":"Cultist","floor":4,"turns":3},{"damage":13,"enemies":"Gremlin Gang","floor":5,"turns":3},{"damage":10,"enemies":"Lagavulin","floor":6,"turns":2}],"seed_played":"2658677913142764286","potions_obtained":[{"floor":1,"key":"GamblersBrew"},{"floor":4,"key":"EssenceOfSteel"},{"floor":5,"key":"Adrenaline Potion"}],"is_trial":false,"path_per_floor":["M","?","M","M","M","E"],"character_chosen":"THE_SILENT","items_purchased":["hubris:GlazedTorus","Noxious Fumes","Sucker Punch","Bane","Strength Potion"],"campfire_rested":0,"item_purchase_floors":[0,0,0,0,0],"current_hp_per_floor":[25,20,20,20,7,0,0],"gold":198,"neow_bonus":"","is_daily":false,"chose_seed":false,"campfire_upgraded":0,"win_rate":0.0,"timestamp":1613183785,"path_taken":["M","?","M","?","M","E"],"items_purchased_type":["Relic","Card","Card","Card","Potion"],"build_version":"2020-12-22","purchased_purges":0,"victory":false,"max_hp_per_floor":[66,66,66,66,66,66,66],"card_choices":[{"not_picked":["Reflex","ReplayTheSpireMod:The Works","Choke"],"picked":"SKIP","floor":1},{"not_picked":["Masterful Stab","Riddle With Holes"],"picked":"Crippling Poison","floor":2},{"not_picked":["Escape Plan","Tactician"],"picked":"Calculated Gamble","floor":3},{"not_picked":["Riddle With Holes","hubris:SlightOfHand"],"picked":"Toxin Wave","floor":4},{"not_picked":["Cloak And Dagger","hubris:SlightOfHand"],"picked":"Toxin Wave","floor":5}],"player_experience":409384,"relics_obtained":[{"floor":2,"key":"Anchor"}],"event_choices":[],"is_beta":false,"boss_relics":[],"items_purged_floors":[],"is_endless":false,"potions_floor_spawned":[1,4,5],"killed_by":"Lagavulin","ascension_level":14}}