{"host":"7k2a2omxz3voj5ax","time":1613233572,"event":{"mods":["BaseMod","Marisa£¨ìFÓê¡¡Ä§ÀíÉ³£©","Minty Spire (QoL Compilation)","Quick Restart","Spicy Shops","StSLib","Starting Relic: Pandora\u0027s Box","Yakumo Yukari mod","¡¾ÒÅÎï¿¨ÅÆ¡¿REMEMod","óô»ðÖ¸ÄÏ"],"gold_per_floor":[112,112,122,132,149,162,187,187,222,311,129,176,198,263,377,14,354,366,430,135,135,200,200,216,216,292,292,551,862,1034,1050,1050,1175,538,628,875,1125,1136,503,1207,1207,1405,1721,1443,2053,2053,1828,2136,1736,1736,1026,1026,1803,2230,1712,1988,1988,2988,2988,2711,1945,2212,2284],"floor_reached":64,"language":"ZHS","playtime":2926,"items_purged":["RefractionSpark","MasterSpark","LuminesStrike","IllusionStar","UpSweep","ShootingEcho","PowerUp","PowerUp","Acceleration","SuperPerseids","MilkyWay","BlazeAway+1"],"score":1978,"play_id":"4a36cd18-acc8-4ef3-90f4-269b5b395062","local_time":"20210214012612","is_ascension_mode":true,"campfire_choices":[{"data":"Human_Monster_Realm_purple","floor":8.0,"key":"SMITH"},{"data":"REME_ShortnessOfBreath","floor":27.0,"key":"SMITH"},{"floor":57,"key":"RECALL"}],"circlet_count":0,"master_deck":["Human_Monster_Realm_purple+1","6A","REME_ShortnessOfBreath+1","Robbery","MilkyWay+1","Singularity+1","SatelliteIllusion+1","Master of Strategy","REME_ShortnessOfBreath+1"],"relics":["MiniHakkero","REME_ComplimentaryCards","PreservedInsect","MawBank","Frozen Egg 2","Lizard Tail","Art of War","Sozu","SimpleLauncher","Vajra","Pantograph","Medical Kit","Nunchaku","HornCleat","Shovel","Gremlin Horn","Juzu Bracelet","REME_LowDesire","MealTicket","TungstenRod","Anchor","Membership Card","Bag of Preparation","TheAbacus","Pear","Kunai","Turnip","Sundial","Strawberry","Centennial Puzzle","DollysMirror","War Paint","Mummified Hand","Bag of Marbles","Calipers","Eternal Feather","HandmadeGrimoire","Oddly Smooth Stone","AmplifyWand","REME_IWantAll"],"acts_visited":["Exordium","TheCity","TheBeyond","TheEnding"],"potions_floor_usage":[],"damage_taken":[{"damage":0.0,"enemies":"2 Louse","floor":1.0,"turns":1.0},{"damage":0.0,"enemies":"Cultist","floor":3.0,"turns":1.0},{"damage":0.0,"enemies":"Jaw Worm","floor":4.0,"turns":1.0},{"damage":7.0,"enemies":"3 Louse","floor":5.0,"turns":2.0},{"damage":13.0,"enemies":"Large Slime","floor":6.0,"turns":2.0},{"damage":4.0,"enemies":"3 Sentries","floor":7.0,"turns":3.0},{"damage":24.0,"enemies":"Lagavulin","floor":9.0,"turns":4.0},{"damage":0.0,"enemies":"3 Sentries","floor":12.0,"turns":3.0},{"damage":0.0,"enemies":"2 Fungi Beasts","floor":13.0,"turns":2.0},{"damage":7.0,"enemies":"Exordium Wildlife","floor":15.0,"turns":2.0},{"damage":0.0,"enemies":"The Guardian","floor":17.0,"turns":6.0},{"damage":0.0,"enemies":"Spheric Guardian","floor":19.0,"turns":2.0},{"damage":7.0,"enemies":"Chosen","floor":22.0,"turns":3.0},{"damage":15.0,"enemies":"Shelled Parasite and Fungi","floor":24.0,"turns":3.0},{"damage":3.0,"enemies":"Slavers","floor":26.0,"turns":3.0},{"damage":0.0,"enemies":"REME_1_Revenger","floor":28.0,"turns":3.0},{"damage":0.0,"enemies":"Cultist and Chosen","floor":29.0,"turns":2.0},{"damage":14.0,"enemies":"Centurion and Healer","floor":30.0,"turns":3.0},{"damage":6.0,"enemies":"Chosen and Byrds","floor":31.0,"turns":3.0},{"damage":0.0,"enemies":"Shelled Parasite and Fungi","floor":33.0,"turns":3.0},{"damage":0.0,"enemies":"Snake Plant","floor":35.0,"turns":2.0},{"damage":0.0,"enemies":"Gremlin Leader","floor":36.0,"turns":3.0},{"damage":6.0,"enemies":"Centurion and Healer","floor":37.0,"turns":2.0},{"damage":0.0,"enemies":"Snecko","floor":38.0,"turns":4.0},{"damage":0.0,"enemies":"Automaton","floor":40.0,"turns":1.0},{"damage":0.0,"enemies":"Orb Walker","floor":42.0,"turns":1.0},{"damage":0.0,"enemies":"3 Darklings","floor":43.0,"turns":1.0},{"damage":0.0,"enemies":"Maw","floor":45.0,"turns":2.0},{"damage":0.0,"enemies":"Reptomancer","floor":48.0,"turns":1.0},{"damage":0.0,"enemies":"Giant Head","floor":53.0,"turns":1.0},{"damage":0.0,"enemies":"2 Orb Walkers","floor":54.0,"turns":1.0},{"damage":0.0,"enemies":"4 Shapes","floor":56.0,"turns":1.0},{"damage":0,"enemies":"Donu and Deca","floor":58,"turns":1},{"damage":0,"enemies":"Shield and Spear","floor":62,"turns":1},{"damage":0,"enemies":"The Heart","floor":63,"turns":3}],"seed_played":"5327089230563123993","potions_obtained":[{"floor":2.0,"key":"Swift Potion"},{"floor":2.0,"key":"CultistPotion"},{"floor":2.0,"key":"LiquidBronze"},{"floor":9.0,"key":"REME_GoldPotion"},{"floor":12.0,"key":"Fire Potion"}],"is_trial":false,"path_per_floor":["M","?","M","M","M","M","E","R","E","T","R","E","M","T","M","R","B",null,"M","$","?","M","?","M","?","E","R","E","M","M","M","T","M","$","M","E","M","M","R","B",null,"M","M","$","M","?","R","E","R","T","R","?","E","?","R","M","R","B",null,"R","$","E","B",null],"character_chosen":"MARISA","items_purchased":["REME_ShortnessOfBreath","MilkyWay","BlazeAway","SimpleLauncher","Medical Kit","Nunchaku","HornCleat","Gremlin Horn","Master of Strategy","Juzu Bracelet","TungstenRod","Anchor","Membership Card","Bag of Preparation","TheAbacus","Pear","Sundial","Strawberry","Centennial Puzzle","DollysMirror","War Paint","Mummified Hand","Bag of Marbles","Calipers","Eternal Feather","HandmadeGrimoire","Oddly Smooth Stone","AmplifyWand"],"campfire_rested":0,"item_purchase_floors":[11,16,16,20,34,34,34,39,39,39,44,49,51,51,51,51,55,55,55,55,60,60,60,61,61,61,61,61],"current_hp_per_floor":[75,75,75,75,68,55,51,51,27,27,27,27,27,27,20,20,20,75,75,75,61,54,54,39,39,36,36,36,36,22,16,16,16,16,16,16,10,10,10,35,80,80,80,80,80,80,80,80,80,80,90,85,85,85,92,92,92,92,92,92,92,92,92],"gold":2284,"neow_bonus":"REMOVE_CARD","is_daily":false,"chose_seed":false,"campfire_upgraded":2,"win_rate":0.0,"timestamp":1613233572,"path_taken":["M","?","?","M","M","M","E","R","E","T","R","E","?","?","M","R","BOSS","M","$","?","M","?","M","?","E","R","E","M","?","M","T","M","$","M","E","M","M","R","BOSS","M","M","$","M","?","R","E","R","T","R","?","E","?","R","M","R","BOSS","R","$","E","BOSS"],"items_purchased_type":["Card","Card","Card","Relic","Relic","Relic","Relic","Relic","Card","Relic","Relic","Relic","Relic","Relic","Relic","Relic","Relic","Relic","Relic","Relic","Relic","Relic","Relic","Relic","Relic","Relic","Relic","Relic"],"build_version":"2020-12-22","purchased_purges":12,"victory":true,"max_hp_per_floor":[75,75,75,75,75,75,75,75,75,75,75,75,75,75,75,75,75,75,75,75,80,80,80,80,80,80,80,80,80,80,80,80,80,80,80,80,80,80,80,80,80,80,80,80,80,80,80,80,80,80,90,85,85,85,92,92,92,92,92,92,92,92,92],"card_choices":[{"not_picked":["MysteriousBeam","MeteoricShower","GravityBeat"],"picked":"SKIP","floor":1.0},{"not_picked":["Acceleration","OrrerysSun"],"picked":"MilkyWay","floor":3.0},{"not_picked":["GalacticHalo","DC","EventHorizon"],"picked":"SKIP","floor":4.0},{"not_picked":["ShootTheMoon","GalacticHalo"],"picked":"Acceleration","floor":5.0},{"not_picked":["StarDustReverie","Orbital","IllusionStar"],"picked":"SKIP","floor":6.0},{"not_picked":["WitchOfGreed","NonDirectionalLaser","LuminesStrike"],"picked":"SKIP","floor":7.0},{"not_picked":["SporeBomb","GalacticHalo"],"picked":"6A","floor":9.0},{"not_picked":["MagicChant","RefractionSpark","EnergyFlow+1"],"picked":"SKIP","floor":12.0},{"not_picked":["WitchOfGreed+1","AsteroidBelt"],"picked":"Robbery","floor":13.0},{"not_picked":["DoubleSpark","LuminesStrike","DC"],"picked":"SKIP","floor":15.0},{"not_picked":["IllusionStar","SporeBomb","OneTimeOff"],"picked":"SKIP","floor":19.0},{"not_picked":["PowerUp","LuminesStrike+1"],"picked":"Singularity+1","floor":22.0},{"not_picked":["DC+1","MysteriousBeam","DeepEcoloBomb"],"picked":"SKIP","floor":24.0},{"not_picked":["MysteriousBeam+1","SprinkleStarSeal+1","Orbital"],"picked":"SKIP","floor":26.0},{"not_picked":["GravityBeat","CasketOfStar+1","DC"],"picked":"SKIP","floor":28.0},{"not_picked":["SporeBomb","OrrerysSun+1","WitchOfGreed+1"],"picked":"SKIP","floor":29.0},{"not_picked":["ShootingEcho","MagicAbsorber+1","WitchLeyline"],"picked":"SKIP","floor":30.0},{"not_picked":["NonDirectionalLaser+1","ShootingEcho","EnergyFlow+1"],"picked":"SKIP","floor":31.0},{"not_picked":["Occultation","ManaConvection","ChargingUp"],"picked":"SKIP","floor":33.0},{"not_picked":["GravityBeat","MachineGunSpark","GrandCross+1"],"picked":"SKIP","floor":35.0},{"not_picked":["MeteoricShower","UnstableBomb"],"picked":"SatelliteIllusion+1","floor":36.0},{"not_picked":["Robbery","RefractionSpark","DC"],"picked":"SKIP","floor":37.0},{"not_picked":["LuminesStrike","PropBag","MagicChant"],"picked":"SKIP","floor":38.0},{"not_picked":["WitchOfGreed+1","6A","GalacticHalo","Metamorphosis"],"picked":"SKIP","floor":42.0},{"not_picked":["AsteroidBelt","RefractionSpark+1","DoubleSpark","Magnetism+1"],"picked":"SKIP","floor":43.0},{"not_picked":["AsteroidBelt","SprinkleStarSeal","DC","REME_BattleFury+1"],"picked":"SKIP","floor":45.0},{"not_picked":["BlazeAway","OortCloud+1","ShootTheMoon","Mind Blast"],"picked":"SKIP","floor":48.0},{"not_picked":["ShootTheMoon+1","DeepEcoloBomb","SatelliteIllusion+1","REME_BuildACard"],"picked":"SKIP","floor":53.0},{"not_picked":["LuminesStrike+1","6A","DoubleSpark+1","Secret Weapon"],"picked":"SKIP","floor":56.0},{"not_picked":["NonDirectionalLaser","Robbery+1","SporeBomb","Enlightenment+1"],"picked":"SKIP","floor":62}],"player_experience":259986,"relics_obtained":[{"floor":7.0,"key":"PreservedInsect"},{"floor":9.0,"key":"MawBank"},{"floor":10.0,"key":"Frozen Egg 2"},{"floor":12.0,"key":"Lizard Tail"},{"floor":14.0,"key":"Art of War"},{"floor":26.0,"key":"Vajra"},{"floor":28.0,"key":"Pantograph"},{"floor":36.0,"key":"Shovel"},{"floor":41.0,"key":"MealTicket"},{"floor":53.0,"key":"Kunai"},{"floor":54.0,"key":"Turnip"},{"floor":62,"key":"REME_IWantAll"}],"event_choices":[{"damage_healed":0.0,"max_hp_gain":0.0,"max_hp_loss":0.0,"gold_gain":0.0,"event_name":"Lab","player_choice":"Got Potions","floor":2.0,"gold_loss":0.0,"damage_taken":0.0},{"damage_healed":0.0,"max_hp_gain":5.0,"max_hp_loss":0.0,"gold_gain":0.0,"event_name":"Forgotten Altar","player_choice":"Shed Blood","floor":21.0,"gold_loss":0.0,"damage_taken":19.0},{"damage_healed":0.0,"max_hp_gain":0.0,"max_hp_loss":0.0,"gold_gain":0.0,"event_name":"Cursed Tome","player_choice":"Ignored","floor":23.0,"gold_loss":0.0,"damage_taken":0.0},{"damage_healed":0.0,"max_hp_gain":0.0,"max_hp_loss":0.0,"gold_gain":0.0,"event_name":"The Mausoleum","player_choice":"Ignored","floor":25.0,"gold_loss":0.0,"damage_taken":0.0},{"damage_healed":0.0,"max_hp_gain":0.0,"max_hp_loss":0.0,"gold_gain":0.0,"event_name":"Tomb of Lord Red Mask","player_choice":"Ignored","floor":46.0,"gold_loss":0.0,"damage_taken":0.0},{"damage_healed":0.0,"max_hp_gain":0.0,"max_hp_loss":5.0,"gold_gain":0.0,"event_name":"Winding Halls","player_choice":"Max HP","floor":52.0,"gold_loss":0.0,"damage_taken":0.0},{"damage_healed":0.0,"max_hp_gain":0.0,"max_hp_loss":0.0,"gold_gain":0.0,"event_name":"Mysterious Sphere","player_choice":"Fight","floor":54.0,"gold_loss":0.0,"damage_taken":0.0}],"is_beta":false,"boss_relics":[{"not_picked":["BewitchedHakkero","SlaversCollar"],"picked":"Sozu"},{"not_picked":["Astrolabe","Calling Bell"],"picked":"REME_LowDesire"}],"items_purged_floors":[11,16,16,34,39,44,47,49,51,51,55,61],"is_endless":false,"potions_floor_spawned":[4,5,9,12,17,24,28,29,30,33,37,38,42,54,56],"ascension_level":2}}