{"host":"5uuadjc5gi6cs0xs","time":1613245862,"event":{"mods":["2.2 Compatiblity","Abigail Mod","AchievementEnabler","Act Like it!","BaseMod","BetterRewards","Chen","FTL Soundtrack","Friendly Minions","Hero for Fun","KinomotoSakuraMod(????)","Kiyohime????","Koishi","Marisa????????","Minty Spire (QoL Compilation)","Onozuka Komachi Mod","Permanent Neow","Prisma Mod","Quick Restart","Railgun Mod","Rare Cards Sparkle","Relic Stats","Remilia??????","StSLib","The Administrix","The Animator","The Exalted","The Gatherer","TheSwordswoman","Waifu the Spire","WarShipGirlsR/????R mod","Yohane!","Yuri Mod","Yuyuko"],"gold_per_floor":[116,291,303,318,338,338,318,343,343,353,379,379,36,36,36,132,132,147,107,107,122,136,136,168,168,168,183,183,195,224,234,234,234,234],"floor_reached":33,"language":"DEU","playtime":2977,"items_purged":[],"score":372,"play_id":"701904b8-4b56-4775-839b-69f70ed02b71","local_time":"20210213205102","is_ascension_mode":false,"campfire_choices":[{"data":"rmod:abidefaith","floor":6.0,"key":"SMITH"},{"data":"rmod:salvage","floor":12.0,"key":"SMITH"},{"data":"rmod:rockthrower","floor":15.0,"key":"SMITH"},{"floor":23.0,"key":"REST"},{"floor":25.0,"key":"REST"},{"floor":32.0,"key":"REST"}],"circlet_count":0,"master_deck":["rmod:strick+1","rmod:strick","rmod:strick+1","rmod:strick","rmod:defend+1","rmod:defend","rmod:defend","rmod:defend","rmod:basicallowance+1","rmod:maingunfire","rmod:ridicule","rmod:diamondstrike","Doubt","rmod:salvage+1","rmod:rockthrower+1","rmod:fletcherpendant","rmod:abidefaith+1","rmod:steelsupply","rmod:openingtorpedo","rmod:victimresponsibility+1","rmod:expeditionaryescort","CurseOfTheBell","rmod:fletcher","rmod:fletcher+1","rmod:goodsister+1","rmod:fletcherpendant+1","rmod:fletcherpendant","rmod:capitalist+1","rmod:unsinkable+1","rmod:fletcherpendant","rmod:firesupport"],"relics":["rmod:firstchargereward","War Paint","Toxic Egg 2","FossilizedHelix","Lee\u0027s Waffle","Tiny Chest","Calling Bell","Bromod:ArcaneConsequence","Bromod:ArcaneGuardian","Bromod:ArcanePistoleer","Whetstone","Blood Vial","Mummified Hand","MealTicket"],"acts_visited":["Exordium","TheCity"],"potions_floor_usage":[],"damage_taken":[{"damage":0.0,"enemies":"Small Slimes","floor":1.0,"turns":2.0},{"damage":0.0,"enemies":"Cultist","floor":3.0,"turns":3.0},{"damage":4.0,"enemies":"Jaw Worm","floor":4.0,"turns":2.0},{"damage":0.0,"enemies":"2 Fungi Beasts","floor":5.0,"turns":2.0},{"damage":0.0,"enemies":"Lagavulin","floor":8.0,"turns":4.0},{"damage":11.0,"enemies":"Large Slime","floor":10.0,"turns":5.0},{"damage":16.0,"enemies":"Gremlin Nob","floor":11.0,"turns":3.0},{"damage":32.0,"enemies":"Hexaghost","floor":16.0,"turns":9.0},{"damage":30.0,"enemies":"2 Thieves","floor":18.0,"turns":5.0},{"damage":10.0,"enemies":"3 Byrds","floor":21.0,"turns":6.0},{"damage":28.0,"enemies":"Snake Plant","floor":22.0,"turns":3.0},{"damage":25.0,"enemies":"Slavers","floor":24.0,"turns":6.0},{"damage":24.0,"enemies":"Shelled Parasite and Fungi","floor":27.0,"turns":4.0},{"damage":5.0,"enemies":"Sentry and Sphere","floor":29.0,"turns":5.0},{"damage":0.0,"enemies":"Gremlin Leader","floor":30.0,"turns":8.0},{"damage":0.0,"enemies":"Snake Plant","floor":31.0,"turns":2.0},{"damage":49,"enemies":"Automaton","floor":33,"turns":10}],"seed_played":"234753305585773595","potions_obtained":[{"floor":1.0,"key":"DuplicationPotion"},{"floor":5.0,"key":"Fruit Juice"},{"floor":7.0,"key":"EntropicBrew"},{"floor":11.0,"key":"LiquidMemories"},{"floor":22.0,"key":"SpeedPotion"},{"floor":27.0,"key":"AttackPotion"},{"floor":29.0,"key":"SkillPotion"}],"is_trial":false,"path_per_floor":["M","?","M","M","M","R","?","E","T","M","E","R","$","?","R","B",null,"M","?","?","M","M","R","E","R","T","M","T","M","E","M","R","B"],"character_chosen":"PRAEFECT","items_purchased":["Lee\u0027s Waffle","Tiny Chest","PowerPotion"],"campfire_rested":3,"item_purchase_floors":[13,13,13],"current_hp_per_floor":[75,75,75,71,71,71,71,76,76,65,49,49,87,87,87,55,87,57,57,49,39,11,37,12,38,38,16,16,13,15,17,43,0,0],"gold":234,"neow_bonus":"ONE_RANDOM_RARE_CARD","is_daily":false,"chose_seed":false,"campfire_upgraded":3,"win_rate":0.0,"timestamp":1613245862,"path_taken":["M","?","M","M","M","R","?","E","T","?","E","R","$","?","R","BOSS","M","?","?","M","M","R","E","R","T","M","?","M","E","M","R","BOSS"],"items_purchased_type":["Relic","Relic","Potion"],"build_version":"2020-12-22","purchased_purges":0,"victory":false,"max_hp_per_floor":[75,75,75,75,75,75,75,80,80,80,80,80,87,87,87,87,87,87,87,87,87,87,87,87,87,87,87,87,87,87,87,87,87,87],"relic_stats":{"Blood Vial":10,"Lee\u0027s Waffle":38,"counters":[17,79],"Mummified Hand":[1],"Tiny Chest":1,"MealTicket":0,"Whetstone":["rmod:strick","rmod:strick"],"War Paint":["rmod:basicallowance","rmod:defend"],"obtain_stats":[{"Lee\u0027s Waffle":13,"Bromod:ArcanePistoleer":17,"Whetstone":24,"War Paint":8,"Bromod:ArcaneConsequence":17,"Calling Bell":17,"Blood Vial":26,"Mummified Hand":28,"Tiny Chest":13,"MealTicket":30,"rmod:firstchargereward":0,"Toxic Egg 2":9,"FossilizedHelix":11,"Bromod:ArcaneGuardian":17},{"Lee\u0027s Waffle":7,"Bromod:ArcanePistoleer":8,"Whetstone":12,"War Paint":5,"Bromod:ArcaneConsequence":8,"Calling Bell":8,"Blood Vial":12,"Mummified Hand":13,"Tiny Chest":7,"MealTicket":15,"rmod:firstchargereward":0,"Toxic Egg 2":5,"FossilizedHelix":7,"Bromod:ArcaneGuardian":8},{"Lee\u0027s Waffle":21,"Bromod:ArcanePistoleer":30,"Whetstone":50,"War Paint":13,"Bromod:ArcaneConsequence":30,"Calling Bell":30,"Blood Vial":50,"Mummified Hand":54,"Tiny Chest":21,"MealTicket":67,"rmod:firstchargereward":0,"Toxic Egg 2":13,"FossilizedHelix":21,"Bromod:ArcaneGuardian":30}]},"card_choices":[{"not_picked":["rmod:launchingtorpedo","rmod:fletcherpendant"],"picked":"rmod:diamondstrike","floor":1.0},{"not_picked":["rmod:aluminumsupply","rmod:unsinkable"],"picked":"rmod:salvage","floor":3.0},{"not_picked":["rmod:victimresponsibility","rmod:tearstotiara"],"picked":"rmod:rockthrower","floor":4.0},{"not_picked":["rmod:firesupport","rmod:slowdown"],"picked":"rmod:abidefaith","floor":5.0},{"not_picked":["rmod:unsinkable","rmod:fuelsupply"],"picked":"rmod:steelsupply","floor":8.0},{"not_picked":["rmod:luckystar","rmod:launchingtorpedo"],"picked":"rmod:openingtorpedo","floor":10.0},{"not_picked":["rmod:combined","rmod:garrisonisland"],"picked":"rmod:victimresponsibility+1","floor":11.0},{"not_picked":["rmod:supriseattacks+1","rmod:fletcher"],"picked":"rmod:expeditionaryescort","floor":16.0},{"not_picked":["rmod:bulid+1","rmod:steelsupply+1","rmod:salvage"],"picked":"SKIP","floor":18.0},{"not_picked":["rmod:tearstotiara+1","rmod:combined"],"picked":"rmod:goodsister+1","floor":21.0},{"not_picked":["rmod:salvage+1","rmod:ammunitionsupply+1"],"picked":"rmod:fletcherpendant+1","floor":22.0},{"not_picked":["rmod:fletcherpendant","rmod:aggressivemary+1"],"picked":"rmod:capitalist+1","floor":24.0},{"not_picked":["rmod:tearstotiara+1","rmod:firesupport"],"picked":"rmod:unsinkable+1","floor":27.0},{"not_picked":["rmod:supportescort+1","rmod:aviationdawn+1"],"picked":"rmod:firesupport","floor":29.0},{"not_picked":["rmod:advancebysurprise+1","rmod:aluminumsupply+1","rmod:punchline+1"],"picked":"SKIP","floor":30.0},{"not_picked":["rmod:auspiciousomen+1","rmod:openingtorpedo","rmod:steelsupply+1"],"picked":"SKIP","floor":31.0}],"player_experience":421520,"relics_obtained":[{"floor":8.0,"key":"War Paint"},{"floor":9.0,"key":"Toxic Egg 2"},{"floor":11.0,"key":"FossilizedHelix"},{"floor":17.0,"key":"Bromod:ArcaneConsequence"},{"floor":17.0,"key":"Bromod:ArcaneGuardian"},{"floor":17.0,"key":"Bromod:ArcanePistoleer"},{"floor":24.0,"key":"Whetstone"},{"floor":26.0,"key":"Blood Vial"},{"floor":28.0,"key":"Mummified Hand"},{"floor":30.0,"key":"MealTicket"}],"event_choices":[{"damage_healed":0.0,"max_hp_gain":0.0,"max_hp_loss":0.0,"gold_gain":175.0,"event_name":"Liars Game","player_choice":"AGREE","floor":2.0,"gold_loss":0.0,"damage_taken":0.0,"cards_obtained":["Doubt"]},{"damage_healed":0.0,"max_hp_gain":0.0,"max_hp_loss":0.0,"gold_gain":0.0,"event_name":"The Woman in Blue","player_choice":"Bought 1 Potion","floor":7.0,"gold_loss":0.0,"damage_taken":0.0},{"damage_healed":0.0,"max_hp_gain":0.0,"max_hp_loss":0.0,"gold_gain":0.0,"event_name":"Wheel of Change","player_choice":"Damaged","floor":20.0,"gold_loss":0.0,"damage_taken":8.0}],"is_beta":false,"boss_relics":[{"not_picked":["Coffee Dripper","Bromod:ArcaneGrace"],"picked":"Calling Bell"}],"items_purged_floors":[],"is_endless":false,"potions_floor_spawned":[1,5,8,11,22,27,29],"killed_by":"Automaton","ascension_level":0}}