{"host":"k3b3fyv5tfmaay17","time":1613240279,"event":{"mods":["AchievementEnabler","Aspiration","BaseMod","Beaked The Cultist","Better Third Choice","BetterRewards","Conspire","Downfall","Glutton Mod","Googly Eyes","Hubris","Infinite Spire","Minty Spire (QoL Compilation)","Permanent Neow","Relic Stats","Replay The Spire","Shop Mod","StSLib","The Construct","The Gatherer"],"gold_per_floor":[99,109,109,125,125,145,145,145,160,23,46,65,165,180,194,194,194,194],"floor_reached":16,"language":"ENG","playtime":858,"items_purged":["Guardian:Strike_Guardian"],"score":93,"play_id":"cceeab00-da0a-4cfb-ba45-5775ba9c6b4c","local_time":"20210213131759","is_ascension_mode":false,"campfire_choices":[{"floor":1,"key":"DIG"},{"data":"Guardian:WalkerClaw","floor":8,"key":"SMITH"}],"circlet_count":0,"master_deck":["Guardian:Strike_Guardian","Guardian:Strike_Guardian","Guardian:Strike_Guardian","Guardian:Defend_Guardian","Guardian:Defend_Guardian","Guardian:Defend_Guardian","Guardian:Defend_Guardian","Guardian:CurlUp","Guardian:TwinSlam","Guardian:ConstructionForm+1","Guardian:WalkerClaw+1","Guardian:PrimingBeam","Guardian:Gem_Synthetic","Guardian:ExploitGems","Guardian:WalkerClaw","Guardian:ArmoredProtocol","Guardian:EvasiveProtocol","Guardian:Gem_Orange"],"relics":["Guardian:ModeShifter","Ginger","Spirit Poop","hubris:Potato","Odd Mushroom","downfall:CloakOfManyFaces","CultistMask","FaceOfCleric","NlothsMask","GremlinMask","SsserpentHead"],"acts_visited":["Exordium"],"potions_floor_usage":[13,13,14,16],"damage_taken":[{"damage":11,"enemies":"2 Louse","floor":2,"turns":3},{"damage":0,"enemies":"infinitespire:Voidling","floor":4,"turns":5},{"damage":6,"enemies":"Jaw Worm","floor":6,"turns":4},{"damage":8,"enemies":"Exordium Wildlife","floor":9,"turns":5},{"damage":0,"enemies":"downfall:FleeingMerchant","floor":10,"turns":4},{"damage":9,"enemies":"The Mushroom Lair","floor":11,"turns":5},{"damage":0,"enemies":"downfall:LooterAlt","floor":12,"turns":3},{"damage":5,"enemies":"downfall:FaceTrader","floor":13,"turns":9},{"damage":0,"enemies":"Exordium Thugs","floor":14,"turns":3},{"damage":2,"enemies":"Blue Slaver","floor":15,"turns":5},{"damage":44,"enemies":"IC_STATUS_ARCHETYPE","floor":16,"turns":10}],"seed_played":"-3642114212640529259","potions_obtained":[{"floor":4,"key":"FearPotion"},{"floor":11,"key":"Swift Potion"},{"floor":12,"key":"sneckomod:MuddlingPotion"},{"floor":13,"key":"DistilledChaos"}],"is_trial":false,"path_per_floor":["R","M","?","M","?","M","T","R","M","$","?","M","?","M","M","B"],"character_chosen":"GUARDIAN","items_purchased":["Guardian:WalkerClaw"],"campfire_rested":0,"item_purchase_floors":[10],"current_hp_per_floor":[80,69,69,69,69,63,63,63,55,55,46,46,41,42,41,0,0,0],"gold":194,"neow_bonus":"THREE_RARE_CARDS","is_daily":false,"chose_seed":false,"campfire_upgraded":1,"win_rate":0.0,"timestamp":1613240279,"path_taken":["R","M","?","?","?","M","T","R","M","$","?","M","?","M","M","BOSS"],"items_purchased_type":["Card"],"build_version":"2020-12-22","purchased_purges":1,"victory":false,"max_hp_per_floor":[80,80,80,80,80,80,80,80,80,80,80,80,80,81,82,82,82,82],"relic_stats":{"SsserpentHead":0,"FaceOfCleric":2,"counters":[11,56],"Ginger":[13],"obtain_stats":[{"SsserpentHead":13,"FaceOfCleric":13,"Guardian:ModeShifter":0,"Spirit Poop":3,"GremlinMask":13,"CultistMask":13,"downfall:CloakOfManyFaces":13,"Ginger":1,"Odd Mushroom":11,"hubris:Potato":7,"NlothsMask":13},{"SsserpentHead":8,"FaceOfCleric":8,"Guardian:ModeShifter":0,"Spirit Poop":1,"GremlinMask":8,"CultistMask":8,"downfall:CloakOfManyFaces":8,"Ginger":0,"Odd Mushroom":6,"hubris:Potato":3,"NlothsMask":8},{"SsserpentHead":38,"FaceOfCleric":38,"Guardian:ModeShifter":0,"Spirit Poop":3,"GremlinMask":38,"CultistMask":38,"downfall:CloakOfManyFaces":38,"Ginger":0,"Odd Mushroom":26,"hubris:Potato":12,"NlothsMask":38}]},"card_choices":[{"not_picked":["Guardian:RevengeProtocol","Guardian:TimeSifter"],"picked":"Guardian:ConstructionForm","floor":0},{"not_picked":["Guardian:ShieldSpikes","Guardian:PrimingBeam"],"picked":"Guardian:WalkerClaw","floor":2},{"not_picked":["Guardian:TimeCapacitor","Guardian:TemporalStrike","Guardian:RefractedBeam"],"picked":"SKIP","floor":4},{"not_picked":["Guardian:PiercingHide","Guardian:PrismaticBarrier"],"picked":"Guardian:PrimingBeam","floor":6},{"not_picked":["Guardian:Recover","Guardian:Planning"],"picked":"Guardian:Gem_Synthetic","floor":9},{"not_picked":["Guardian:Planning","Guardian:TemporalShield"],"picked":"Guardian:ExploitGems","floor":10},{"not_picked":["Guardian:PolyBeam","Guardian:VentSteam"],"picked":"Guardian:ArmoredProtocol","floor":11},{"not_picked":["Guardian:ShieldCharger","Guardian:Gem_Green","Guardian:ChargeCore"],"picked":"SKIP","floor":12},{"not_picked":["Guardian:Repulse","Guardian:FloatingOrbs"],"picked":"Guardian:EvasiveProtocol","floor":14},{"not_picked":["Guardian:PiercingHide","Guardian:Incinerate"],"picked":"Guardian:Gem_Orange","floor":15}],"player_experience":703196,"relics_obtained":[{"floor":1,"key":"Ginger"},{"floor":7,"key":"hubris:Potato"},{"floor":11,"key":"Odd Mushroom"},{"floor":13,"key":"downfall:CloakOfManyFaces"}],"event_choices":[{"cards_removed":["hubris:Envy"],"damage_healed":0,"gold_gain":0,"player_choice":"Offered Curse","damage_taken":0,"relics_obtained":["Spirit Poop"],"max_hp_gain":0,"max_hp_loss":0,"event_name":"Bonfire Elementals","floor":3,"gold_loss":0},{"damage_healed":0,"gold_gain":0,"player_choice":"Fought Mushrooms","damage_taken":0,"max_hp_gain":0,"max_hp_loss":0,"event_name":"Mushrooms","floor":11,"gold_loss":0}],"is_beta":false,"boss_relics":[],"items_purged_floors":[10],"is_endless":false,"potions_floor_spawned":[4,11,12,13],"killed_by":"IC_STATUS_ARCHETYPE","ascension_level":0}}