{"host":"6jrnojxwearbrjzo","time":1613234324,"event":{"mods":["BaseMod","Conspire","Minty Spire (QoL Compilation)","MostiFishMod","Quick Restart","Random Character Button","Spicy Shops","StSLib","The Servant 0.9.4","[功能]功能增强和修复MOD","篝火指南"],"gold_per_floor":[114,143,78,93,108,108,108,438,463,493,508,538,329,344,344,447,447,463,272,287,87,103,134,150,150,200,230,247,247,247,202,22,123,123,138,53,69,69,69,69,100,151,151,182,182,182,182,212,212,215],"floor_reached":51,"language":"ZHS","playtime":1723,"items_purged":["Armaments","Sword Boomerang","Twin Strike","Thunderclap","conspire:SharedLibrary","MostiFishMod:RacingGame","Hologram","Coolheaded+1","Cold Snap+1","Whirlwind+1"],"score":1189,"play_id":"4478fc4b-a35f-4fe8-bc30-ea35a4008960","local_time":"20210214003844","daily_mods":["SealedDeck","Red Cards","Elite Swarm"],"is_ascension_mode":false,"campfire_choices":[{"data":"MostiFishMod:SephirahHod","floor":6,"key":"SMITH"},{"floor":15,"key":"REST"},{"floor":40,"key":"DIG"},{"floor":45,"key":"DIG"},{"floor":49,"key":"DIG"}],"circlet_count":0,"master_deck":["MostiFishMod:SephirahHod+1","Genetic Algorithm","White Noise","White Noise","MostiFishMod:#F4004+1","Body Slam","MostiFishMod:ReadyAimFire","MostiFishMod:RacingGame","MostiFishMod:KingOfFree","Limit Break","MostiFishMod:Neptune","MostiFishMod:TheEndOfMoonlight","MostiFishMod:SparklingWater","MostiFishMod:FantasySummer","MostiFishMod:NightSea","Necronomicurse","MostiFishMod:ActiveDefenseSystem"],"relics":["Cracked Core","DaveBox","MostiFishMod:Hod","SynthV:TestCard","conspire:DeflatedDodgeball","Bag of Marbles","Art of War","Old Coin","War Paint","SynthV:C4","Juzu Bracelet","Potion Belt","Bronze Scales","Akabeko","Darkstone Periapt","DollysMirror","MoonlightInvasionPlan","Symbiotic Virus","BionicSphere","TheAbacus","Strange Spoon","Happy Flower","Toy Ornithopter","Tiny Chest","Centennial Puzzle","Gremlin Horn","Anchor","Runic Capacitor","conspire:TreasureMap","Shovel","Necronomicon","ThornShield","HornCleat","conspire:GlowingRock","Bottled Flame","DaCapo","Omamori","Chemical X","Lee\u0027s Waffle","Smiling Mask","RhineCircuit","BrkXgEgg","Ornamental Fan","Ancient Tea Set","DataDisk","MostiFishMod:Haymaker","Nunchaku","Unceasing Top","Dream Catcher","Pear","Question Card","Toxic Egg 2","Boot","Vajra"],"acts_visited":["Exordium","TheCity","TheBeyond"],"potions_floor_usage":[2,48],"damage_taken":[{"damage":0,"enemies":"Jaw Worm","floor":1,"turns":3},{"damage":3,"enemies":"conspire:MimicChest","floor":2,"turns":4},{"damage":0,"enemies":"Cultist","floor":4,"turns":3},{"damage":0,"enemies":"Small Slimes","floor":5,"turns":2},{"damage":0,"enemies":"Lagavulin","floor":8,"turns":2},{"damage":1,"enemies":"3 Sentries","floor":10,"turns":2},{"damage":0,"enemies":"Exordium Wildlife","floor":11,"turns":1},{"damage":0,"enemies":"Lagavulin","floor":12,"turns":2},{"damage":0,"enemies":"Looter","floor":14,"turns":1},{"damage":3,"enemies":"The Guardian","floor":16,"turns":2},{"damage":0,"enemies":"Shell Parasite","floor":18,"turns":1},{"damage":0,"enemies":"2 Thieves","floor":20,"turns":1},{"damage":0,"enemies":"Sentry and Sphere","floor":22,"turns":1},{"damage":0,"enemies":"Book of Stabbing","floor":23,"turns":1},{"damage":0,"enemies":"Snecko","floor":24,"turns":1},{"damage":0,"enemies":"Gremlin Leader","floor":27,"turns":1},{"damage":0,"enemies":"Centurion and Healer","floor":28,"turns":1},{"damage":0,"enemies":"conspire:MysteriousRune","floor":33,"turns":2},{"damage":0,"enemies":"3 Shapes","floor":35,"turns":1},{"damage":0,"enemies":"3 Darklings","floor":37,"turns":2},{"damage":0,"enemies":"Reptomancer","floor":41,"turns":1},{"damage":0,"enemies":"Mind Bloom Boss Battle","floor":42,"turns":1},{"damage":0,"enemies":"Giant Head","floor":44,"turns":2},{"damage":0,"enemies":"Reptomancer","floor":48,"turns":1},{"damage":0,"enemies":"Awakened One","floor":50,"turns":3}],"seed_played":"6099103822572544471","potions_obtained":[{"floor":1,"key":"SkillPotion"},{"floor":1,"key":"PotionOfCapacity"},{"floor":2,"key":"BlessingOfTheForge"},{"floor":4,"key":"Regen Potion"},{"floor":8,"key":"Swift Potion"},{"floor":8,"key":"AttackPotion"},{"floor":14,"key":"LiquidMemories"},{"floor":16,"key":"AttackPotion"},{"floor":22,"key":"DistilledChaos"},{"floor":46,"key":"FairyPotion"},{"floor":48,"key":"Fruit Juice"},{"floor":48,"key":"SteroidPotion"}],"is_trial":false,"path_per_floor":["M","?","$","M","M","R","?","E","T","E","M","E","$","M","R","B",null,"M","$","M","$","M","E","M","?","T","E","M","?","?","$","R","B",null,"M","$","M","T","?","R","E","?","T","E","R","?","T","E","R","B",null],"character_chosen":"DEFECT","items_purchased":["Bag of Marbles","Art of War","Potion Belt","Bronze Scales","Akabeko","Darkstone Periapt","DollysMirror","MostiFishMod:KingOfFree","Symbiotic Virus","BionicSphere","TheAbacus","Strange Spoon","Happy Flower","Toy Ornithopter","Tiny Chest","Centennial Puzzle","Gremlin Horn","Anchor","Runic Capacitor","conspire:TreasureMap","Bottled Flame","DaCapo","Omamori","Chemical X","Lee\u0027s Waffle","Smiling Mask","BrkXgEgg","Ornamental Fan"],"campfire_rested":1,"item_purchase_floors":[3,3,13,13,13,13,13,13,19,19,19,19,19,19,21,21,21,21,21,21,31,32,32,32,32,32,36,36],"current_hp_per_floor":[75,72,72,72,72,72,57,57,57,56,56,56,56,56,75,74,75,75,75,75,75,75,75,75,65,65,65,67,67,67,67,88,88,88,88,88,88,88,88,88,88,88,88,98,98,98,98,103,103,103],"gold":215,"neow_bonus":"","is_daily":true,"chose_seed":false,"campfire_upgraded":1,"win_rate":0.0,"timestamp":1613234324,"path_taken":["M","?","?","?","?","R","?","E","T","E","M","E","$","M","R","BOSS","M","$","M","$","M","E","M","?","T","E","M","?","?","$","R","BOSS","M","$","M","?","?","R","E","?","T","E","R","?","?","E","R","BOSS"],"items_purchased_type":["Relic","Relic","Relic","Relic","Relic","Relic","Relic","Card","Relic","Relic","Relic","Relic","Relic","Relic","Relic","Relic","Relic","Relic","Relic","Relic","Relic","Relic","Relic","Relic","Relic","Relic","Relic","Relic"],"build_version":"2020-12-22","purchased_purges":10,"victory":true,"max_hp_per_floor":[75,75,75,75,75,75,75,75,75,75,75,75,75,75,75,75,75,75,75,75,75,75,75,75,81,81,81,81,81,81,81,88,88,88,88,88,88,88,88,88,88,88,88,98,98,98,98,103,103,103],"card_choices":[{"not_picked":["FTL","Burning Pact","Lockon"],"picked":"SKIP","floor":1},{"not_picked":["Capacitor","Warcry","Seeing Red","Wild Strike"],"picked":"MostiFishMod:#F4004","floor":2},{"not_picked":["Defragment","Perfected Strike","Stack","Anger"],"picked":"Whirlwind","floor":4},{"not_picked":["Battle Trance","Steam","Cleave","Rupture"],"picked":"Body Slam","floor":5},{"not_picked":["MostiFishMod:FlyOverUtopia","Echo Form","MostiFishMod:Mania","Bludgeon","Electrodynamics"],"picked":"SKIP","floor":8},{"not_picked":["MostiFishMod:DawningShadow","Limit Break","MostiFishMod:DoubleSword","Multi-Cast"],"picked":"MostiFishMod:ReadyAimFire","floor":10},{"not_picked":["Cleave","Barrage","Havoc","Perfected Strike","Leap"],"picked":"SKIP","floor":11},{"not_picked":["Machine Learning","Impervious","Seek","MostiFishMod:StarOceanB"],"picked":"MostiFishMod:RacingGame","floor":12},{"not_picked":["Go for the Eyes","Fusion","Steam","Compile Driver","Armaments"],"picked":"SKIP","floor":14},{"not_picked":["MostiFishMod:OrdinaryWorld","MostiFishMod:StarOceanB","Electrodynamics","MostiFishMod:TemporaryOutbreak"],"picked":"Limit Break","floor":16},{"not_picked":["Hemokinesis","Go for the Eyes","Perfected Strike","MostiFishMod:Impulse","Headbutt"],"picked":"SKIP","floor":18},{"not_picked":["Beam Cell","Go for the Eyes","Metallicize","Gash","Inflame"],"picked":"SKIP","floor":20},{"not_picked":["Intimidate","Warcry","Flame Barrier","Gash","Compile Driver+1"],"picked":"SKIP","floor":22},{"not_picked":["MostiFishMod:404NotFound","All For One","MostiFishMod:Overload","MostiFishMod:ReadyAimFire","Juggernaut"],"picked":"SKIP","floor":23},{"not_picked":["Stack","Go for the Eyes","Rampage","Sever Soul","Ball Lightning"],"picked":"SKIP","floor":24},{"not_picked":["Amplify","Double Tap","Immolate","MostiFishMod:HellRitual","MostiFishMod:DarkDeal"],"picked":"SKIP","floor":27},{"not_picked":["Headbutt","MostiFishMod:ReprogramOld","Heavy Blade","MostiFishMod:FluxCapactior","Force Field"],"picked":"SKIP","floor":28},{"not_picked":["MostiFishMod:RacingGame","conspire:Purge","MostiFishMod:SeaWaves","Bludgeon"],"picked":"MostiFishMod:ActiveDefenseSystem","floor":33},{"not_picked":["Consume+1","Stack","Clash+1","Go for the Eyes+1","Gash"],"picked":"SKIP","floor":35},{"not_picked":["Force Field+1","Undo","Consume+1","Wild Strike+1","Coolheaded+1"],"picked":"SKIP","floor":37},{"not_picked":["Barricade+1","Impervious+1","MostiFishMod:RainCloud+1","Thunder Strike+1","Meteor Strike+1"],"picked":"SKIP","floor":41},{"not_picked":["Bludgeon+1","Feed+1","MostiFishMod:Overload+1","Amplify+1","MostiFishMod:SeaWaves+1"],"picked":"SKIP","floor":44},{"not_picked":["MostiFishMod:Distribution+1","MostiFishMod:Culaccino+1","MostiFishMod:FlyOverUtopia+1","Barricade+1","MostiFishMod:TemporaryOutbreak+1","MostiFishMod:WingOfPhoenix+1"],"picked":"SKIP","floor":48}],"player_experience":137259,"relics_obtained":[{"floor":1,"key":"SynthV:TestCard"},{"floor":2,"key":"conspire:DeflatedDodgeball"},{"floor":8,"key":"Old Coin"},{"floor":9,"key":"War Paint"},{"floor":10,"key":"SynthV:C4"},{"floor":12,"key":"Juzu Bracelet"},{"floor":23,"key":"Shovel"},{"floor":25,"key":"Necronomicon"},{"floor":26,"key":"ThornShield"},{"floor":27,"key":"HornCleat"},{"floor":38,"key":"Ancient Tea Set"},{"floor":40,"key":"MostiFishMod:Haymaker"},{"floor":41,"key":"Nunchaku"},{"floor":42,"key":"Unceasing Top"},{"floor":43,"key":"Dream Catcher"},{"floor":44,"key":"Pear"},{"floor":45,"key":"Question Card"},{"floor":47,"key":"Toxic Egg 2"},{"floor":48,"key":"Boot"},{"floor":49,"key":"Vajra"}],"event_choices":[{"damage_healed":0,"gold_gain":0,"player_choice":"Entered Light","damage_taken":15,"max_hp_gain":0,"max_hp_loss":0,"event_name":"Shining Light","floor":7,"gold_loss":0,"cards_upgraded":["Cold Snap","Whirlwind"]},{"damage_healed":0,"gold_gain":0,"player_choice":"Obtained Book","damage_taken":16,"max_hp_gain":0,"max_hp_loss":0,"event_name":"Cursed Tome","floor":25,"gold_loss":0},{"damage_healed":0,"gold_gain":0,"player_choice":"Opened","damage_taken":0,"relics_obtained":["conspire:GlowingRock"],"max_hp_gain":0,"max_hp_loss":0,"event_name":"The Mausoleum","floor":29,"gold_loss":0},{"damage_healed":0,"gold_gain":0,"player_choice":"Read","damage_taken":0,"max_hp_gain":0,"max_hp_loss":0,"event_name":"The Library","floor":30,"gold_loss":0,"cards_obtained":["Twin Strike"]},{"damage_healed":0,"gold_gain":0,"player_choice":"Gave Potion","damage_taken":0,"relics_obtained":["DataDisk"],"max_hp_gain":0,"max_hp_loss":0,"event_name":"WeMeetAgain","floor":39,"gold_loss":0},{"damage_healed":0,"gold_gain":0,"player_choice":"Fight","damage_taken":0,"max_hp_gain":0,"max_hp_loss":0,"event_name":"MindBloom","floor":42,"gold_loss":0},{"damage_healed":0,"gold_gain":0,"player_choice":"Got Potions","damage_taken":0,"max_hp_gain":0,"max_hp_loss":0,"event_name":"Lab","floor":46,"gold_loss":0}],"is_beta":false,"boss_relics":[{"not_picked":["Sozu","FixedStarFall"],"picked":"MoonlightInvasionPlan"},{"not_picked":["Empty Cage","Astrolabe"],"picked":"RhineCircuit"}],"items_purged_floors":[3,19,31,31,31,31,36,36,36,36],"is_endless":false,"potions_floor_spawned":[1,1,2,4,8,8,10,10,11,11,14,16,16,20,22,22,23,24,27,27,27,28,28,33,35,37,37,41,41,48,48,48],"ascension_level":0}}