{"host":"utqe55yv0jihe4d6","time":1613183588,"event":{"mods":["2.2 Compatiblity","AchievementEnabler","BaseMod","Block Reminder","Colored Map","Colored Powertips","Minty Spire (QoL Compilation)","Quick Restart","Rare Cards Sparkle","Relic Stats","SuperFastMode"],"gold_per_floor":[364,375,24,41,56,56,85,85,111,186,186,29,47,64,64,64,64],"floor_reached":16,"language":"ENG","playtime":465,"items_purged":["Regret"],"score":204,"play_id":"08e7fb62-5b72-4fc9-a399-74e9a32b7f24","local_time":"20210212213308","is_ascension_mode":true,"campfire_choices":[{"data":"Cloak And Dagger","floor":6,"key":"SMITH"},{"floor":8,"key":"REST"},{"data":"Terror","floor":15,"key":"SMITH"}],"circlet_count":0,"master_deck":["AscendersBane","Strike_G","Strike_G","Strike_G","Strike_G","Defend_G","Defend_G","Defend_G","Defend_G","Defend_G","Survivor","Neutralize","Dagger Throw","Crippling Poison","Blade Dance","Cloak And Dagger+1","Terror+1","Leg Sweep","Dagger Throw","Calculated Gamble"],"relics":["Ring of the Snake","Ornamental Fan","Regal Pillow","Boot"],"acts_visited":["Exordium"],"potions_floor_usage":[16,16],"damage_taken":[{"damage":2,"enemies":"Cultist","floor":1,"turns":4},{"damage":0,"enemies":"2 Louse","floor":2,"turns":2},{"damage":0,"enemies":"Small Slimes","floor":4,"turns":5},{"damage":2,"enemies":"Blue Slaver","floor":5,"turns":4},{"damage":53,"enemies":"Gremlin Nob","floor":7,"turns":5},{"damage":5,"enemies":"Large Slime","floor":13,"turns":4},{"damage":0,"enemies":"Gremlin Gang","floor":14,"turns":5},{"damage":14,"enemies":"The Guardian","floor":16,"turns":14}],"seed_played":"-7880979552863677562","potions_obtained":[{"floor":7,"key":"GamblersBrew"},{"floor":13,"key":"Swift Potion"}],"is_trial":false,"path_per_floor":["M","M","$","M","M","R","E","R","T","?","?","$","M","M","R","B"],"character_chosen":"THE_SILENT","items_purchased":["Ornamental Fan","AttackPotion","Leg Sweep","Dagger Throw"],"campfire_rested":1,"item_purchase_floors":[3,12,12,12],"current_hp_per_floor":[57,57,57,57,55,55,2,36,36,25,18,18,13,13,13,0,0],"gold":64,"neow_bonus":"TWO_FIFTY_GOLD","is_daily":false,"chose_seed":false,"campfire_upgraded":2,"win_rate":0.0,"timestamp":1613183588,"path_taken":["M","M","$","?","M","R","E","R","T","?","?","?","M","M","R","BOSS"],"items_purchased_type":["Relic","Potion","Card","Card"],"build_version":"2020-12-22","purchased_purges":1,"victory":false,"max_hp_per_floor":[66,66,66,66,66,66,66,66,66,66,66,66,66,66,66,66,66],"relic_stats":{"Regal Pillow":15,"counters":[8,43],"Ornamental Fan":[76],"Boot":[25],"obtain_stats":[{"Regal Pillow":7,"Ornamental Fan":3,"Boot":9,"Ring of the Snake":0},{"Regal Pillow":5,"Ornamental Fan":2,"Boot":5,"Ring of the Snake":0},{"Regal Pillow":20,"Ornamental Fan":6,"Boot":20,"Ring of the Snake":0}],"Ring of the Snake":[16]},"card_choices":[{"not_picked":["Prepared","Leg Sweep"],"picked":"Dagger Throw","floor":1},{"not_picked":["Prepared","Slice"],"picked":"Crippling Poison","floor":2},{"not_picked":["Flechettes","Deflect"],"picked":"Blade Dance","floor":4},{"not_picked":["Backflip","Masterful Stab"],"picked":"Cloak And Dagger","floor":5},{"not_picked":["Expertise","Blur"],"picked":"Terror","floor":7},{"not_picked":["Escape Plan","Dagger Spray"],"picked":"Calculated Gamble","floor":13},{"not_picked":["Flying Knee","Quick Slash","Tactician"],"picked":"SKIP","floor":14}],"player_experience":3065325,"relics_obtained":[{"floor":7,"key":"Regal Pillow"},{"floor":9,"key":"Boot"}],"event_choices":[{"damage_healed":0,"gold_gain":75,"player_choice":"Gather Gold","damage_taken":11,"max_hp_gain":0,"max_hp_loss":0,"event_name":"World of Goop","floor":10,"gold_loss":0},{"cards_removed":["Strike_G"],"damage_healed":0,"gold_gain":0,"player_choice":"Card Removal","damage_taken":7,"max_hp_gain":0,"max_hp_loss":0,"event_name":"Golden Wing","floor":11,"gold_loss":0}],"is_beta":false,"boss_relics":[],"items_purged_floors":[3],"is_endless":false,"potions_floor_spawned":[7,13,14],"killed_by":"The Guardian","ascension_level":20}}