{"host":"684z1xpuwaoqmmh1","time":1613228342,"event":{"mods":["A Magickal Journey","BaseMod","Downfall","Hermit","Jorbs\u0027s Wanderer Trilogy","Marisa????????","Minty Spire (QoL Compilation)","Robot Space Explorer","Shade Mod","StSLib","The Bug Knight","The Dragon Tamer","The Elementalist","The Hayseed","The Hierophant","The Marked","The Mystic","The Runesmith","The Saiyan","The Senshi","The Spell Scribe","The Vixen","TheBandit","TheFirefly"],"gold_per_floor":[110,126,126,126,9,9,41,41,41,76,93,126,126,86,86,157,457,471,471,471,471],"floor_reached":20,"language":"ENG","playtime":1168,"items_purged":["theSenshi:SailorKick"],"score":357,"play_id":"1d4ba3d4-d11e-4f43-b8de-850cd81c19af","local_time":"20210213165902","is_ascension_mode":true,"campfire_choices":[{"data":"theSenshi:MoonCosmicPowerMakeUp","floor":6,"key":"SMITH"},{"data":"theSenshi:WarriorOfTheMoon","floor":8,"key":"SMITH"},{"floor":13,"key":"REST"},{"data":"theSenshi:InTheNickOfTime","floor":15,"key":"SMITH"}],"circlet_count":0,"master_deck":["AscendersBane","theSenshi:SailorKick","theSenshi:SailorKick","theSenshi:SailorKick","theSenshi:SailorBlock","theSenshi:SailorBlock","theSenshi:SailorBlock","theSenshi:RoseThrow","theSenshi:MoonPrismPowerMakeUp+1","theSenshi:SailorJupiterAssists","theSenshi:SailorNeptuneAssists+1","theSenshi:MoonCosmicPowerMakeUp+1","theSenshi:WarriorOfTheMoon+1","theSenshi:InTheNickOfTime+1","theSenshi:MoonCosmicPowerMakeUp+1","theSenshi:SailorJupiterAssists","theSenshi:SailorStarHealerAssists","CurseOfTheBell","theSenshi:SailorUranusAssists"],"relics":["theSenshi:TransformationBroochRelic","NeowsBlessing","Blue Candle","Frozen Egg 2","Bronze Scales","Gremlin Horn","Centennial Puzzle","Calling Bell","Tiny Chest","theSenshi:FeatherClipsRelic","Old Coin"],"acts_visited":["Exordium","TheCity"],"potions_floor_usage":[10,12,18],"damage_taken":[{"damage":0,"enemies":"Cultist","floor":1,"turns":1},{"damage":0,"enemies":"2 Louse","floor":2,"turns":2},{"damage":1,"enemies":"Lagavulin","floor":7,"turns":7},{"damage":32,"enemies":"Gremlin Nob","floor":10,"turns":6},{"damage":0,"enemies":"Jaw Worm","floor":11,"turns":6},{"damage":35,"enemies":"3 Sentries","floor":12,"turns":12},{"damage":1,"enemies":"Looter","floor":14,"turns":4},{"damage":16,"enemies":"The Guardian","floor":16,"turns":21},{"damage":13,"enemies":"Shell Parasite","floor":18,"turns":12},{"damage":131,"enemies":"Centurion and Healer","floor":20,"turns":25}],"seed_played":"3447276999531051647","potions_obtained":[{"floor":2,"key":"FearPotion"},{"floor":10,"key":"Explosive Potion"},{"floor":16,"key":"AttackPotion"}],"is_trial":false,"path_per_floor":["M","M","?","?","$","R","E","R","T","E","M","E","R","M","R","B",null,"M","?","M"],"character_chosen":"THE_SENSHI","items_purchased":["theSenshi:MoonCosmicPowerMakeUp"],"campfire_rested":1,"item_purchase_floors":[5],"current_hp_per_floor":[68,68,45,40,40,40,54,54,54,27,37,12,34,33,33,42,67,75,75,0,0],"gold":471,"neow_bonus":"THREE_ENEMY_KILL","is_daily":false,"chose_seed":false,"campfire_upgraded":3,"win_rate":0.0,"timestamp":1613228342,"path_taken":["M","?","?","?","?","R","E","R","T","E","M","E","R","M","R","BOSS","M","?","M"],"items_purchased_type":["Card"],"build_version":"2020-12-22","purchased_purges":1,"victory":false,"max_hp_per_floor":[75,75,75,75,75,75,75,75,75,75,75,75,75,75,75,75,75,75,75,75,75],"card_choices":[{"not_picked":["theSenshi:LunasBite","theSenshi:Sidestep"],"picked":"theSenshi:SailorJupiterAssists","floor":1},{"not_picked":["theSenshi:SupersonicWaves","theSenshi:EncouragingSpeech"],"picked":"theSenshi:SailorNeptuneAssists","floor":2},{"not_picked":["theSenshi:EncouragingSpeech","theSenshi:MoonPunch"],"picked":"theSenshi:WarriorOfTheMoon","floor":7},{"not_picked":["theSenshi:MoonKick","theSenshi:MoonTiaraMagic"],"picked":"theSenshi:InTheNickOfTime","floor":10},{"not_picked":["theSenshi:TallSilhouette","theSenshi:EncouragingSpeech","theSenshi:YouCanTalk"],"picked":"SKIP","floor":11},{"not_picked":["theSenshi:LunasBite","theSenshi:SailorNeptuneAssists"],"picked":"theSenshi:MoonCosmicPowerMakeUp+1","floor":12},{"not_picked":["theSenshi:SailorVenusAssists","theSenshi:MoonSpiralHeartAttack"],"picked":"theSenshi:SailorJupiterAssists","floor":14},{"not_picked":["theSenshi:FatedKiss+1","theSenshi:SailorCosmosAssists"],"picked":"theSenshi:SailorStarHealerAssists","floor":16},{"not_picked":["theSenshi:SaturnsMystery","theSenshi:LunasBite"],"picked":"theSenshi:SailorUranusAssists","floor":18}],"player_experience":3273584,"relics_obtained":[{"floor":7,"key":"Frozen Egg 2"},{"floor":9,"key":"Bronze Scales"},{"floor":10,"key":"Gremlin Horn"},{"floor":12,"key":"Centennial Puzzle"},{"floor":17,"key":"Tiny Chest"},{"floor":17,"key":"theSenshi:FeatherClipsRelic"},{"floor":17,"key":"Old Coin"}],"event_choices":[{"damage_healed":0,"gold_gain":0,"player_choice":"Entered Light","damage_taken":23,"max_hp_gain":0,"max_hp_loss":0,"event_name":"Shining Light","floor":3,"gold_loss":0,"cards_upgraded":["theSenshi:MoonPrismPowerMakeUp","theSenshi:SailorNeptuneAssists"]},{"cards_removed":["theSenshi:SailorBlock"],"damage_healed":0,"gold_gain":0,"player_choice":"Offered Basic","damage_taken":0,"max_hp_gain":0,"max_hp_loss":0,"event_name":"Bonfire Elementals","floor":19,"gold_loss":0}],"is_beta":false,"boss_relics":[{"not_picked":["Pandora\u0027s Box","Tiny House"],"picked":"Calling Bell"}],"items_purged_floors":[5],"is_endless":false,"potions_floor_spawned":[2,10,16],"killed_by":"Centurion and Healer","ascension_level":18}}