{"host":"l7ku00cw7dmofayg","time":1613205950,"event":{"mods":["ATMod(°¢èªMod)","BaseMod","Dota2Spire","Marisa£¨ìFÓê¡¡Ä§ÀíÉ³£©","Minty Spire (QoL Compilation)","StSLib","The Invoker Mod"],"gold_per_floor":[112,131,131,81,81,81,104,104,104,104,122,122,162,19,19,143,143,159,74,95,95,108,182,182,237,237,295,356,97,118,118,118,248,248,263,263,317,395,395,429,480,480,480,480,540,17,85,106,106,106],"floor_reached":51,"language":"ZHS","playtime":1820,"items_purged":["Injury","Strike_MRS"],"score":1429,"play_id":"d10298c7-5907-4711-944c-1c2a1d26f32e","local_time":"20210213164550","is_ascension_mode":true,"campfire_choices":[{"data":"AT_KneejerkReflex","floor":6,"key":"SMITH"},{"data":"EarthLightRay","floor":8,"key":"SMITH"},{"data":"AsteroidBelt","floor":10,"key":"SMITH"},{"data":"MachineGunSpark","floor":15,"key":"SMITH"},{"data":"AT_EmpoweredMortalDraw","floor":24,"key":"SMITH"},{"data":"PropBag","floor":32,"key":"SMITH"},{"floor":42,"key":"REST"},{"data":"PropBag","floor":44,"key":"SMITH"},{"floor":49,"key":"REST"}],"circlet_count":0,"master_deck":["Strike_MRS+1","Strike_MRS","Defend_MRS+1","MasterSpark","UpSweep","AT_KneejerkReflex+1","AsteroidBelt+1","AsteroidBelt","EarthLightRay+1","MachineGunSpark+1","IllusionStar","TreasureHunter","AT_EmpoweredMortalDraw+1","DeepEcoloBomb","Robbery","EarthLightRay","ManaConvection","PropBag+1","PropBag+1","CasketOfStar","UnstableBomb+1","PulseMagic","GalacticHalo","MachineGunSpark+1","NonDirectionalLaser+1","CollectingQuirk+1","EscapeVelocity","MilkyWay+1"],"relics":["MiniHakkero","AT_ATBox","NeowsBlessing","Golden Idol","Dota2Spire:Desolator","Oddly Smooth Stone","Nunchaku","Dota2Spire:Vanguard","AT_MortalBlade","Dota2Spire:OctarineCore","AT_GuinsooRageblade","Darkstone Periapt","AmplifyWand","Dota2Spire:MonkeyKingBar","Mercury Hourglass","Molten Egg 2","AT_BellDemon","Dota2Spire:ArcaneBoots","Bottled Tornado","Dota2Spire:RefresherOrb","Anchor","Regal Pillow","CatCart","AT_EbonyIvory","CaptainsWheel","Dota2Spire:HandOfMidas","Dota2Spire:UrnOfShadows","Kunai","AT_LudenTempest","Ornamental Fan","Bottled Flame","AT_SilverBalance","HornCleat","AT_ChloranthyRing"],"acts_visited":["Exordium","TheCity","TheBeyond"],"potions_floor_usage":[13,13,13,16,16,33,33,33,38,47,50,50],"damage_taken":[{"damage":0,"enemies":"Cultist","floor":1,"turns":1},{"damage":0,"enemies":"Small Slimes","floor":2,"turns":1},{"damage":0,"enemies":"2 Louse","floor":7,"turns":2},{"damage":0,"enemies":"2 Fungi Beasts","floor":11,"turns":3},{"damage":4,"enemies":"Lagavulin","floor":13,"turns":6},{"damage":29,"enemies":"The Guardian","floor":16,"turns":9},{"damage":11,"enemies":"2 Thieves","floor":18,"turns":2},{"damage":0,"enemies":"3 Byrds","floor":20,"turns":1},{"damage":0,"enemies":"Centurion and Healer","floor":22,"turns":4},{"damage":10,"enemies":"Gremlin Leader","floor":23,"turns":6},{"damage":19,"enemies":"Slavers","floor":25,"turns":4},{"damage":14,"enemies":"Book of Stabbing","floor":27,"turns":4},{"damage":0,"enemies":"Cultist and Chosen","floor":28,"turns":4},{"damage":11,"enemies":"3 Cultists","floor":30,"turns":5},{"damage":16,"enemies":"Collector","floor":33,"turns":5},{"damage":17,"enemies":"3 Darklings","floor":35,"turns":2},{"damage":14,"enemies":"Orb Walker","floor":37,"turns":2},{"damage":8,"enemies":"Orin","floor":38,"turns":4},{"damage":63,"enemies":"Reptomancer","floor":40,"turns":3},{"damage":7,"enemies":"4 Shapes","floor":41,"turns":2},{"damage":0,"enemies":"Giant Head","floor":45,"turns":4},{"damage":52,"enemies":"Nemesis","floor":47,"turns":3},{"damage":0,"enemies":"Writhing Mass","floor":48,"turns":1},{"damage":52,"enemies":"Time Eater","floor":50,"turns":3}],"seed_played":"-2922230964405063746","potions_obtained":[{"floor":1,"key":"EssenceOfSteel"},{"floor":2,"key":"Dota2Spire:HealingSalve"},{"floor":7,"key":"EntropicBrew"},{"floor":18,"key":"PowerPotion"},{"floor":20,"key":"LiquidMemories"},{"floor":22,"key":"Weak Potion"},{"floor":37,"key":"Block Potion"},{"floor":41,"key":"Block Potion"},{"floor":47,"key":"Dota2Spire:Clarity"},{"floor":48,"key":"BottledSpark"}],"is_trial":false,"path_per_floor":["M","M","?","?","?","R","M","R","T","R","M","?","E","$","R","B",null,"M","?","M","?","M","E","R","E","T","E","M","$","M","?","R","B",null,"M","?","M","?","?","E","M","R","T","R","E","$","E","M","R","B",null],"character_chosen":"MARISA","items_purchased":["Dota2Spire:Vanguard","AT_BellDemon","PropBag","Bottled Flame","CollectingQuirk+1"],"campfire_rested":2,"item_purchase_floors":[14,29,29,46,46],"current_hp_per_floor":[68,68,53,53,53,53,53,53,53,53,59,26,43,43,43,20,61,56,56,56,56,62,58,58,49,49,45,55,55,50,50,50,44,67,50,50,40,42,42,8,17,54,54,54,64,64,22,37,74,41],"gold":106,"neow_bonus":"THREE_ENEMY_KILL","is_daily":false,"chose_seed":false,"campfire_upgraded":7,"win_rate":0.0,"timestamp":1613205950,"path_taken":["M","M","?","?","?","R","M","R","T","R","M","?","E","$","R","BOSS","M","?","M","?","M","E","R","E","T","E","M","$","?","?","R","BOSS","M","?","?","?","?","E","?","R","T","R","E","?","E","M","R","BOSS"],"items_purchased_type":["Relic","Relic","Card","Relic","Card"],"build_version":"2020-12-22","purchased_purges":2,"victory":true,"max_hp_per_floor":[75,75,75,75,75,75,75,75,75,75,75,75,75,75,75,75,75,75,75,75,75,75,75,75,75,75,75,75,75,75,75,75,75,75,75,75,75,75,75,75,75,75,75,75,75,75,75,75,75,75],"card_choices":[{"not_picked":["ShootingEcho","PowerUp"],"picked":"AsteroidBelt","floor":1},{"not_picked":["LuminesStrike","ShootingEcho"],"picked":"AsteroidBelt","floor":2},{"not_picked":["WitchLeyline","NonDirectionalLaser"],"picked":"EarthLightRay","floor":7},{"not_picked":["WitchLeyline","DC"],"picked":"MachineGunSpark","floor":11},{"not_picked":["MagicAbsorber","ManaConvection"],"picked":"IllusionStar","floor":13},{"not_picked":["AbsoluteMagnitude","SatelliteIllusion"],"picked":"TreasureHunter","floor":16},{"not_picked":["DoubleSpark","NonDirectionalLaser"],"picked":"DeepEcoloBomb","floor":18},{"not_picked":["DC","6A","GalacticHalo"],"picked":"SKIP","floor":20},{"not_picked":["IllusionStar","LuminesStrike"],"picked":"Robbery","floor":22},{"not_picked":["6A","GrandCross"],"picked":"EarthLightRay","floor":23},{"not_picked":["MachineGunSpark","IllusionStar"],"picked":"ManaConvection","floor":25},{"not_picked":["OrrerysSun","DarkSpark+1"],"picked":"PropBag","floor":27},{"not_picked":["GalacticHalo","ManaRampage","AsteroidBelt"],"picked":"SKIP","floor":28},{"not_picked":["ChargeUpSpray+1","AsteroidBelt","IllusionStar"],"picked":"SKIP","floor":30},{"not_picked":["SatelliteIllusion","ManaRampage"],"picked":"CasketOfStar","floor":33},{"not_picked":["EventHorizon","DragonMeteor+1","StarlightTyphoon"],"picked":"SKIP","floor":35},{"not_picked":["WitchOfGreed+1","MysteriousBeam+1"],"picked":"UnstableBomb+1","floor":37},{"not_picked":["UnstableBomb+1","AsteroidBelt"],"picked":"PulseMagic","floor":38},{"not_picked":["MagicAbsorber","UnstableBomb+1"],"picked":"MachineGunSpark+1","floor":40},{"not_picked":["GravityBeat+1","IllusionStar"],"picked":"NonDirectionalLaser+1","floor":41},{"not_picked":["MeteoricShower+1","SatelliteIllusion","GalacticHalo"],"picked":"SKIP","floor":45},{"not_picked":["GravityBeat+1","ShootTheMoon+1"],"picked":"EscapeVelocity","floor":47},{"not_picked":["PulseMagic+1","Occultation"],"picked":"MilkyWay+1","floor":48}],"player_experience":37007,"relics_obtained":[{"floor":9,"key":"Dota2Spire:Desolator"},{"floor":13,"key":"Nunchaku"},{"floor":23,"key":"AT_GuinsooRageblade"},{"floor":23,"key":"Darkstone Periapt"},{"floor":25,"key":"AmplifyWand"},{"floor":25,"key":"Dota2Spire:MonkeyKingBar"},{"floor":26,"key":"Mercury Hourglass"},{"floor":27,"key":"Molten Egg 2"},{"floor":30,"key":"Dota2Spire:ArcaneBoots"},{"floor":33,"key":"Bottled Tornado"},{"floor":35,"key":"Anchor"},{"floor":37,"key":"Regal Pillow"},{"floor":38,"key":"CatCart"},{"floor":38,"key":"AT_EbonyIvory"},{"floor":40,"key":"CaptainsWheel"},{"floor":40,"key":"Dota2Spire:HandOfMidas"},{"floor":41,"key":"Dota2Spire:UrnOfShadows"},{"floor":43,"key":"Kunai"},{"floor":45,"key":"AT_LudenTempest"},{"floor":45,"key":"Ornamental Fan"},{"floor":47,"key":"AT_SilverBalance"},{"floor":47,"key":"HornCleat"},{"floor":48,"key":"AT_ChloranthyRing"}],"event_choices":[{"damage_healed":0,"gold_gain":0,"player_choice":"Entered Light","damage_taken":15,"max_hp_gain":0,"max_hp_loss":0,"event_name":"Shining Light","floor":3,"gold_loss":0,"cards_upgraded":["Defend_MRS","Strike_MRS"]},{"cards_removed":["Defend_MRS"],"damage_healed":0,"gold_gain":0,"player_choice":"Card Removal","damage_taken":0,"max_hp_gain":0,"max_hp_loss":0,"event_name":"The Cleric","floor":4,"gold_loss":50},{"damage_healed":0,"gold_gain":0,"player_choice":"Take Wound","damage_taken":0,"relics_obtained":["Golden Idol"],"max_hp_gain":0,"max_hp_loss":0,"event_name":"Golden Idol","floor":5,"gold_loss":0,"cards_obtained":["Injury"]},{"damage_healed":0,"gold_gain":0,"player_choice":"Success","damage_taken":33,"relics_obtained":["Oddly Smooth Stone"],"max_hp_gain":0,"max_hp_loss":0,"event_name":"Scrap Ooze","floor":12,"gold_loss":0},{"damage_healed":0,"gold_gain":0,"player_choice":"Obtained Relic","damage_taken":0,"relics_obtained":["Dota2Spire:OctarineCore"],"max_hp_gain":0,"max_hp_loss":0,"event_name":"Addict","floor":19,"gold_loss":85},{"cards_removed":["Defend_MRS"],"damage_healed":0,"gold_gain":0,"player_choice":"Offered Basic","damage_taken":0,"max_hp_gain":0,"max_hp_loss":0,"event_name":"Bonfire Elementals","floor":21,"gold_loss":0},{"damage_healed":0,"gold_gain":0,"player_choice":"Ignored","damage_taken":0,"max_hp_gain":0,"max_hp_loss":0,"event_name":"Vampires","floor":31,"gold_loss":0},{"cards_removed":["Defend_MRS"],"damage_healed":0,"gold_gain":0,"player_choice":"Purged","damage_taken":0,"max_hp_gain":0,"max_hp_loss":0,"event_name":"Purifier","floor":36,"gold_loss":0},{"damage_healed":0,"gold_gain":0,"player_choice":"Fight","damage_taken":0,"max_hp_gain":0,"max_hp_loss":0,"event_name":"OrinTheCat","floor":38,"gold_loss":0},{"damage_healed":0,"gold_gain":0,"cards_transformed":["Strike_MRS"],"player_choice":"Transformed","damage_taken":0,"max_hp_gain":0,"max_hp_loss":0,"event_name":"Transmorgrifier","floor":39,"gold_loss":0,"cards_obtained":["GalacticHalo"]}],"is_beta":false,"boss_relics":[{"not_picked":["Calling Bell","SlaversCollar"],"picked":"AT_MortalBlade"},{"not_picked":["Busted Crown","Coffee Dripper"],"picked":"Dota2Spire:RefresherOrb"}],"items_purged_floors":[29,46],"is_endless":false,"potions_floor_spawned":[1,2,7,11,18,20,22,28,30,37,41,47,48],"ascension_level":7}}