{"host":"c97twqu0op5dg8i4","time":1613238728,"event":{"mods":["AchievementEnabler","BaseMod","Colored Map","Minty Spire (QoL Compilation)","Permanent Neow"],"gold_per_floor":[109,126,51,51,51,79,79,95,95,95,129,142,142,18,93,106,106,106,106],"floor_reached":18,"language":"ENG","playtime":531,"items_purged":["Strike_R","Strike_R"],"score":192,"play_id":"6216f00d-c335-4b1f-8bc6-9a5663052425","local_time":"20210213125208","is_ascension_mode":true,"campfire_choices":[{"data":"Anger","floor":7,"key":"SMITH"},{"data":"Swift Strike","floor":13,"key":"SMITH"},{"floor":17,"key":"REST"}],"circlet_count":0,"master_deck":["AscendersBane","Strike_R","Strike_R","Defend_R","Defend_R","Defend_R","Defend_R","Bash","Swift Strike+1","Anger+1","Shrug It Off","Impervious","Flame Barrier","Burning Pact"],"relics":["Burning Blood","InkBottle","Pear","Smiling Mask","Art of War"],"acts_visited":["Exordium"],"potions_floor_usage":[12],"damage_taken":[{"damage":5,"enemies":"2 Louse","floor":1,"turns":2},{"damage":7,"enemies":"Jaw Worm","floor":2,"turns":2},{"damage":27,"enemies":"3 Sentries","floor":6,"turns":11},{"damage":0,"enemies":"Cultist","floor":8,"turns":2},{"damage":27,"enemies":"Lagavulin","floor":11,"turns":6},{"damage":3,"enemies":"Gremlin Gang","floor":12,"turns":5},{"damage":0,"enemies":"Large Slime","floor":16,"turns":5},{"damage":61,"enemies":"The Guardian","floor":18,"turns":12}],"seed_played":"2487260857870470103","potions_obtained":[{"floor":6,"key":"DistilledChaos"},{"floor":12,"key":"Dexterity Potion"},{"floor":16,"key":"Energy Potion"}],"is_trial":false,"path_per_floor":["M","M","$","?","?","E","R","M","T","T","E","M","R","$","?","M","R","B"],"character_chosen":"IRONCLAD","items_purchased":["Flame Barrier"],"campfire_rested":1,"item_purchase_floors":[14],"current_hp_per_floor":[73,72,72,65,65,44,44,50,60,60,39,42,42,42,31,37,64,3,3],"gold":106,"neow_bonus":"RANDOM_COLORLESS","is_daily":false,"chose_seed":false,"campfire_upgraded":2,"win_rate":0.0,"timestamp":1613238728,"path_taken":["M","M","$","?","?","E","R","?","T","T","E","?","R","$","?","M","R","BOSS"],"items_purchased_type":["Card"],"build_version":"2020-12-22","purchased_purges":2,"victory":false,"max_hp_per_floor":[80,80,80,80,80,80,80,80,90,90,90,90,90,90,90,90,90,90,90],"card_choices":[{"not_picked":["Madness","Dramatic Entrance"],"picked":"Swift Strike","floor":0},{"not_picked":["Rupture","Cleave"],"picked":"Anger","floor":1},{"not_picked":["Sever Soul","Dropkick"],"picked":"Shrug It Off","floor":2},{"not_picked":["Bloodletting","Shrug It Off","Wild Strike"],"picked":"SKIP","floor":6},{"not_picked":["Uppercut","Havoc","Thunderclap"],"picked":"SKIP","floor":8},{"not_picked":["Havoc","Evolve"],"picked":"Impervious","floor":11},{"not_picked":["Iron Wave","Seeing Red","Warcry"],"picked":"SKIP","floor":12},{"not_picked":["Body Slam","Wild Strike"],"picked":"Burning Pact","floor":16}],"player_experience":403185,"relics_obtained":[{"floor":6,"key":"InkBottle"},{"floor":9,"key":"Pear"},{"floor":10,"key":"Smiling Mask"},{"floor":11,"key":"Art of War"}],"event_choices":[{"cards_removed":["Strike_R"],"damage_healed":0,"gold_gain":0,"player_choice":"Card Removal","damage_taken":7,"max_hp_gain":0,"max_hp_loss":0,"event_name":"Golden Wing","floor":4,"gold_loss":0},{"damage_healed":0,"gold_gain":0,"player_choice":"Bought 0 Potions","damage_taken":0,"max_hp_gain":0,"max_hp_loss":0,"event_name":"The Woman in Blue","floor":5,"gold_loss":0},{"damage_healed":0,"gold_gain":75,"player_choice":"Gather Gold","damage_taken":11,"max_hp_gain":0,"max_hp_loss":0,"event_name":"World of Goop","floor":15,"gold_loss":0}],"is_beta":false,"boss_relics":[],"items_purged_floors":[3,14],"is_endless":false,"potions_floor_spawned":[6,12,16],"killed_by":"The Guardian","ascension_level":12}}