{"host":"y4mx56vxqys6xwyn","time":1613259051,"event":{"mods":["BaseMod","Hermit","Minty Spire (QoL Compilation)","StSLib"],"gold_per_floor":[114,127,146,221,221,256,266,283,308,308,321,36,49,49,49,151,151,168,181,181,181,181,213,42,52,52,52,52,68,68,88,88,189,189,199,249,249,267,267,267,282,282,282,282,293,45,63,0,0,0],"floor_reached":51,"language":"ENG","playtime":2615,"items_purged":["Reckless Charge"],"score":719,"play_id":"23a3d3e1-33d2-4084-8972-8e087e66f765","local_time":"20210213173051","is_ascension_mode":false,"campfire_choices":[{"floor":10,"key":"REST"},{"data":"Bloodletting","floor":15,"key":"SMITH"},{"data":"Feed","floor":28,"key":"SMITH"},{"data":"Heavy Blade","floor":30,"key":"SMITH"},{"data":"Heavy Blade","floor":32,"key":"SMITH"},{"data":"Madness","floor":40,"key":"SMITH"},{"data":"Inflame","floor":42,"key":"SMITH"},{"floor":49,"key":"REST"}],"circlet_count":0,"master_deck":["Strike_R+1","Strike_R+1","Strike_R+1","Strike_R+1","Defend_R+1","Defend_R+1","Defend_R+1","Defend_R+1","Bash","Bloodletting+1","Hemokinesis","Clash","Heavy Blade+1","Rupture+1","Whirlwind","Immolate","Inflame+1","Spot Weakness","Clash","Carnage","Flex","Whirlwind","Reaper","Iron Wave+1","Cleave+1","Feed+1","Immolate","Clash+1","Heavy Blade+1","Demon Form","Wild Strike+1","Warcry","Carnage+1","Madness","Madness+1","Parasite","Wild Strike+1","True Grit+1","Impervious","Battle Trance+1"],"relics":["Black Blood","Juzu Bracelet","Magic Flower","Orrery","Velvet Choker","MutagenicStrength","Nloth\u0027s Gift","Potion Belt","Ice Cream","Ginger","Incense Burner","Eternal Feather","Red Mask"],"acts_visited":["Exordium","TheCity","TheBeyond"],"potions_floor_usage":[6,16,23,33,33,50,50,50,50],"damage_taken":[{"damage":3,"enemies":"Cultist","floor":1,"turns":2},{"damage":5,"enemies":"Small Slimes","floor":2,"turns":3},{"damage":3,"enemies":"Jaw Worm","floor":3,"turns":3},{"damage":39,"enemies":"Lagavulin","floor":6,"turns":6},{"damage":12,"enemies":"Looter","floor":7,"turns":3},{"damage":7,"enemies":"Large Slime","floor":8,"turns":5},{"damage":13,"enemies":"2 Fungi Beasts","floor":11,"turns":3},{"damage":8,"enemies":"Red Slaver","floor":13,"turns":2},{"damage":67,"enemies":"Hexaghost","floor":16,"turns":9},{"damage":26,"enemies":"Chosen","floor":18,"turns":5},{"damage":0,"enemies":"Spheric Guardian","floor":19,"turns":3},{"damage":36,"enemies":"Slavers","floor":23,"turns":4},{"damage":7,"enemies":"Chosen and Byrds","floor":25,"turns":3},{"damage":29,"enemies":"Centurion and Healer","floor":29,"turns":4},{"damage":2,"enemies":"Snake Plant","floor":31,"turns":2},{"damage":65,"enemies":"Champ","floor":33,"turns":6},{"damage":12,"enemies":"Orb Walker","floor":35,"turns":2},{"damage":0,"enemies":"Mind Bloom Boss Battle","floor":36,"turns":3},{"damage":0,"enemies":"3 Shapes","floor":38,"turns":2},{"damage":32,"enemies":"Writhing Mass","floor":41,"turns":5},{"damage":50,"enemies":"Spire Growth","floor":45,"turns":4},{"damage":11,"enemies":"4 Shapes","floor":47,"turns":3},{"damage":90,"enemies":"Awakened One","floor":50,"turns":7}],"seed_played":"-7444921588800771404","potions_obtained":[{"floor":1,"key":"Ancient Potion"},{"floor":7,"key":"BlessingOfTheForge"},{"floor":8,"key":"Fire Potion"},{"floor":13,"key":"BlessingOfTheForge"},{"floor":18,"key":"HeartOfIron"},{"floor":25,"key":"SpeedPotion"},{"floor":29,"key":"Ancient Potion"},{"floor":35,"key":"Explosive Potion"},{"floor":41,"key":"SpeedPotion"},{"floor":47,"key":"SteroidPotion"}],"is_trial":false,"path_per_floor":["M","M","M","?","T","E","M","M","T","R","M","$","M","?","R","B",null,"M","M","?","?","?","E","$","M","T","?","R","M","R","M","R","B",null,"M","?","?","M","?","R","M","R","T","?","M","$","M","?","R","B",null],"character_chosen":"IRONCLAD","items_purchased":["Inflame","Orrery","Flex","Master of Strategy","Impervious","AttackPotion","PowerPotion"],"campfire_rested":2,"item_purchase_floors":[12,12,12,24,46,46,46],"current_hp_per_floor":[80,80,80,69,69,36,33,35,35,74,70,70,71,71,71,13,80,68,77,77,77,77,74,74,80,80,80,80,66,66,73,73,37,84,84,84,84,84,73,73,59,59,59,59,33,33,46,46,88,35],"gold":0,"neow_bonus":"THREE_CARDS","is_daily":false,"chose_seed":false,"campfire_upgraded":6,"win_rate":0.0,"timestamp":1613259051,"path_taken":["M","?","M","?","?","E","M","M","T","R","M","$","M","?","R","BOSS","M","M","?","?","?","E","?","M","T","?","R","M","R","M","R","BOSS","M","?","?","M","?","R","M","R","T","?","M","$","M","?","R","BOSS"],"items_purchased_type":["Card","Relic","Card","Card","Card","Potion","Potion"],"build_version":"2020-12-22","purchased_purges":1,"victory":true,"max_hp_per_floor":[80,80,80,80,80,80,80,80,80,80,80,80,80,80,80,80,80,80,80,80,80,80,80,80,80,80,80,80,80,80,80,80,84,84,84,84,84,84,84,84,84,84,84,84,84,84,88,88,88,88],"card_choices":[{"not_picked":["Pommel Strike","Sword Boomerang"],"picked":"Bloodletting","floor":0},{"not_picked":["Uppercut","Pommel Strike"],"picked":"Hemokinesis","floor":1},{"not_picked":["Sever Soul","Shrug It Off"],"picked":"Clash","floor":2},{"not_picked":["Cleave","Body Slam"],"picked":"Heavy Blade","floor":3},{"not_picked":["Whirlwind","Heavy Blade"],"picked":"Rupture","floor":6},{"not_picked":["Burning Pact","Twin Strike"],"picked":"Whirlwind","floor":7},{"not_picked":["Body Slam","Second Wind","Warcry"],"picked":"SKIP","floor":8},{"not_picked":["Shrug It Off","Carnage"],"picked":"Immolate","floor":11},{"not_picked":["Flex","Whirlwind"],"picked":"Spot Weakness","floor":12},{"not_picked":["Pummel","Body Slam"],"picked":"Reckless Charge","floor":12},{"not_picked":["Fiend Fire","Searing Blow"],"picked":"Clash","floor":12},{"not_picked":["Ghostly Armor","Pommel Strike"],"picked":"Carnage","floor":12},{"not_picked":["True Grit","Armaments"],"picked":"Whirlwind","floor":13},{"not_picked":["Corruption","Bludgeon"],"picked":"Reaper","floor":16},{"not_picked":["Twin Strike","True Grit"],"picked":"Iron Wave+1","floor":18},{"not_picked":["Armaments","Iron Wave"],"picked":"Cleave+1","floor":19},{"not_picked":["Havoc","Exhume"],"picked":"Feed","floor":23},{"not_picked":["Thunderclap","Twin Strike"],"picked":"Immolate","floor":25},{"not_picked":["Sword Boomerang+1","Iron Wave"],"picked":"Clash+1","floor":29},{"not_picked":["Flex","Reaper"],"picked":"Heavy Blade","floor":31},{"not_picked":["Fiend Fire","Immolate"],"picked":"Demon Form","floor":33},{"not_picked":["True Grit+1","Second Wind+1"],"picked":"Wild Strike+1","floor":35},{"not_picked":["Headbutt","Twin Strike+1"],"picked":"Warcry","floor":36},{"not_picked":["Shrug It Off+1","Berserk"],"picked":"Carnage+1","floor":38},{"not_picked":["Seeing Red","Havoc+1"],"picked":"Wild Strike+1","floor":41},{"not_picked":["Clothesline","Evolve"],"picked":"True Grit+1","floor":45},{"not_picked":["Sword Boomerang","Headbutt"],"picked":"Battle Trance+1","floor":47}],"player_experience":28041,"relics_obtained":[{"floor":5,"key":"Juzu Bracelet"},{"floor":6,"key":"Magic Flower"},{"floor":9,"key":"Regal Pillow"},{"floor":23,"key":"Potion Belt"},{"floor":26,"key":"Ice Cream"},{"floor":36,"key":"Ginger"},{"floor":43,"key":"Incense Burner"}],"event_choices":[{"damage_healed":0,"gold_gain":75,"player_choice":"Gather Gold","damage_taken":11,"max_hp_gain":0,"max_hp_loss":0,"event_name":"World of Goop","floor":4,"gold_loss":0},{"damage_healed":0,"gold_gain":0,"player_choice":"Grow","damage_taken":0,"max_hp_gain":0,"max_hp_loss":0,"event_name":"Living Wall","floor":14,"gold_loss":0,"cards_upgraded":["Rupture"]},{"damage_healed":0,"gold_gain":0,"player_choice":"Inject Mutagens","damage_taken":0,"relics_obtained":["MutagenicStrength"],"max_hp_gain":0,"max_hp_loss":0,"event_name":"Drug Dealer","floor":20,"gold_loss":0},{"cards_removed":["Strike_R"],"damage_healed":0,"gold_gain":0,"player_choice":"Purged","damage_taken":0,"max_hp_gain":0,"max_hp_loss":0,"event_name":"Purifier","floor":21,"gold_loss":0},{"damage_healed":0,"gold_gain":0,"player_choice":"Traded Relic","damage_taken":0,"relics_obtained":["Nloth\u0027s Gift"],"max_hp_gain":0,"max_hp_loss":0,"event_name":"N\u0027loth","floor":22,"relics_lost":["Regal Pillow"],"gold_loss":0},{"damage_healed":0,"gold_gain":0,"player_choice":"Simplicity","damage_taken":0,"max_hp_gain":0,"max_hp_loss":0,"event_name":"Back to Basics","floor":27,"gold_loss":0,"cards_upgraded":["Strike_R","Strike_R","Strike_R","Strike_R","Defend_R","Defend_R","Defend_R","Defend_R"]},{"damage_healed":0,"gold_gain":0,"player_choice":"Fight","damage_taken":0,"max_hp_gain":0,"max_hp_loss":0,"event_name":"MindBloom","floor":36,"gold_loss":0},{"cards_removed":["Master of Strategy"],"damage_healed":0,"gold_gain":0,"player_choice":"Removed Skill","damage_taken":0,"max_hp_gain":0,"max_hp_loss":0,"event_name":"Falling","floor":37,"gold_loss":0},{"damage_healed":0,"gold_gain":0,"player_choice":"Embrace Madness","damage_taken":11,"max_hp_gain":0,"max_hp_loss":0,"event_name":"Winding Halls","floor":39,"gold_loss":0,"cards_obtained":["Madness","Madness"]},{"damage_healed":0,"gold_gain":0,"player_choice":"Gave Potion","damage_taken":0,"relics_obtained":["Eternal Feather"],"max_hp_gain":0,"max_hp_loss":0,"event_name":"WeMeetAgain","floor":44,"gold_loss":0},{"damage_healed":0,"gold_gain":0,"player_choice":"Paid","damage_taken":0,"relics_obtained":["Red Mask"],"max_hp_gain":0,"max_hp_loss":0,"event_name":"Tomb of Lord Red Mask","floor":48,"gold_loss":63}],"is_beta":false,"boss_relics":[{"not_picked":["Runic Dome","Ectoplasm"],"picked":"Velvet Choker"},{"not_picked":["Cursed Key","Runic Cube"],"picked":"Black Blood"}],"items_purged_floors":[46],"is_endless":false,"potions_floor_spawned":[1,7,8,13,18,25,29,35,41,47],"ascension_level":0}}