{"host":"oewe6473mh2zp5ss","time":1613245782,"event":{"mods":["AchievementEnabler","Ascension Reborn","Aspiration","Bard","BaseMod","Challenge The Spire","Conspire","Curses Come First","Custom Start","Downfall","Emptier Cage","Gremlin Mod","Halation","Hubris","Infinite Spire","Minty Spire (QoL Compilation)","Permanent Neow","Reliquary","Replay The Spire","Robot Space Explorer","Somnambulant","Spikes Relics","StSLib","The Cursed","The Disciple","The Senshi","thorton"],"gold_per_floor":[111,19,19,31,206,206,206,231,313,313,333,343,357,384,384,480,480,500,500,425,425,435,526,526,526],"floor_reached":24,"language":"ENG","playtime":3225,"items_purged":[],"score":219,"play_id":"99191795-8566-40ce-a292-4d2aa6060c49","local_time":"20210213114942","is_ascension_mode":true,"campfire_choices":[{"data":"PatternShift","floor":6.0,"key":"SMITH"},{"data":"HandsUpB","floor":10.0,"key":"SMITH"},{"data":"LockedWarPaint","floor":15,"key":"SMITH"}],"circlet_count":0,"master_deck":["Strike_Br","Strike_Br","Strike_Br","Defend_Br","Defend_Br","Defend_Br","Defend_Br","SecondHand","PatternShift+1","Adagio","conspire:Banana","HandsUpB+1","Doubt","WindUp","BlueShift","Accruing","ExoVibe","HandsUpB","LockedWarPaint+1","OldTimer","Lento+1","HandsUpB","ExoVibe","HandsUpB+1","PrimeTime","WindUp"],"relics":["Chronometer","Hand?","BlueBox","infinitespire:Eraser","Meat on the Bone","Ring of Chaos","halation:EternalFortune"],"acts_visited":["Exordium","TheCity"],"potions_floor_usage":[16,18,20],"damage_taken":[{"damage":6.0,"enemies":"Jaw Worm","floor":1.0,"turns":9.0},{"damage":0.0,"enemies":"Cultist","floor":4.0,"turns":9.0},{"damage":8.0,"enemies":"2 Louse","floor":11.0,"turns":4.0},{"damage":0.0,"enemies":"Blue Slaver","floor":12.0,"turns":5.0},{"damage":3,"enemies":"Exordium Thugs","floor":13,"turns":6},{"damage":8,"enemies":"Gremlin Nob","floor":14,"turns":8},{"damage":28,"enemies":"The Guardian","floor":16,"turns":18},{"damage":48,"enemies":"3 Byrds","floor":18,"turns":11},{"damage":22,"enemies":"2 Thieves","floor":20,"turns":5},{"damage":30,"enemies":"Centurion and Healer","floor":22,"turns":13},{"damage":15,"enemies":"Snake Plant","floor":24,"turns":1}],"seed_played":"380426052385402899","potions_obtained":[{"floor":11.0,"key":"SteroidPotion"},{"floor":13,"key":"bronze:BurnAndBuffPotion"},{"floor":16,"key":"Weak Potion"}],"is_trial":false,"path_per_floor":["M","$","?","M","?","R","?","T","T","R","M","M","M","E","R","B",null,"M","?","M","?","M","?","M"],"character_chosen":"CHRONO_CLASS","items_purchased":["conspire:Banana"],"campfire_rested":0,"item_purchase_floors":[2],"current_hp_per_floor":[59,59,59,60,60,60,60,60,60,60,53,54,52,45,45,31,72,37,40,31,31,15,15,0,0],"gold":526,"neow_bonus":"THREE_CARDS","is_daily":false,"chose_seed":false,"campfire_upgraded":3,"win_rate":0.0,"timestamp":1613245782,"path_taken":["M","$","?","?","?","R","?","?","T","R","M","M","?","E","R","BOSS","M","?","M","?","M","?","?"],"items_purchased_type":["Card"],"build_version":"2020-12-22","purchased_purges":0,"victory":false,"max_hp_per_floor":[65,65,65,66,66,66,66,66,66,66,67,68,69,70,70,72,72,73,76,77,77,79,79,79,79],"card_choices":[{"not_picked":["ShortSighted","BlueShift"],"picked":"Tempo","floor":0.0},{"not_picked":["Parity","Echoward","WindUp"],"picked":"SKIP","floor":1.0},{"not_picked":["Break","LockedAnchor"],"picked":"HandsUpB","floor":4.0},{"not_picked":["LockedScales","LockedMercury"],"picked":"Accruing","floor":11.0},{"not_picked":["RageCommand","Engulf"],"picked":"ExoVibe","floor":12.0},{"not_picked":["PrimeTime","ReapSow"],"picked":"HandsUpB","floor":13},{"not_picked":["ReapSow","WakeUpCall"],"picked":"LockedWarPaint","floor":14},{"not_picked":["Pendulum","LockedAstrolabe"],"picked":"OldTimer","floor":16},{"not_picked":["Engulf","LockedBlood"],"picked":"Tempo","floor":18},{"not_picked":["ExoVibe","LockedScales+1"],"picked":"HandsUpB","floor":20},{"not_picked":["PrimeTime+1","Engulf"],"picked":"ExoVibe","floor":22},{"not_picked":["BiteCommand+1","LockedBlood"],"picked":"HandsUpB+1","floor":23},{"not_picked":["Accruing","CrunchTime"],"picked":"PrimeTime","floor":23},{"not_picked":["Accruing","Flay"],"picked":"WindUp","floor":23}],"player_experience":116926,"relics_obtained":[{"floor":8.0,"key":"BlueBox"},{"floor":9.0,"key":"infinitespire:Eraser"},{"floor":14,"key":"Meat on the Bone"}],"event_choices":[{"cards_removed":["Strike_Br"],"damage_healed":0.0,"max_hp_gain":0.0,"max_hp_loss":0.0,"gold_gain":0.0,"event_name":"Bonfire Elementals","player_choice":"Offered Basic","floor":3.0,"gold_loss":0.0,"damage_taken":0.0},{"damage_healed":0.0,"max_hp_gain":0.0,"max_hp_loss":0.0,"gold_gain":175.0,"event_name":"Liars Game","player_choice":"AGREE","floor":5.0,"gold_loss":0.0,"damage_taken":0.0,"cards_obtained":["Doubt"]}],"is_beta":false,"boss_relics":[{"not_picked":["Coffee Dripper","conspire:SlowCooker"],"picked":"Ring of Chaos"}],"items_purged_floors":[],"is_endless":false,"potions_floor_spawned":[11,13,16],"killed_by":"Snake Plant","ascension_level":0}}