{"host":"08ib58efwyqa9h2x","time":1613258053,"event":{"mods":["BaseMod","Minty Spire (QoL Compilation)","Relic Stats"],"gold_per_floor":[118,28,40,50,50,80,80,113,136,171,171,190,207,232,232,232,232],"floor_reached":16,"language":"ENG","playtime":962,"items_purged":[],"score":244,"play_id":"1926ec09-cc39-4bb0-8d5c-697be32ebebb","local_time":"20210214001413","is_ascension_mode":true,"campfire_choices":[{"data":"Uppercut","floor":7,"key":"SMITH"},{"floor":11,"key":"REST"},{"floor":15,"key":"REST"}],"circlet_count":0,"master_deck":["AscendersBane","Strike_R","Strike_R","Strike_R","Strike_R","Strike_R","Defend_R","Defend_R","Defend_R","Defend_R","Bash","Uppercut+1","Combust","Cleave","Battle Trance","Dropkick"],"relics":["Runic Cube","Boot","Akabeko","Bronze Scales","Oddly Smooth Stone"],"acts_visited":["Exordium"],"potions_floor_usage":[6,6,8,8,10,14,16,16],"damage_taken":[{"damage":4,"enemies":"Small Slimes","floor":1,"turns":4},{"damage":1,"enemies":"Cultist","floor":3,"turns":3},{"damage":8,"enemies":"2 Louse","floor":4,"turns":2},{"damage":18,"enemies":"3 Sentries","floor":6,"turns":7},{"damage":14,"enemies":"Looter","floor":8,"turns":3},{"damage":6,"enemies":"Gremlin Nob","floor":10,"turns":3},{"damage":8,"enemies":"Lots of Slimes","floor":12,"turns":2},{"damage":3,"enemies":"Large Slime","floor":13,"turns":5},{"damage":20,"enemies":"Lagavulin","floor":14,"turns":5},{"damage":35,"enemies":"Hexaghost","floor":16,"turns":7}],"seed_played":"7733821059281363846","potions_obtained":[{"floor":5,"key":"EntropicBrew"},{"floor":5,"key":"EntropicBrew"},{"floor":8,"key":"LiquidMemories"},{"floor":12,"key":"PowerPotion"},{"floor":13,"key":"Weak Potion"},{"floor":14,"key":"Explosive Potion"}],"is_trial":false,"path_per_floor":["M","$","M","M","?","E","R","M","T","E","R","M","M","E","R","B"],"character_chosen":"IRONCLAD","items_purchased":["Combust","Cleave"],"campfire_rested":2,"item_purchase_floors":[2,2],"current_hp_per_floor":[64,64,63,55,55,37,37,23,23,17,39,31,28,8,30,0,0],"gold":232,"neow_bonus":"BOSS_RELIC","is_daily":false,"chose_seed":false,"campfire_upgraded":1,"win_rate":0.0,"timestamp":1613258053,"path_taken":["M","$","M","M","?","E","R","M","T","E","R","M","?","E","R","BOSS"],"items_purchased_type":["Card","Card"],"build_version":"2020-12-22","purchased_purges":0,"victory":false,"max_hp_per_floor":[75,75,75,75,75,75,75,75,75,75,75,75,75,75,75,75,75],"relic_stats":{"counters":[10,41],"Bronze Scales":[48],"Boot":[2],"obtain_stats":[{"Bronze Scales":10,"Oddly Smooth Stone":14,"Boot":6,"Burning Blood":0,"Akabeko":9,"Runic Cube":0},{"Bronze Scales":6,"Oddly Smooth Stone":9,"Boot":4,"Burning Blood":0,"Akabeko":5,"Runic Cube":0},{"Bronze Scales":22,"Oddly Smooth Stone":34,"Boot":16,"Burning Blood":0,"Akabeko":19,"Runic Cube":0}],"Runic Cube":[38]},"card_choices":[{"not_picked":["Armaments","Clothesline"],"picked":"Uppercut","floor":1},{"not_picked":["Flex","Body Slam","Heavy Blade"],"picked":"SKIP","floor":3},{"not_picked":["Clothesline","Flex","Sword Boomerang"],"picked":"SKIP","floor":4},{"not_picked":["Bloodletting","Wild Strike","Havoc"],"picked":"SKIP","floor":6},{"not_picked":["Sword Boomerang","Flex","True Grit"],"picked":"SKIP","floor":8},{"not_picked":["Sever Soul","Double Tap","Headbutt"],"picked":"SKIP","floor":10},{"not_picked":["Wild Strike","Havoc","Intimidate"],"picked":"SKIP","floor":12},{"not_picked":["Clash","Cleave"],"picked":"Battle Trance","floor":13},{"not_picked":["Uppercut","Feel No Pain"],"picked":"Dropkick","floor":14}],"player_experience":630233,"relics_obtained":[{"floor":6,"key":"Boot"},{"floor":9,"key":"Akabeko"},{"floor":10,"key":"Bronze Scales"},{"floor":14,"key":"Oddly Smooth Stone"}],"event_choices":[{"damage_healed":0,"gold_gain":0,"player_choice":"Got Potions","damage_taken":0,"max_hp_gain":0,"max_hp_loss":0,"event_name":"Lab","floor":5,"gold_loss":0}],"is_beta":false,"boss_relics":[],"items_purged_floors":[],"is_endless":false,"potions_floor_spawned":[8,12,13,14],"killed_by":"Hexaghost","ascension_level":20}}