{"host":"j36qkj20jqndbw01","time":1613228089,"event":{"mods":["AchievementEnabler","BaseMod","Colored Map","DeckTracker","Highlight Path","Keyboard Shortcuts","Minty Spire (QoL Compilation)","Quick Restart","Relic Stats","StSLib","SuperFastMode","everything is the same but u backflip on backflip"],"gold_per_floor":[114,132,112,124,139,139,169,185,185,201,201,201],"floor_reached":11,"language":"KOR","playtime":585,"items_purged":[],"score":146,"play_id":"d8762d73-a2c8-46ce-bb6c-b4e0833e729b","local_time":"20210213235449","is_ascension_mode":true,"campfire_choices":[{"data":"Defragment","floor":6,"key":"SMITH"}],"circlet_count":0,"master_deck":["AscendersBane","Strike_B","Strike_B","Strike_B","Strike_B","Defend_B","Defend_B","Defend_B","Defend_B","Zap","Dualcast","Defragment+1","Cold Snap","Glacier","Thunder Strike","Compile Driver","FTL","Blizzard+1"],"relics":["Cracked Core","Strawberry","Molten Egg 2"],"acts_visited":["Exordium"],"potions_floor_usage":[10,11],"damage_taken":[{"damage":2,"enemies":"Jaw Worm","floor":1,"turns":3},{"damage":2,"enemies":"Cultist","floor":2,"turns":4},{"damage":9,"enemies":"Small Slimes","floor":4,"turns":4},{"damage":6,"enemies":"3 Louse","floor":5,"turns":4},{"damage":23,"enemies":"3 Sentries","floor":7,"turns":9},{"damage":6,"enemies":"Looter","floor":8,"turns":4},{"damage":13,"enemies":"Exordium Wildlife","floor":10,"turns":3},{"damage":17,"enemies":"Gremlin Nob","floor":11,"turns":3}],"seed_played":"6754544048022643821","potions_obtained":[{"floor":2,"key":"SteroidPotion"},{"floor":3,"key":"Energy Potion"},{"floor":4,"key":"Energy Potion"},{"floor":7,"key":"SkillPotion"}],"is_trial":false,"path_per_floor":["M","M","?","M","M","R","E","M","T","M","E"],"character_chosen":"DEFECT","items_purchased":[],"campfire_rested":0,"item_purchase_floors":[],"current_hp_per_floor":[69,67,67,58,52,52,36,30,30,17,0,0],"gold":201,"neow_bonus":"TEN_PERCENT_HP_BONUS","is_daily":false,"chose_seed":false,"campfire_upgraded":1,"win_rate":0.0,"timestamp":1613228089,"path_taken":["M","M","?","M","?","R","E","M","T","M","E"],"items_purchased_type":[],"build_version":"2020-12-22","purchased_purges":0,"victory":false,"max_hp_per_floor":[78,78,78,78,78,78,85,85,85,85,85,85],"relic_stats":{"counters":[8,34],"obtain_stats":[{"Strawberry":7,"Molten Egg 2":9,"Cracked Core":0},{"Strawberry":5,"Molten Egg 2":6,"Cracked Core":0},{"Strawberry":24,"Molten Egg 2":28,"Cracked Core":0}]},"card_choices":[{"not_picked":["Beam Cell","Streamline"],"picked":"Defragment","floor":1},{"not_picked":["Gash","Cold Snap","Rebound"],"picked":"SKIP","floor":2},{"not_picked":["Gash","Rebound"],"picked":"Cold Snap","floor":2},{"not_picked":["Steam Power","Streamline"],"picked":"Glacier","floor":4},{"not_picked":["Hologram","Turbo"],"picked":"Thunder Strike","floor":5},{"not_picked":["Rebound","Recycle"],"picked":"Compile Driver","floor":7},{"not_picked":["Recycle","Beam Cell"],"picked":"FTL","floor":8},{"not_picked":["Coolheaded","Conserve Battery"],"picked":"Blizzard+1","floor":10}],"player_experience":1762717,"relics_obtained":[{"floor":7,"key":"Strawberry"},{"floor":9,"key":"Molten Egg 2"}],"event_choices":[{"damage_healed":0,"gold_gain":0,"player_choice":"Bought 1 Potion","damage_taken":0,"max_hp_gain":0,"max_hp_loss":0,"event_name":"The Woman in Blue","floor":3,"gold_loss":0}],"is_beta":false,"boss_relics":[],"items_purged_floors":[],"is_endless":false,"potions_floor_spawned":[2,4,5,7],"killed_by":"Gremlin Nob","ascension_level":18}}