{"host":"188x3om7sf6mgxv1","time":1613255674,"event":{"mods":["BaseMod","Block Reminder","Jorbs\u0027s Wanderer Trilogy","Minty Spire (QoL Compilation)","Relic Stats","StSLib"],"gold_per_floor":[216,216,46,66,66,66,100,100,125,125,165,130,52,77,77,205,205,218,57,75,75,118,156,156,197,197,231,252,252,295,295,295,424,424,438,503,503,522,542,542,560,50,50,69,69,100,120,139,139,139,139,139,37,77,77,77],"floor_reached":55,"language":"ENG","playtime":8274,"items_purged":["Strike_G","Bite","Bite"],"score":987,"play_id":"ed48d99b-19d1-4320-8daf-6580bf1511b0","local_time":"20210213173433","is_ascension_mode":true,"campfire_choices":[{"data":"Poisoned Stab","floor":6,"key":"SMITH"},{"data":"Adrenaline","floor":8,"key":"SMITH"},{"data":"Bane","floor":10,"key":"SMITH"},{"floor":15,"key":"REST"},{"data":"Corpse Explosion","floor":29,"key":"SMITH"},{"data":"Well Laid Plans","floor":32,"key":"SMITH"},{"data":"Calculated Gamble","floor":40,"key":"SMITH"},{"floor":45,"key":"RECALL"},{"data":"Catalyst","floor":49,"key":"SMITH"},{"data":"Noxious Fumes","floor":52,"key":"SMITH"}],"circlet_count":0,"master_deck":["Defend_G+1","Defend_G+1","Defend_G+1","Defend_G+1","Defend_G+1","Survivor","Neutralize","Poisoned Stab+1","Bane+1","Adrenaline+1","Noxious Fumes+1","Bouncing Flask","Well Laid Plans+1","Malaise","Bouncing Flask","Deadly Poison","Bite","Bite","Bite","Corpse Explosion+1","Acrobatics","Deflect+1","Dash+1","Leg Sweep+1","Poisoned Stab","Flying Knee","Calculated Gamble+1","Crippling Poison","PiercingWail+1","Catalyst+1","Catalyst+1","Parasite","Parasite","PiercingWail","Backflip+1","Crippling Poison+1"],"relics":["Ring of the Snake","Golden Idol","Bag of Preparation","Prayer Wheel","Bronze Scales","Mummified Hand","Cursed Key","Red Mask","Smiling Mask","Paper Crane","Dream Catcher","Potion Belt","SacredBark","Du-Vu Doll","OrangePellets","Toy Ornithopter","StoneCalendar","White Beast Statue"],"acts_visited":["Exordium","TheCity","TheBeyond","TheEnding"],"potions_floor_usage":[20,23,25,27,28,41,41,44,44,50,54,55,55,55,55],"damage_taken":[{"damage":0,"enemies":"Small Slimes","floor":1,"turns":3},{"damage":0,"enemies":"Jaw Worm","floor":4,"turns":3},{"damage":20,"enemies":"Gremlin Nob","floor":7,"turns":4},{"damage":22,"enemies":"Lagavulin","floor":11,"turns":4},{"damage":0,"enemies":"2 Louse","floor":14,"turns":2},{"damage":26,"enemies":"Slime Boss","floor":16,"turns":7},{"damage":0,"enemies":"Chosen","floor":18,"turns":3},{"damage":0,"enemies":"Shell Parasite","floor":20,"turns":3},{"damage":3,"enemies":"Masked Bandits","floor":22,"turns":4},{"damage":11,"enemies":"Book of Stabbing","floor":23,"turns":4},{"damage":15,"enemies":"Slavers","floor":25,"turns":3},{"damage":30,"enemies":"Gremlin Leader","floor":27,"turns":6},{"damage":2,"enemies":"Shelled Parasite and Fungi","floor":28,"turns":7},{"damage":4,"enemies":"Book of Stabbing","floor":30,"turns":5},{"damage":38,"enemies":"Collector","floor":33,"turns":7},{"damage":12,"enemies":"3 Darklings","floor":35,"turns":4},{"damage":16,"enemies":"2 Orb Walkers","floor":36,"turns":4},{"damage":0,"enemies":"3 Shapes","floor":38,"turns":3},{"damage":3,"enemies":"Jaw Worm Horde","floor":39,"turns":3},{"damage":34,"enemies":"Transient","floor":41,"turns":5},{"damage":0,"enemies":"Writhing Mass","floor":44,"turns":5},{"damage":0,"enemies":"Nemesis","floor":46,"turns":4},{"damage":0,"enemies":"4 Shapes","floor":47,"turns":2},{"damage":5,"enemies":"Sphere and 2 Shapes","floor":48,"turns":5},{"damage":44,"enemies":"Awakened One","floor":50,"turns":17},{"damage":46,"enemies":"Shield and Spear","floor":54,"turns":5},{"damage":34,"enemies":"The Heart","floor":55,"turns":3}],"seed_played":"347446150329547739","potions_obtained":[{"floor":7,"key":"AttackPotion"},{"floor":11,"key":"Dexterity Potion"},{"floor":20,"key":"Swift Potion"},{"floor":23,"key":"EssenceOfSteel"},{"floor":25,"key":"PowerPotion"},{"floor":27,"key":"SkillPotion"},{"floor":30,"key":"Explosive Potion"},{"floor":36,"key":"Explosive Potion"},{"floor":37,"key":"Ancient Potion"},{"floor":37,"key":"GamblersBrew"},{"floor":41,"key":"Poison Potion"},{"floor":46,"key":"Explosive Potion"},{"floor":48,"key":"ColorlessPotion"}],"is_trial":false,"path_per_floor":["M","?","$","M","?","R","E","R","T","R","E","?","$","M","R","B",null,"M","$","M","?","?","E","?","E","T","E","M","R","E","?","R","B",null,"M","?","?","M","M","R","M","$","T","M","R","E","M","M","R","B",null,"R","$","E","B"],"character_chosen":"THE_SILENT","items_purchased":["Bag of Preparation","Poisoned Stab","Noxious Fumes","Bouncing Flask","Block Potion","Catalyst","OrangePellets","Toy Ornithopter","Regen Potion","SteroidPotion"],"campfire_rested":1,"item_purchase_floors":[3,3,13,19,19,42,42,42,42,53],"current_hp_per_floor":[70,65,65,65,52,52,32,32,32,32,10,26,26,26,45,19,65,65,65,65,45,45,42,42,33,33,19,33,33,39,39,39,17,45,37,25,25,29,32,32,6,6,6,45,45,45,45,42,42,17,45,45,45,10,0,0],"gold":77,"neow_bonus":"HUNDRED_GOLD","is_daily":false,"chose_seed":false,"campfire_upgraded":8,"win_rate":0.0,"timestamp":1613255673,"path_taken":["M","?","$","M","?","R","E","R","T","R","E","?","$","M","R","BOSS","M","$","M","?","?","E","?","E","T","E","M","R","E","?","R","BOSS","M","?","?","M","M","R","M","$","T","?","R","E","M","M","R","BOSS","R","$","E","BOSS"],"items_purchased_type":["Relic","Card","Card","Card","Potion","Card","Relic","Relic","Potion","Potion"],"build_version":"2020-12-22","purchased_purges":3,"victory":false,"max_hp_per_floor":[70,65,65,65,65,65,65,65,65,65,65,65,65,65,65,65,65,65,65,65,45,45,45,45,45,45,45,45,45,45,45,45,45,45,45,45,45,45,45,45,45,45,45,45,45,45,45,45,45,45,45,45,45,45,45,45],"relic_stats":{"counters":[27,125],"Golden Idol":208,"StoneCalendar":[52],"Bag of Preparation":[52],"Cursed Key":1,"Smiling Mask":125,"OrangePellets":[2],"Dream Catcher":0,"Mummified Hand":[43],"Bronze Scales":[410],"Prayer Wheel":11,"obtain_stats":[{"Potion Belt":30,"Golden Idol":2,"SacredBark":34,"StoneCalendar":46,"Bag of Preparation":3,"Paper Crane":25,"Cursed Key":17,"Smiling Mask":23,"White Beast Statue":54,"Du-Vu Doll":36,"OrangePellets":42,"Dream Catcher":27,"Mummified Hand":11,"Bronze Scales":9,"Prayer Wheel":7,"Red Mask":22,"Toy Ornithopter":42,"Ring of the Snake":0},{"Potion Belt":14,"Golden Idol":1,"SacredBark":15,"StoneCalendar":22,"Bag of Preparation":1,"Paper Crane":11,"Cursed Key":6,"Smiling Mask":10,"White Beast Statue":26,"Du-Vu Doll":17,"OrangePellets":20,"Dream Catcher":12,"Mummified Hand":4,"Bronze Scales":3,"Prayer Wheel":3,"Red Mask":9,"Toy Ornithopter":20,"Ring of the Snake":0},{"Potion Belt":58,"Golden Idol":3,"SacredBark":65,"StoneCalendar":93,"Bag of Preparation":3,"Paper Crane":40,"Cursed Key":23,"Smiling Mask":37,"White Beast Statue":122,"Du-Vu Doll":73,"OrangePellets":84,"Dream Catcher":46,"Mummified Hand":14,"Bronze Scales":10,"Prayer Wheel":10,"Red Mask":33,"Toy Ornithopter":84,"Ring of the Snake":0}],"Toy Ornithopter":36,"Ring of the Snake":[54]},"card_choices":[{"not_picked":["Backflip","Tactician"],"picked":"Slice","floor":1},{"not_picked":["Calculated Gamble","Underhanded Strike"],"picked":"Bane","floor":4},{"not_picked":["Backflip","Concentrate"],"picked":"Adrenaline","floor":7},{"not_picked":["Dagger Spray","Outmaneuver","Heel Hook"],"picked":"SKIP","floor":11},{"not_picked":["Dagger Spray","Dagger Throw"],"picked":"Bouncing Flask","floor":14},{"not_picked":["Escape Plan","Flying Knee"],"picked":"Well Laid Plans","floor":14},{"not_picked":["Bullet Time","Night Terror"],"picked":"Malaise","floor":16},{"not_picked":["Blade Dance","Concentrate"],"picked":"Bouncing Flask","floor":18},{"not_picked":["Eviscerate","Tactician"],"picked":"Deadly Poison","floor":18},{"not_picked":["Deflect+1","Bane+1","Sucker Punch"],"picked":"SKIP","floor":20},{"not_picked":["Flying Knee","Sucker Punch","Slice"],"picked":"SKIP","floor":20},{"not_picked":["Blade Dance","Masterful Stab"],"picked":"Corpse Explosion","floor":22},{"not_picked":["Reflex","Deadly Poison+1"],"picked":"Acrobatics","floor":23},{"not_picked":["Underhanded Strike","Dagger Spray"],"picked":"Deflect+1","floor":25},{"not_picked":["Envenom","Acrobatics+1"],"picked":"Dash+1","floor":27},{"not_picked":["Bane","Expertise+1"],"picked":"Leg Sweep+1","floor":28},{"not_picked":["Underhanded Strike","Cloak And Dagger","Bane"],"picked":"SKIP","floor":28},{"not_picked":["Poisoned Stab","Finisher","Flying Knee"],"picked":"SKIP","floor":30},{"not_picked":["Eviscerate","Blade Dance+1"],"picked":"Calculated Gamble","floor":35},{"not_picked":["Dodge and Roll+1","Cloak And Dagger+1","Bouncing Flask"],"picked":"SKIP","floor":35},{"not_picked":["Glass Knife","Prepared"],"picked":"Crippling Poison","floor":38},{"not_picked":["Distraction","Underhanded Strike+1","Flying Knee"],"picked":"SKIP","floor":38},{"not_picked":["Sucker Punch","Underhanded Strike"],"picked":"PiercingWail+1","floor":39},{"not_picked":["Well Laid Plans","Slice","Flechettes"],"picked":"SKIP","floor":39},{"not_picked":["Footwork+1","Skewer+1"],"picked":"Catalyst+1","floor":41},{"not_picked":["Bane","Flying Knee","Blade Dance"],"picked":"SKIP","floor":41},{"not_picked":["Setup+1","Eviscerate"],"picked":"PiercingWail","floor":44},{"not_picked":["Outmaneuver","Blur"],"picked":"Backflip+1","floor":44},{"not_picked":["Setup+1","Slice"],"picked":"Crippling Poison+1","floor":46},{"not_picked":["Blur","Distraction","Deadly Poison+1"],"picked":"SKIP","floor":47},{"not_picked":["Dodge and Roll","Choke+1","Blur+1"],"picked":"SKIP","floor":47},{"not_picked":["Riddle With Holes+1","Outmaneuver","Terror"],"picked":"SKIP","floor":48},{"not_picked":["Blade Dance+1","Infinite Blades+1","Crippling Poison"],"picked":"SKIP","floor":48},{"not_picked":["Acrobatics+1","Dodge and Roll+1","Grand Finale"],"picked":"SKIP","floor":54}],"player_experience":71444,"relics_obtained":[{"floor":7,"key":"Prayer Wheel"},{"floor":9,"key":"Bronze Scales"},{"floor":11,"key":"Mummified Hand"},{"floor":22,"key":"Red Mask"},{"floor":23,"key":"Smiling Mask"},{"floor":25,"key":"Paper Crane"},{"floor":27,"key":"Dream Catcher"},{"floor":30,"key":"Potion Belt"},{"floor":36,"key":"Du-Vu Doll"},{"floor":46,"key":"StoneCalendar"},{"floor":54,"key":"White Beast Statue"}],"event_choices":[{"damage_healed":0,"gold_gain":0,"player_choice":"Lose Max HP","damage_taken":0,"relics_obtained":["Golden Idol"],"max_hp_gain":0,"max_hp_loss":5,"event_name":"Golden Idol","floor":2,"gold_loss":0},{"damage_healed":0,"gold_gain":0,"player_choice":"Entered Light","damage_taken":13,"max_hp_gain":0,"max_hp_loss":0,"event_name":"Shining Light","floor":5,"gold_loss":0,"cards_upgraded":["Defend_G","Strike_G"]},{"damage_healed":16,"gold_gain":0,"player_choice":"Healed","damage_taken":0,"max_hp_gain":0,"max_hp_loss":0,"event_name":"The Cleric","floor":12,"gold_loss":35},{"damage_healed":0,"gold_gain":0,"player_choice":"Became a vampire","damage_taken":0,"max_hp_gain":0,"max_hp_loss":20,"event_name":"Vampires","floor":21,"gold_loss":0,"cards_obtained":["Bite","Bite","Bite","Bite","Bite"]},{"damage_healed":0,"gold_gain":0,"player_choice":"Fought Bandits","damage_taken":0,"max_hp_gain":0,"max_hp_loss":0,"event_name":"Masked Bandits","floor":22,"gold_loss":0},{"damage_healed":0,"gold_gain":0,"player_choice":"Simplicity","damage_taken":0,"max_hp_gain":0,"max_hp_loss":0,"event_name":"Back to Basics","floor":24,"gold_loss":0,"cards_upgraded":["Defend_G","Defend_G","Defend_G","Defend_G"]},{"damage_healed":0,"gold_gain":0,"cards_transformed":["Slice","Bouncing Flask"],"player_choice":"Became Test Subject","damage_taken":0,"max_hp_gain":0,"max_hp_loss":0,"event_name":"Drug Dealer","floor":31,"gold_loss":0,"cards_obtained":["Poisoned Stab","Flying Knee"]},{"damage_healed":0,"gold_gain":0,"player_choice":"Fight","damage_taken":0,"max_hp_gain":0,"max_hp_loss":0,"event_name":"Mysterious Sphere","floor":36,"gold_loss":0},{"damage_healed":0,"gold_gain":0,"player_choice":"Got Potions","damage_taken":0,"max_hp_gain":0,"max_hp_loss":0,"event_name":"Lab","floor":37,"gold_loss":0}],"is_beta":false,"boss_relics":[{"not_picked":["Fusion Hammer","Empty Cage"],"picked":"Cursed Key"},{"not_picked":["SlaversCollar","Pandora\u0027s Box"],"picked":"SacredBark"}],"items_purged_floors":[19,42,53],"is_endless":false,"potions_floor_spawned":[7,11,20,23,25,27,30,36,38,41,46,48],"killed_by":"The Heart","ascension_level":4}}