{"host":"q57ekfojy3i00x9o","time":1613220844,"event":{"mods":["Act Like it!","Arknights","Aspiration","BaseMod","Colored Map","Energized Spire","Hermit","Minty Spire (QoL Compilation)","Quick Restart","Spicy Shops","Spikes Relics","StSLib","slay the spire mod where everything is the same but ironclad has a cowboy hat"],"gold_per_floor":[360,360,371,371,390,425,425,281,281,281,281,281],"floor_reached":11,"language":"RUS","playtime":265,"items_purged":[],"score":106,"play_id":"45a6a891-bc3a-4cd6-8f8a-acf7dddf96af","local_time":"20210213175404","is_ascension_mode":true,"campfire_choices":[],"circlet_count":0,"master_deck":["ats:Strike C","ats:Strike G","ats:Strike S","ats:Strike V","ats:Armor Crushing Shot","ats:Defend","ats:Defend","ats:Defend","ats:Defend","ats:Emotion Absorption","ats:Cat Scratch","ats:Blood Oath","ats:Revitalization","ats:Poison Spread","ats:Neurotoxin","Trip","Injury"],"relics":["ats:Sanity","ats:Originium","Pantograph","RoseTintedShades","Molten Egg 2"],"acts_visited":["Exordium"],"potions_floor_usage":[6,7],"damage_taken":[{"damage":0,"enemies":"2 Louse","floor":1,"turns":4},{"damage":7,"enemies":"Small Slimes","floor":3,"turns":3},{"damage":9,"enemies":"Jaw Worm","floor":5,"turns":5},{"damage":74,"enemies":"3 Sentries","floor":6,"turns":11},{"damage":0,"enemies":"Blue Slaver","floor":7,"turns":1},{"damage":10,"enemies":"Lagavulin","floor":11,"turns":2}],"seed_played":"8776246721750134455","potions_obtained":[{"floor":3,"key":"SkillPotion"},{"floor":6,"key":"SmokeBomb"}],"is_trial":false,"path_per_floor":["M","$","M","?","M","E","M","$","T","?","E"],"character_chosen":"DOCTOR_CLASS","items_purchased":["ats:Neurotoxin","Trip"],"campfire_rested":0,"item_purchase_floors":[8,8],"current_hp_per_floor":[65,65,58,65,62,5,5,5,5,5,0,0],"gold":281,"neow_bonus":"TWO_FIFTY_GOLD","is_daily":false,"chose_seed":false,"campfire_upgraded":0,"win_rate":0.0,"timestamp":1613220844,"path_taken":["M","$","M","?","M","E","M","$","T","?","E"],"items_purchased_type":["Card","Card"],"build_version":"2020-12-22","purchased_purges":0,"victory":false,"max_hp_per_floor":[65,65,65,65,65,65,65,65,65,65,65,65],"card_choices":[{"not_picked":["ats:Very Hot Blade","ats:Composite Medical Shells"],"picked":"ats:Cat Scratch","floor":1},{"not_picked":["ats:Ignite","ats:Curse Doll"],"picked":"ats:Blood Oath","floor":3},{"not_picked":["ats:Ignite","ats:Fractured Body"],"picked":"ats:Revitalization","floor":5},{"not_picked":["ats:Encircling Forest","ats:Soul Absorption"],"picked":"ats:Poison Spread","floor":6}],"player_experience":764541,"relics_obtained":[{"floor":6,"key":"ats:Originium"},{"floor":6,"key":"Pantograph"},{"floor":9,"key":"RoseTintedShades"}],"event_choices":[{"damage_healed":21,"gold_gain":0,"player_choice":"Banana","damage_taken":0,"max_hp_gain":0,"max_hp_loss":0,"event_name":"Big Fish","floor":4,"gold_loss":0}],"is_beta":false,"boss_relics":[],"items_purged_floors":[],"is_endless":false,"potions_floor_spawned":[3,6],"killed_by":"Lagavulin","ascension_level":9}}