{"host":"sc0o2qwpf9j16a4i","time":1613228353,"event":{"mods":["AchievementEnabler","BaseMod","BetterRewards","Block Reminder","Colored Map","Colored Powertips","Custom Start","Highlight Path","Minty Spire (QoL Compilation)","Relic Stats"],"gold_per_floor":[166,232,232,232,277,339,389,389,389,419,419,432,451,451,451,577,577,620,694,694,770,813,847,898,934,934,517,361,576,576,118,118,246,246,326,374,1373,999,1042,1077,1077,1177,1204,1277,1353,1353,886,925,925,925],"floor_reached":51,"language":"ENG","playtime":1990,"items_purged":["Normality"],"score":1257,"play_id":"549368cf-9e19-4b96-b29a-5d1d25795c4a","local_time":"20210213165913","daily_mods":["Shiny","Time Dilation","Lethality"],"is_ascension_mode":false,"campfire_choices":[{"data":"Scrawl","floor":15,"key":"SMITH"},{"data":"BattleHymn","floor":30,"key":"SMITH"},{"data":"ConjureBlade","floor":32,"key":"SMITH"},{"data":"1","floor":41,"key":"LIFT"},{"data":"2","floor":49,"key":"LIFT"}],"circlet_count":0,"master_deck":["ConjureBlade+1","MasterReality+1","Brilliance+1","Devotion+1","Blasphemy+1","Ragnarok+1","LessonLearned+1","Scrawl+1","Vault+1","Alpha+1","Wish+1","Omniscience+1","Establishment+1","SpiritShield+1","DevaForm+1","DeusExMachina+1","CutThroughFate+1","Evaluate+1","Protect+1","Sanctity+1","Conclude+1","BattleHymn+1","CutThroughFate+1","DeceiveReality+1","Scrawl+1","DeceiveReality+1","Adaptation+1","Protect+1","Meditate+1","Omniscience+1","WheelKick","Swivel+1","Protect+1","Evaluate+1","TalkToTheHand","Discovery+1"],"relics":["PureWater","Strawberry","Blood Vial","Toxic Egg 2","Golden Idol","StrikeDummy","Snecko Eye","Bag of Preparation","Lantern","Bottled Tornado","Omamori","Happy Flower","Damaru","TungstenRod","Blue Candle","Calipers","Centennial Puzzle","Calling Bell","Orichalcum","Yang","Girya","Chemical X","Potion Belt","Pocketwatch","Juzu Bracelet","Art of War","InkBottle","Regal Pillow"],"acts_visited":["Exordium","TheCity","TheBeyond"],"potions_floor_usage":[16,16,23,45,50,50,50],"damage_taken":[{"damage":0,"enemies":"Cultist","floor":1,"turns":2},{"damage":0,"enemies":"Jaw Worm","floor":2,"turns":1},{"damage":0,"enemies":"2 Louse","floor":5,"turns":1},{"damage":0,"enemies":"3 Sentries","floor":6,"turns":7},{"damage":0,"enemies":"2 Fungi Beasts","floor":7,"turns":3},{"damage":0,"enemies":"Lagavulin","floor":10,"turns":4},{"damage":0,"enemies":"3 Louse","floor":12,"turns":1},{"damage":0,"enemies":"Lots of Slimes","floor":13,"turns":1},{"damage":0,"enemies":"Slime Boss","floor":16,"turns":3},{"damage":0,"enemies":"3 Byrds","floor":18,"turns":4},{"damage":0,"enemies":"Shell Parasite","floor":19,"turns":2},{"damage":24,"enemies":"Snake Plant","floor":21,"turns":3},{"damage":0,"enemies":"Chosen and Byrds","floor":22,"turns":3},{"damage":0,"enemies":"Slavers","floor":23,"turns":2},{"damage":0,"enemies":"Cultist and Chosen","floor":24,"turns":2},{"damage":0,"enemies":"Gremlin Leader","floor":25,"turns":1},{"damage":0,"enemies":"Colosseum Slavers","floor":29,"turns":3},{"damage":0,"enemies":"Colosseum Nobs","floor":29,"turns":2},{"damage":0,"enemies":"Champ","floor":33,"turns":5},{"damage":0,"enemies":"3 Darklings","floor":35,"turns":2},{"damage":0,"enemies":"Orb Walker","floor":36,"turns":2},{"damage":0,"enemies":"3 Darklings","floor":39,"turns":1},{"damage":0,"enemies":"Giant Head","floor":40,"turns":6},{"damage":0,"enemies":"4 Shapes","floor":44,"turns":3},{"damage":0,"enemies":"Maw","floor":45,"turns":5},{"damage":0,"enemies":"Reptomancer","floor":48,"turns":3},{"damage":0,"enemies":"Time Eater","floor":50,"turns":5}],"seed_played":"7432068515189463568","potions_obtained":[{"floor":5,"key":"BottledMiracle"},{"floor":6,"key":"SteroidPotion"},{"floor":13,"key":"BottledMiracle"},{"floor":16,"key":"Ambrosia"},{"floor":21,"key":"Block Potion"},{"floor":23,"key":"Strength Potion"},{"floor":40,"key":"Ancient Potion"},{"floor":44,"key":"Swift Potion"},{"floor":45,"key":"Ancient Potion"}],"is_trial":true,"path_per_floor":["M","M","?","?","M","E","M","?","T","E","?","M","M","T","R","B",null,"M","M","?","M","M","E","M","E","T","$","$","?","R","$","R","B",null,"M","M","?","$","M","E","R","?","T","M","M","?","$","E","R","B",null],"character_chosen":"WATCHER","items_purchased":["Omamori","Happy Flower","WheelKick","Swivel+1","Damaru","Calipers","Centennial Puzzle","Chemical X","Potion Belt","Art of War","InkBottle","Discovery+1"],"campfire_rested":0,"item_purchase_floors":[27,27,27,27,28,31,31,38,38,47,47,47],"current_hp_per_floor":[72,72,72,72,72,79,79,63,63,65,46,48,50,50,50,52,79,79,79,79,55,57,59,61,63,63,63,63,67,67,67,67,69,79,79,79,79,79,79,79,79,79,79,79,79,79,79,79,79,79],"gold":925,"neow_bonus":"","is_daily":false,"chose_seed":false,"campfire_upgraded":3,"win_rate":0.0,"timestamp":1613228353,"path_taken":["M","M","?","?","?","E","M","?","T","E","?","M","M","?","R","BOSS","M","M","?","?","M","E","M","E","T","?","$","?","R","?","R","BOSS","M","M","?","$","M","E","R","?","T","M","M","?","$","E","R","BOSS"],"items_purchased_type":["Relic","Relic","Card","Card","Relic","Relic","Relic","Relic","Relic","Relic","Relic","Card"],"build_version":"2020-12-22","purchased_purges":1,"victory":true,"max_hp_per_floor":[72,72,72,72,72,79,79,79,79,79,79,79,79,79,79,79,79,79,79,79,79,79,79,79,79,79,79,79,79,79,79,79,79,79,79,79,79,79,79,79,79,79,79,79,79,79,79,79,79,79],"relic_stats":{"Regal Pillow":0,"Happy Flower":[12],"counters":[27,77],"Golden Idol":170,"Blue Candle":[0],"Yang":[42],"Bag of Preparation":[22],"Juzu Bracelet":1,"Orichalcum":[18],"Blood Vial":22,"Centennial Puzzle":[0],"Snecko Eye":[120,103,122,126],"Art of War":[3],"Chemical X":[4],"obtain_stats":[{"Lantern":25,"Regal Pillow":48,"Calipers":31,"Yang":34,"Bag of Preparation":23,"Juzu Bracelet":43,"Bottled Tornado":26,"Blood Vial":9,"Centennial Puzzle":31,"Strawberry":6,"Chemical X":38,"Toxic Egg 2":10,"InkBottle":47,"Potion Belt":38,"Girya":34,"Happy Flower":27,"Golden Idol":11,"Blue Candle":29,"Damaru":28,"Omamori":27,"Orichalcum":34,"Calling Bell":34,"Snecko Eye":17,"Art of War":47,"PureWater":0,"StrikeDummy":14,"TungstenRod":29,"Pocketwatch":40},{"Lantern":16,"Regal Pillow":26,"Calipers":18,"Yang":19,"Bag of Preparation":14,"Juzu Bracelet":23,"Bottled Tornado":16,"Blood Vial":5,"Centennial Puzzle":18,"Strawberry":4,"Chemical X":21,"Toxic Egg 2":6,"InkBottle":25,"Potion Belt":21,"Girya":19,"Happy Flower":16,"Golden Idol":6,"Blue Candle":18,"Damaru":16,"Omamori":16,"Orichalcum":19,"Calling Bell":19,"Snecko Eye":9,"Art of War":25,"PureWater":0,"StrikeDummy":8,"TungstenRod":18,"Pocketwatch":23},{"Lantern":40,"Regal Pillow":72,"Calipers":45,"Yang":50,"Bag of Preparation":37,"Juzu Bracelet":61,"Bottled Tornado":40,"Blood Vial":14,"Centennial Puzzle":45,"Strawberry":11,"Chemical X":54,"Toxic Egg 2":18,"InkBottle":69,"Potion Belt":54,"Girya":50,"Happy Flower":40,"Golden Idol":18,"Blue Candle":45,"Damaru":40,"Omamori":40,"Orichalcum":50,"Calling Bell":50,"Snecko Eye":23,"Art of War":69,"PureWater":0,"StrikeDummy":20,"TungstenRod":45,"Pocketwatch":61}],"TungstenRod":0,"InkBottle":[4],"Pocketwatch":[1]},"card_choices":[{"not_picked":["Tantrum","JustLucky"],"picked":"CutThroughFate","floor":1},{"not_picked":["FlyingSleeves","JustLucky"],"picked":"Evaluate","floor":2},{"not_picked":["ForeignInfluence","SashWhip"],"picked":"Protect","floor":5},{"not_picked":["Crescendo","Prostrate"],"picked":"Sanctity","floor":6},{"not_picked":["BattleHymn","Study"],"picked":"Conclude","floor":7},{"not_picked":["Prostrate+1","ClearTheMind+1"],"picked":"BattleHymn","floor":10},{"not_picked":["Study","EmptyBody+1"],"picked":"CutThroughFate","floor":12},{"not_picked":["EmptyBody+1","Study"],"picked":"DeceiveReality+1","floor":13},{"not_picked":["Brilliance","LessonLearned"],"picked":"Scrawl+1","floor":16},{"not_picked":["Weave","JustLucky","Consecrate"],"picked":"SKIP","floor":18},{"not_picked":["CarveReality","EmptyFist+1"],"picked":"DeceiveReality+1","floor":19},{"not_picked":["JustLucky","CrushJoints"],"picked":"Protect+1","floor":21},{"not_picked":["DeceiveReality+1","EmptyBody+1"],"picked":"Meditate+1","floor":22},{"not_picked":["EmptyBody+1","Conclude","ConjureBlade+1"],"picked":"SKIP","floor":23},{"not_picked":["Collect+1","FlyingSleeves","Consecrate"],"picked":"SKIP","floor":24},{"not_picked":["EmptyBody+1","Prostrate+1"],"picked":"Omniscience+1","floor":25},{"not_picked":["ClearTheMind+1","WaveOfTheHand+1"],"picked":"Protect+1","floor":29},{"not_picked":["EmptyFist","Crescendo+1","Vengeance+1"],"picked":"SKIP","floor":35},{"not_picked":["Conclude","Perseverance+1","ForeignInfluence+1"],"picked":"SKIP","floor":36},{"not_picked":["Worship+1","ClearTheMind+1"],"picked":"Evaluate+1","floor":39},{"not_picked":["DeusExMachina+1","BowlingBash","CrushJoints"],"picked":"SKIP","floor":40},{"not_picked":["EmptyBody+1","JustLucky+1"],"picked":"TalkToTheHand","floor":44},{"not_picked":["LikeWater+1","Fasting2+1","Weave"],"picked":"SKIP","floor":45},{"not_picked":["Crescendo+1","JustLucky","Conclude+1"],"picked":"SKIP","floor":48}],"player_experience":1402451,"relics_obtained":[{"floor":6,"key":"Strawberry"},{"floor":9,"key":"Blood Vial"},{"floor":10,"key":"Toxic Egg 2"},{"floor":14,"key":"StrikeDummy"},{"floor":23,"key":"Bag of Preparation"},{"floor":25,"key":"Lantern"},{"floor":26,"key":"Bottled Tornado"},{"floor":29,"key":"TungstenRod"},{"floor":29,"key":"Blue Candle"},{"floor":34,"key":"Orichalcum"},{"floor":34,"key":"Yang"},{"floor":34,"key":"Girya"},{"floor":40,"key":"Pocketwatch"},{"floor":43,"key":"Juzu Bracelet"},{"floor":48,"key":"Regal Pillow"}],"event_choices":[{"damage_healed":0,"gold_gain":0,"player_choice":"Grow","damage_taken":0,"max_hp_gain":0,"max_hp_loss":0,"event_name":"Living Wall","floor":3,"gold_loss":0,"cards_upgraded":["Wish"]},{"damage_healed":0,"gold_gain":0,"player_choice":"Leave","damage_taken":0,"max_hp_gain":0,"max_hp_loss":0,"event_name":"The Cleric","floor":4,"gold_loss":0},{"damage_healed":0,"gold_gain":0,"player_choice":"Entered Light","damage_taken":16,"max_hp_gain":0,"max_hp_loss":0,"event_name":"Shining Light","floor":8,"gold_loss":0,"cards_upgraded":["Ragnarok","Blasphemy"]},{"damage_healed":0,"gold_gain":0,"player_choice":"Take Damage","damage_taken":19,"relics_obtained":["Golden Idol"],"max_hp_gain":0,"max_hp_loss":0,"event_name":"Golden Idol","floor":11,"gold_loss":0},{"damage_healed":0,"gold_gain":0,"cards_transformed":["Judgement"],"player_choice":"Transformed","damage_taken":0,"max_hp_gain":0,"max_hp_loss":0,"event_name":"Transmorgrifier","floor":20,"gold_loss":0,"cards_obtained":["Adaptation"]},{"damage_healed":0,"gold_gain":0,"player_choice":"Fight","damage_taken":0,"max_hp_gain":0,"max_hp_loss":0,"event_name":"Colosseum","floor":29,"gold_loss":0},{"damage_healed":0,"gold_gain":0,"player_choice":"Fought Nobs","damage_taken":0,"max_hp_gain":0,"max_hp_loss":0,"event_name":"Colosseum","floor":29,"gold_loss":0},{"damage_healed":0,"gold_gain":999,"player_choice":"Gold","damage_taken":0,"max_hp_gain":0,"max_hp_loss":0,"event_name":"MindBloom","floor":37,"gold_loss":0,"cards_obtained":["Normality","Normality"]},{"damage_healed":0,"gold_gain":100,"player_choice":"Pray","damage_taken":0,"max_hp_gain":0,"max_hp_loss":0,"event_name":"Golden Shrine","floor":42,"gold_loss":0},{"damage_healed":0,"gold_gain":0,"player_choice":"Ignored","damage_taken":0,"max_hp_gain":0,"max_hp_loss":0,"event_name":"Tomb of Lord Red Mask","floor":46,"gold_loss":0}],"is_beta":false,"boss_relics":[{"not_picked":["Coffee Dripper","Runic Dome"],"picked":"Snecko Eye"},{"not_picked":["Tiny House","VioletLotus"],"picked":"Calling Bell"}],"items_purged_floors":[38],"is_endless":false,"potions_floor_spawned":[5,6,13,16,21,22,23,24,29,36,40,44,45,48],"ascension_level":0}}