{"host":"27g79df0endkaa4r","time":1613247991,"event":{"mods":["Abigail Mod","AchievementEnabler","Act Like it!","Alarm Clock","BaseMod","Better Altar","Better Match","Better Skull","Better Third Choice","BetterRewards","Bossed Relics","CapriCore","Card Forge","Colored Map","Curses Come First","Disable Question Mark Monsters","Displayed Cursed Tome","Emptier Cage","FoggyMod","Friendly Minions","Gold Saver","Good Game Mod","Grow up Mod","Highlight Path","Kratos Character Expansion","Minty Spire (QoL Compilation)","Permanent Neow","Poem Panic","Remilia??????","Shop Mod","StSLib","The Immortal","The Servant 0.9.4","The Vixen","Transform Curses","Virulent Crown","????"],"gold_per_floor":[1942,1942,1170,1245,1320,1320,1354,1354,1381,1381,1414,792,863,863,124,222,222,238,238,113,113,61,88,88,114,137,166,183,183,183,208,87,192,192,206,206,252,252,252,53,88,13,13,13,13,13,48,48],"floor_reached":49,"language":"ENG","playtime":1679,"items_purged":[],"score":1336,"play_id":"b68765f2-e364-43f7-a1fe-e751348839c2","local_time":"20210213212631","is_ascension_mode":false,"campfire_choices":[{"floor":6.0,"key":"RECALL"},{"floor":45,"key":"REST"}],"circlet_count":0,"master_deck":["MokouMod:HeatSpark+1","Pray+1","MokouMod:FujiyamaVolcano+1","Madness+1","MokouMod:RisingSunBarrier+1","MokouMod:Rebirth+1","Sadistic Nature+1","MokouMod:WarmUp+1","MokouMod:Ventilation+1","Madness+1","MokouMod:RisingSunBarrier+1","MokouMod:HouraiForge+1","MokouMod:ScorchedEarth+1","MokouMod:RoaringFlare+1","MokouMod:HouraiForge+1","MokouMod:IgnitionBlast+1","MokouMod:SearingShot+1","MokouMod:ProfanedFlare+1","Madness+1","Madness+1"],"relics":["MokouMod:PhoenixFeather","Hammer of Thor","Seething Fire","Anvil of the Gods","REME:ComplimentaryCards","Lantern","MerchantsRug","Juzu Bracelet","Happy Flower","Chemical X","Bronze Scales","Pen Nib","Torii","Gremlin Horn","HandDrill","InkBottle","Shuriken","Philosopher\u0027s Stone","TheAbacus","GreatHeart","Membership Card","Mummified Hand","War Paint","MealTicket","Whetstone","Nunchaku","KratosMod:minohorn","Astrolabe","Orichalcum","Ancient Tea Set","Toy Ornithopter","Bag of Preparation","StoneCalendar","Medical Kit","Oddly Smooth Stone","Bag of Marbles","Vajra","ScarletDevilRocket","Anchor"],"acts_visited":["Exordium","TheCity","TheBeyond","TheEnding"],"potions_floor_usage":[],"damage_taken":[{"damage":3.0,"enemies":"Jaw Worm","floor":1.0,"turns":3.0},{"damage":5.0,"enemies":"3 Sentries","floor":7.0,"turns":4.0},{"damage":18.0,"enemies":"Lagavulin","floor":11.0,"turns":3.0},{"damage":88.0,"enemies":"Hexaghost","floor":16.0,"turns":4.0},{"damage":0,"enemies":"3 Byrds","floor":18,"turns":1},{"damage":31,"enemies":"Gremlin Leader","floor":23,"turns":3},{"damage":29,"enemies":"Book of Stabbing","floor":25,"turns":4},{"damage":41,"enemies":"Gremlin Leader","floor":27,"turns":4},{"damage":16,"enemies":"Automaton","floor":33,"turns":4},{"damage":30,"enemies":"Orb Walker","floor":35,"turns":3},{"damage":29,"enemies":"2 Orb Walkers","floor":37,"turns":2},{"damage":0,"enemies":"Giant Head","floor":41,"turns":6},{"damage":12,"enemies":"Donu and Deca","floor":43,"turns":2},{"damage":48,"enemies":"Shield and Spear","floor":47,"turns":5},{"damage":72,"enemies":"The Heart","floor":48,"turns":7}],"seed_played":"-6855395908756967414","potions_obtained":[{"floor":1.0,"key":"SkillPotion"},{"floor":11.0,"key":"Regen Potion"},{"floor":25,"key":"FearPotion"},{"floor":33,"key":"SkillPotion"},{"floor":35,"key":"PowerPotion"}],"is_trial":false,"path_per_floor":["M","?","$","?","?","R","E","?","T","?","E","R","T","?","R","B",null,"M","?","$","?","$","E","$","E","T","E","$","?","?","T","R","B",null,"M","?","?","?","?","R","E","$","B",null,"R","$","E","B",null],"character_chosen":"MKU","items_purchased":["Lantern","MerchantsRug","MokouMod:FujiyamaVolcano","Madness","MokouMod:RisingSunBarrier","Juzu Bracelet","Happy Flower","Chemical X","MokouMod:Rebirth","Sadistic Nature","MokouMod:WarmUp","Torii","Potion Belt","Madness","MokouMod:RisingSunBarrier","HandDrill","InkBottle","Shuriken","MokouMod:ScorchedEarth","MokouMod:RoaringFlare","TheAbacus","Membership Card","KratosMod:minohorn","Medical Kit","Oddly Smooth Stone","Bag of Marbles","ScarletDevilRocket"],"campfire_rested":1,"item_purchase_floors":[0,0,0,0,0,3,3,3,3,3,3,12,12,12,12,15,15,15,15,15,20,22,32,40,40,40,42],"current_hp_per_floor":[92,102,112,111,110,120,129,131,141,151,145,155,165,175,185,115,265,275,285,295,305,315,294,304,285,295,264,289,299,309,319,329,323,435,415,56,37,126,136,146,156,181,179,535,545,555,517,465],"gold":48,"neow_bonus":"","is_daily":false,"chose_seed":false,"campfire_upgraded":0,"win_rate":0.0,"timestamp":1613247991,"path_taken":["M","?","$","?","?","R","E","?","T","?","E","R","?","?","R","BOSS","M","?","$","?","?","E","$","E","T","E","$","?","?","?","R","BOSS","M","?","?","?","?","R","E","$","BOSS","R","$","E","BOSS"],"items_purchased_type":["Relic","Relic","Card","Card","Card","Relic","Relic","Relic","Card","Card","Card","Relic","Relic","Card","Card","Relic","Relic","Relic","Card","Card","Relic","Relic","Relic","Relic","Relic","Relic","Relic"],"build_version":"2020-12-22","purchased_purges":0,"victory":true,"max_hp_per_floor":[95,105,115,125,135,145,155,175,185,195,205,215,225,235,245,255,265,275,285,295,305,315,325,335,345,355,365,375,385,395,405,415,425,435,445,455,465,475,485,495,505,515,525,535,545,555,565,585],"card_choices":[{"not_picked":["MokouMod:FlareStarter","MokouMod:ResoluteFlare"],"picked":"MokouMod:ThermalPressure","floor":1.0},{"not_picked":["MokouMod:UncontrollableSolarReaction","MokouMod:BlazingComet"],"picked":"MokouMod:Ventilation","floor":7.0},{"not_picked":["MokouMod:IgneousBlow","MokouMod:BlazingComet","MokouMod:UncontrollableSolarReaction"],"picked":"SKIP","floor":11.0},{"not_picked":["MokouMod:SearingBlow","MokouMod:Extinguish"],"picked":"MokouMod:HouraiForge","floor":16.0},{"not_picked":["MokouMod:RetainTemperature","MokouMod:TemporalFireSeal","MokouMod:FlareStarter"],"picked":"SKIP","floor":18},{"not_picked":["MokouMod:FlickeringFlame","MokouMod:ControlledCombustion","MokouMod:SearingShot"],"picked":"SKIP","floor":23},{"not_picked":["MokouMod:SearingShot","MokouMod:ProfanedFlare"],"picked":"MokouMod:IgnitionBlast+1","floor":25},{"not_picked":["MokouMod:AdaptivePyromancy","MokouMod:Firecracker"],"picked":"MokouMod:SearingShot+1","floor":27},{"not_picked":["MokouMod:Rebirth","MokouMod:BurningHiddenBullet"],"picked":"MokouMod:ProfanedFlare","floor":33},{"not_picked":["MokouMod:FlareStarter","MokouMod:Firecracker+1","MokouMod:IllusoryBattlefield"],"picked":"SKIP","floor":35},{"not_picked":["MokouMod:RetainTemperature+1","MokouMod:IgnitionBarrier+1","MokouMod:Afterburner+1"],"picked":"SKIP","floor":41},{"not_picked":["MokouMod:RetainTemperature","MokouMod:Sear+1","MokouMod:HeatTransfer+1"],"picked":"SKIP","floor":47}],"player_experience":12778,"relics_obtained":[{"floor":7.0,"key":"Bronze Scales"},{"floor":11.0,"key":"Pen Nib"},{"floor":13.0,"key":"Gremlin Horn"},{"floor":23,"key":"Mummified Hand"},{"floor":25,"key":"War Paint"},{"floor":26,"key":"MealTicket"},{"floor":27,"key":"Whetstone"},{"floor":31,"key":"Nunchaku"},{"floor":37,"key":"StoneCalendar"},{"floor":41,"key":"Vajra"},{"floor":47,"key":"Anchor"}],"event_choices":[{"cards_removed":["MokouMod:Strike"],"damage_healed":0.0,"max_hp_gain":0.0,"max_hp_loss":0.0,"gold_gain":0.0,"event_name":"Purifier","player_choice":"Purged","floor":2.0,"gold_loss":0.0,"damage_taken":0.0},{"damage_healed":0.0,"max_hp_gain":0.0,"max_hp_loss":0.0,"gold_gain":75.0,"event_name":"FaceTrader","player_choice":"Touch","floor":4.0,"gold_loss":0.0,"damage_taken":11.0},{"damage_healed":0.0,"max_hp_gain":0.0,"max_hp_loss":0.0,"gold_gain":75.0,"event_name":"betterThird:BetterGoop","player_choice":"Gold","floor":5.0,"gold_loss":0.0,"damage_taken":11.0},{"damage_healed":0.0,"max_hp_gain":0.0,"max_hp_loss":0.0,"gold_gain":0.0,"event_name":"betterThird:BetterScrap","player_choice":"Relic ","floor":8.0,"gold_loss":0.0,"damage_taken":18.0,"cards_obtained":["Lockon"]},{"damage_healed":0.0,"max_hp_gain":0.0,"max_hp_loss":0.0,"gold_gain":0.0,"cards_transformed":["MokouMod:Defend"],"event_name":"Living Wall","player_choice":"Change","floor":10.0,"gold_loss":0.0,"damage_taken":0.0,"cards_obtained":["MokouMod:Fireball"]},{"damage_healed":0.0,"max_hp_gain":0.0,"max_hp_loss":0.0,"gold_gain":0.0,"cards_transformed":["MokouMod:Fireball"],"event_name":"Transmorgrifier","player_choice":"Transformed","floor":14.0,"gold_loss":0.0,"damage_taken":0.0,"cards_obtained":["MokouMod:HouraiForge"]},{"damage_healed":0,"gold_gain":0,"player_choice":"Ignored","damage_taken":0,"max_hp_gain":0,"max_hp_loss":0,"event_name":"Beggar","floor":19,"gold_loss":0},{"damage_healed":0,"gold_gain":0,"player_choice":"Ignored","damage_taken":0,"max_hp_gain":0,"max_hp_loss":0,"event_name":"Ghosts","floor":29,"gold_loss":0},{"damage_healed":0,"gold_gain":0,"player_choice":"Ignored","damage_taken":0,"max_hp_gain":0,"max_hp_loss":0,"event_name":"The Mausoleum","floor":30,"gold_loss":0},{"damage_healed":0,"gold_gain":0,"player_choice":"RE RE RE RE ","damage_taken":377,"relics_obtained":["Orichalcum","Ancient Tea Set","Toy Ornithopter","Bag of Preparation"],"max_hp_gain":0,"max_hp_loss":0,"event_name":"betterSkull:BetterSkull","floor":36,"gold_loss":0,"cards_upgraded":[]},{"damage_healed":0,"gold_gain":0,"player_choice":"Fight","damage_taken":0,"max_hp_gain":0,"max_hp_loss":0,"event_name":"Mysterious Sphere","floor":37,"gold_loss":0},{"damage_healed":0,"gold_gain":0,"player_choice":"Embrace Madness","damage_taken":58,"max_hp_gain":0,"max_hp_loss":0,"event_name":"Winding Halls","floor":38,"gold_loss":0,"cards_obtained":["Madness","Madness"]},{"cards_removed":["MokouMod:ThermalPressure"],"damage_healed":0,"gold_gain":0,"player_choice":"Removed Skill","damage_taken":0,"max_hp_gain":0,"max_hp_loss":0,"event_name":"Falling","floor":39,"gold_loss":0}],"is_beta":false,"boss_relics":[{"not_picked":["Calling Bell","Cursed Key"],"picked":"Philosopher\u0027s Stone"},{"not_picked":["Coffee Dripper","PoemPanic:PoemPanicRelic"],"picked":"Astrolabe"}],"items_purged_floors":[],"is_endless":false,"potions_floor_spawned":[1,11,25,33,35],"ascension_level":0}}