{"host":"4eao2pkwlmv012cz","time":1613177545,"event":{"mods":["BaseMod","Colored Powertips","Minty Spire (QoL Compilation)","Permanent Neow","Quick Restart","Random Character Button","StSLib"],"gold_per_floor":[114,129,129,99,114,144,1,1,26,56,56,71,71,101,101,201,201,216,231,231,231,57,57,87,87,87,117,117,147,147,162,162,262,262,277,90,90,104,119,149,149,179,179,209,209,209],"floor_reached":47,"language":"ENG","playtime":3064,"items_purged":["Regret"],"score":883,"play_id":"877e3d68-ec0c-4e0d-a950-f7570b0cb12b","local_time":"20210212195225","daily_mods":["SealedDeck","Colorless Cards","Elite Swarm"],"is_ascension_mode":false,"campfire_choices":[{"data":"Armaments","floor":8.0,"key":"SMITH"},{"data":"Reaper","floor":11.0,"key":"SMITH"},{"data":"Magnetism","floor":15.0,"key":"SMITH"},{"floor":23.0,"key":"REST"},{"floor":25,"key":"REST"},{"data":"Offering","floor":30,"key":"SMITH"},{"data":"Heavy Blade","floor":32,"key":"SMITH"},{"data":"Transmutation","floor":41,"key":"SMITH"}],"circlet_count":0,"master_deck":["Feel No Pain","Pommel Strike","Inflame","Flex","Heavy Blade+1","Heavy Blade","True Grit","Shrug It Off","Shrug It Off","Armaments+1","Inflame","Dual Wield","Warcry+1","Secret Technique","Fire Breathing","Reaper+1","Heavy Blade+1","Magnetism+1","Fiend Fire+1","Whirlwind","Reaper+1","True Grit+1","Impervious","Exhume","Offering+1","Bloodletting+1","Transmutation+1","Pummel+1","Ghostly Armor","The Bomb","Thinking Ahead","Discovery","Sword Boomerang+1","Panache","Immolate"],"relics":["Burning Blood","Ornamental Fan","Letter Opener","Bag of Preparation","Thread and Needle","Bottled Lightning","StoneCalendar","Mark of Pain","Enchiridion","DollysMirror","Orichalcum","PreservedInsect","Calipers","Smiling Mask","Busted Crown","OrangePellets","Lizard Tail","Whetstone","Nunchaku","Magic Flower","War Paint"],"acts_visited":["Exordium","TheCity","TheBeyond"],"potions_floor_usage":[31,33,33,35,46],"damage_taken":[{"damage":6.0,"enemies":"Jaw Worm","floor":1.0,"turns":3.0},{"damage":0.0,"enemies":"Cultist","floor":2.0,"turns":3.0},{"damage":7.0,"enemies":"Small Slimes","floor":5.0,"turns":3.0},{"damage":17.0,"enemies":"Lagavulin","floor":6.0,"turns":7.0},{"damage":15.0,"enemies":"3 Sentries","floor":10.0,"turns":6.0},{"damage":6.0,"enemies":"Exordium Wildlife","floor":12.0,"turns":4.0},{"damage":30.0,"enemies":"Lagavulin","floor":14.0,"turns":7.0},{"damage":9.0,"enemies":"The Guardian","floor":16.0,"turns":7.0},{"damage":0.0,"enemies":"Shell Parasite","floor":18.0,"turns":4.0},{"damage":20.0,"enemies":"2 Thieves","floor":19.0,"turns":4.0},{"damage":52,"enemies":"Book of Stabbing","floor":24,"turns":6},{"damage":15,"enemies":"Gremlin Leader","floor":27,"turns":3},{"damage":22,"enemies":"Book of Stabbing","floor":29,"turns":6},{"damage":12,"enemies":"Sentry and Sphere","floor":31,"turns":3},{"damage":46,"enemies":"Collector","floor":33,"turns":6},{"damage":17,"enemies":"3 Darklings","floor":35,"turns":3},{"damage":34,"enemies":"2 Orb Walkers","floor":38,"turns":3},{"damage":18,"enemies":"3 Shapes","floor":39,"turns":3},{"damage":9,"enemies":"Reptomancer","floor":40,"turns":2},{"damage":15,"enemies":"Giant Head","floor":42,"turns":3},{"damage":9,"enemies":"Reptomancer","floor":44,"turns":3},{"damage":27,"enemies":"Donu and Deca","floor":46,"turns":6}],"seed_played":"6099103822572544471","potions_obtained":[{"floor":1.0,"key":"Swift Potion"},{"floor":4.0,"key":"Ancient Potion"},{"floor":4.0,"key":"Block Potion"},{"floor":10.0,"key":"SteroidPotion"},{"floor":14.0,"key":"LiquidMemories"},{"floor":24,"key":"Explosive Potion"},{"floor":29,"key":"AttackPotion"},{"floor":33,"key":"Explosive Potion"},{"floor":39,"key":"Dexterity Potion"},{"floor":40,"key":"SteroidPotion"},{"floor":42,"key":"LiquidMemories"}],"is_trial":false,"path_per_floor":["M","M","?","?","M","E","$","R","T","E","R","M","T","E","R","B",null,"M","M","?","?","$","R","E","R","T","E","$","E","R","M","R","B",null,"M","$","?","?","M","E","R","E","T","E","?","B",null],"character_chosen":"IRONCLAD","items_purchased":["Fire Breathing","DollysMirror","True Grit","Ghostly Armor","OrangePellets"],"campfire_rested":2,"item_purchase_floors":[7,22,22,36,36],"current_hp_per_floor":[80,80,80,80,79,68,68,68,68,59,59,80,80,75,75,72,80,80,66,50,35,35,60,28,53,53,85,85,83,83,81,81,54,85,85,85,75,75,84,85,85,85,85,85,85,67],"gold":209,"neow_bonus":"","is_daily":true,"chose_seed":false,"campfire_upgraded":6,"win_rate":0.0,"timestamp":1613177545,"path_taken":["M","M","?","?","M","E","$","R","T","E","R","?","?","E","R","BOSS","M","?","?","?","$","R","E","R","T","E","?","E","R","M","R","BOSS","M","$","?","?","M","E","R","E","T","E","?","BOSS"],"items_purchased_type":["Card","Relic","Card","Card","Relic"],"build_version":"2020-12-22","purchased_purges":1,"victory":true,"max_hp_per_floor":[80,80,80,80,80,80,80,80,80,80,80,80,80,80,80,80,80,80,80,80,85,85,85,85,85,85,85,85,85,85,85,85,85,85,85,85,85,85,85,85,85,85,85,85,85,85],"card_choices":[{"not_picked":["Purity","Panacea"],"picked":"Inflame","floor":1.0},{"not_picked":["Finesse","Headbutt"],"picked":"Dual Wield","floor":2.0},{"not_picked":["True Grit","Wild Strike"],"picked":"Warcry","floor":5.0},{"not_picked":["Metamorphosis","Exhume"],"picked":"Secret Technique","floor":6.0},{"not_picked":["Mayhem","Juggernaut"],"picked":"Reaper","floor":10.0},{"not_picked":["Flex","Carnage"],"picked":"Heavy Blade","floor":12.0},{"not_picked":["Master of Strategy","Chrysalis"],"picked":"Magnetism","floor":14.0},{"not_picked":["The Bomb","Chrysalis"],"picked":"Fiend Fire","floor":16.0},{"not_picked":["Twin Strike","Clash"],"picked":"Whirlwind","floor":18.0},{"not_picked":["Impatience+1","Deep Breath+1","Jack Of All Trades"],"picked":"SKIP","floor":19.0},{"not_picked":["Bludgeon","Violence"],"picked":"Impervious","floor":24},{"not_picked":["Fiend Fire","Reaper"],"picked":"Exhume","floor":27},{"not_picked":["Fiend Fire","Panache"],"picked":"Offering","floor":29},{"not_picked":["Anger","Wild Strike"],"picked":"Bloodletting+1","floor":31},{"not_picked":["Juggernaut","Feed"],"picked":"Transmutation","floor":33},{"not_picked":[],"picked":"Pummel+1","floor":35},{"not_picked":[],"picked":"The Bomb","floor":37},{"not_picked":[],"picked":"Thinking Ahead","floor":37},{"not_picked":[],"picked":"Discovery","floor":37},{"not_picked":[],"picked":"Sword Boomerang+1","floor":38},{"not_picked":["Deep Breath"],"picked":"SKIP","floor":39},{"not_picked":["Apotheosis"],"picked":"SKIP","floor":40},{"not_picked":[],"picked":"Panache","floor":42},{"not_picked":[],"picked":"Immolate","floor":44}],"player_experience":2929238,"relics_obtained":[{"floor":6.0,"key":"Letter Opener"},{"floor":9.0,"key":"Bag of Preparation"},{"floor":10.0,"key":"Thread and Needle"},{"floor":13.0,"key":"Bottled Lightning"},{"floor":14.0,"key":"StoneCalendar"},{"floor":20.0,"key":"Enchiridion"},{"floor":24,"key":"Orichalcum"},{"floor":26,"key":"PreservedInsect"},{"floor":27,"key":"Calipers"},{"floor":29,"key":"Smiling Mask"},{"floor":38,"key":"Lizard Tail"},{"floor":40,"key":"Whetstone"},{"floor":42,"key":"Nunchaku"},{"floor":43,"key":"Magic Flower"},{"floor":44,"key":"War Paint"}],"event_choices":[{"damage_healed":0.0,"max_hp_gain":0.0,"max_hp_loss":0.0,"gold_gain":0.0,"event_name":"Big Fish","player_choice":"Box","floor":3.0,"gold_loss":0.0,"damage_taken":0.0,"relics_obtained":["Ornamental Fan"],"cards_obtained":["Regret"]},{"damage_healed":0.0,"max_hp_gain":0.0,"max_hp_loss":0.0,"gold_gain":0.0,"event_name":"The Woman in Blue","player_choice":"Bought 2 Potions","floor":4.0,"gold_loss":0.0,"damage_taken":0.0},{"damage_healed":0.0,"max_hp_gain":0.0,"max_hp_loss":0.0,"gold_gain":0.0,"event_name":"Cursed Tome","player_choice":"Obtained Book","floor":20.0,"gold_loss":0.0,"damage_taken":16.0},{"damage_healed":0.0,"max_hp_gain":5.0,"max_hp_loss":0.0,"gold_gain":0.0,"event_name":"Forgotten Altar","player_choice":"Shed Blood","floor":21.0,"gold_loss":0.0,"damage_taken":20.0},{"damage_healed":0,"gold_gain":0,"player_choice":"Memory 3","damage_taken":10,"max_hp_gain":0,"max_hp_loss":0,"event_name":"SensoryStone","floor":37,"gold_loss":0},{"damage_healed":0,"gold_gain":0,"player_choice":"Fight","damage_taken":0,"max_hp_gain":0,"max_hp_loss":0,"event_name":"Mysterious Sphere","floor":38,"gold_loss":0},{"damage_healed":0,"gold_gain":0,"player_choice":"Took Portal","damage_taken":0,"max_hp_gain":0,"max_hp_loss":0,"event_name":"SecretPortal","floor":45,"gold_loss":0}],"is_beta":false,"boss_relics":[{"not_picked":["Runic Pyramid","Coffee Dripper"],"picked":"Mark of Pain"},{"not_picked":["Black Star","Velvet Choker"],"picked":"Busted Crown"}],"items_purged_floors":[7],"is_endless":false,"potions_floor_spawned":[1,10,14,24,29,33,39,40,42],"ascension_level":0}}