{"host":"rolltorest","time":1613256645,"event":{"mods":["BaseMod","Minty Spire (QoL Compilation)","Relic Stats","Slay the Relics Exporter","StSLib"],"gold_per_floor":[117,117,141,141,291,291,327,327,327,360,380,393,393,393,393,491,491,471,495,148,148,166,166,209,222,222,222,222,222],"floor_reached":28,"language":"ENG","playtime":665,"items_purged":["Doubt"],"score":542,"play_id":"53c8bc8a-cab8-446d-a39b-6a0beab03ca0","local_time":"20210213145045","is_ascension_mode":true,"campfire_choices":[{"data":"Compile Driver","floor":6,"key":"SMITH"},{"data":"Coolheaded","floor":8,"key":"SMITH"},{"data":"Rainbow","floor":15,"key":"SMITH"},{"floor":23,"key":"REST"},{"floor":27,"key":"REST"}],"circlet_count":0,"master_deck":["AscendersBane","Strike_B","Strike_B","Strike_B","Defend_B","Defend_B","Defend_B","Defend_B","Zap","Dualcast","Ball Lightning+1","Compile Driver+1","Coolheaded+1","Capacitor","Rainbow+1","Cold Snap","Biased Cognition","Conserve Battery+1","Chill","Skim"],"relics":["Cracked Core","NeowsBlessing","Golden Idol","FossilizedHelix","Omamori","DataDisk","Question Card","SlaversCollar","Mummified Hand","Cables","Singing Bowl"],"acts_visited":["Exordium","TheCity"],"potions_floor_usage":[24,25,28],"damage_taken":[{"damage":0,"enemies":"Jaw Worm","floor":1,"turns":1},{"damage":0,"enemies":"Small Slimes","floor":3,"turns":1},{"damage":0,"enemies":"Gremlin Nob","floor":7,"turns":1},{"damage":25,"enemies":"Lagavulin","floor":10,"turns":8},{"damage":0,"enemies":"2 Louse","floor":11,"turns":3},{"damage":0,"enemies":"2 Fungi Beasts","floor":12,"turns":3},{"damage":3,"enemies":"The Guardian","floor":16,"turns":10},{"damage":26,"enemies":"2 Thieves","floor":18,"turns":4},{"damage":20,"enemies":"3 Byrds","floor":19,"turns":7},{"damage":8,"enemies":"Snake Plant","floor":22,"turns":5},{"damage":8,"enemies":"Book of Stabbing","floor":24,"turns":5},{"damage":18,"enemies":"Centurion and Healer","floor":25,"turns":8},{"damage":22,"enemies":"Slavers","floor":28,"turns":2}],"seed_played":"2142312542878437031","potions_obtained":[{"floor":1,"key":"LiquidMemories"},{"floor":3,"key":"EssenceOfSteel"},{"floor":7,"key":"Ancient Potion"},{"floor":24,"key":"SteroidPotion"}],"is_trial":false,"path_per_floor":["M","?","M","?","?","R","E","R","T","E","M","M","T","?","R","B",null,"M","M","$","?","M","R","E","M","T","R","E"],"character_chosen":"DEFECT","items_purchased":["Mummified Hand"],"campfire_rested":2,"item_purchase_floors":[20],"current_hp_per_floor":[64,64,64,64,64,64,64,64,64,39,39,39,39,44,44,41,62,36,16,16,16,8,28,20,2,2,22,0,0],"gold":222,"neow_bonus":"THREE_ENEMY_KILL","is_daily":false,"chose_seed":false,"campfire_upgraded":3,"win_rate":0.0,"timestamp":1613256645,"path_taken":["M","?","M","?","?","R","E","R","T","E","M","M","?","?","R","BOSS","M","M","$","?","?","R","E","M","T","R","E"],"items_purchased_type":["Relic"],"build_version":"2020-12-18","purchased_purges":1,"victory":false,"max_hp_per_floor":[71,64,64,64,64,64,64,64,64,64,64,64,64,69,69,69,69,69,69,69,69,69,69,69,69,69,69,69,69],"relic_stats":{"Singing Bowl":0,"counters":[13,58],"Golden Idol":71,"Mummified Hand":[7],"Question Card":6,"obtain_stats":[{"SlaversCollar":17,"DataDisk":10,"NeowsBlessing":0,"Singing Bowl":26,"Golden Idol":2,"Mummified Hand":20,"Omamori":9,"Cracked Core":0,"Question Card":13,"FossilizedHelix":7,"Cables":24},{"SlaversCollar":7,"DataDisk":4,"NeowsBlessing":0,"Singing Bowl":12,"Golden Idol":1,"Mummified Hand":9,"Omamori":3,"Cracked Core":0,"Question Card":6,"FossilizedHelix":3,"Cables":11},{"SlaversCollar":27,"DataDisk":11,"NeowsBlessing":0,"Singing Bowl":56,"Golden Idol":1,"Mummified Hand":38,"Omamori":3,"Cracked Core":0,"Question Card":17,"FossilizedHelix":3,"Cables":48}],"Cables":[8,5,1,2,0]},"card_choices":[{"not_picked":["Genetic Algorithm","Streamline"],"picked":"Ball Lightning","floor":1},{"not_picked":["Stack","Sweeping Beam"],"picked":"Compile Driver","floor":3},{"not_picked":["White Noise","Chaos"],"picked":"Coolheaded","floor":7},{"not_picked":["Steam","Heatsinks"],"picked":"Capacitor","floor":10},{"not_picked":["Reprogram","Steam"],"picked":"Rainbow","floor":11},{"not_picked":["Aggregate","Leap"],"picked":"Cold Snap","floor":12},{"not_picked":["Fission","Thunder Strike","Multi-Cast"],"picked":"Biased Cognition","floor":16},{"not_picked":["Stack","White Noise","Go for the Eyes+1"],"picked":"Conserve Battery+1","floor":18},{"not_picked":["Streamline","Rebound","Storm","Gash"],"picked":"SKIP","floor":19},{"not_picked":["Beam Cell","White Noise","Conserve Battery"],"picked":"Chill","floor":22},{"not_picked":["Beam Cell","Streamline","Go for the Eyes","Reprogram"],"picked":"SKIP","floor":24},{"not_picked":["Turbo","Cold Snap","Go for the Eyes"],"picked":"Skim","floor":25}],"player_experience":1974093,"relics_obtained":[{"floor":7,"key":"FossilizedHelix"},{"floor":9,"key":"Omamori"},{"floor":10,"key":"DataDisk"},{"floor":13,"key":"Question Card"},{"floor":24,"key":"Cables"},{"floor":26,"key":"Singing Bowl"}],"event_choices":[{"damage_healed":0,"gold_gain":0,"player_choice":"Lose Max HP","damage_taken":0,"relics_obtained":["Golden Idol"],"max_hp_gain":0,"max_hp_loss":7,"event_name":"Golden Idol","floor":2,"gold_loss":0},{"damage_healed":0,"gold_gain":0,"player_choice":"Grow","damage_taken":0,"max_hp_gain":0,"max_hp_loss":0,"event_name":"Living Wall","floor":4,"gold_loss":0,"cards_upgraded":["Ball Lightning"]},{"damage_healed":0,"gold_gain":150,"player_choice":"AGREE","damage_taken":0,"max_hp_gain":0,"max_hp_loss":0,"event_name":"Liars Game","floor":5,"gold_loss":0,"cards_obtained":["Doubt"]},{"damage_healed":0,"gold_gain":0,"player_choice":"Donut","damage_taken":0,"max_hp_gain":5,"max_hp_loss":0,"event_name":"Big Fish","floor":14,"gold_loss":0},{"cards_removed":["Strike_B"],"damage_healed":0,"gold_gain":0,"player_choice":"Purged","damage_taken":0,"max_hp_gain":0,"max_hp_loss":0,"event_name":"Purifier","floor":21,"gold_loss":0}],"is_beta":true,"boss_relics":[{"not_picked":["FrozenCore","Busted Crown"],"picked":"SlaversCollar"}],"items_purged_floors":[20],"is_endless":false,"potions_floor_spawned":[1,3,7,19,24],"killed_by":"Slavers","ascension_level":20}}