{"host":"prxrhpgaxnj4om9r","time":1613188695,"event":{"mods":["AchievementEnabler","BaseMod","DeckTracker","Minty Spire (QoL Compilation)"],"gold_per_floor":[114,114,133,153,172,172,200,217,272,292,292,292,310,323,323,451,451,469,494,45,45,59,75,75,91,91,110,149,149,149,163,163,293,293,316,316,51,74,137,137,161,179,248,248,248,248,262,262,262,262,262],"floor_reached":50,"language":"KOR","playtime":2982,"items_purged":["Defend_G"],"score":499,"play_id":"a496acab-e50b-4bf4-b2c4-649c800d8e56","local_time":"20210213125815","is_ascension_mode":false,"campfire_choices":[{"data":"Predator","floor":6,"key":"SMITH"},{"data":"A Thousand Cuts","floor":15,"key":"SMITH"},{"data":"Distraction","floor":24,"key":"SMITH"},{"floor":29,"key":"RECALL"},{"data":"Phantasmal Killer","floor":32,"key":"SMITH"},{"data":"Envenom","floor":40,"key":"SMITH"},{"data":"Footwork","floor":44,"key":"SMITH"},{"data":"Cloak And Dagger","floor":46,"key":"SMITH"},{"data":"DeusExMachina","floor":49,"key":"SMITH"}],"circlet_count":0,"master_deck":["Strike_G","Strike_G","Strike_G","Strike_G","Strike_G","Defend_G","Defend_G","Defend_G","Defend_G","Survivor","Neutralize","Predator+1","Cloak And Dagger+1","Footwork+1","A Thousand Cuts+1","Dagger Spray","Backflip","Eviscerate","Dagger Throw","Phantasmal Killer+1","CurseOfTheBell","Escape Plan+1","Blade Dance+1","Distraction+1","CrushJoints+1","Feel No Pain+1","DeusExMachina+1","Acrobatics","Distraction+1","Conclude","HandOfGreed","Body Slam+1","Envenom+1","Cleave+1","Beam Cell+1","Battle Trance+1","Self Repair+1","Panacea","All Out Attack+1"],"relics":["Coffee Dripper","Strawberry","The Courier","Toy Ornithopter","Golden Idol","Calling Bell","Smiling Mask","Eternal Feather","Gambling Chip","Lizard Tail","PrismaticShard","Happy Flower","Philosopher\u0027s Stone","Matryoshka","Turnip","White Beast Statue","Mummified Hand"],"acts_visited":["Exordium","TheCity","TheBeyond"],"potions_floor_usage":[7,7,7,7,13,14,21,28,28,33,38,48,50],"damage_taken":[{"damage":0,"enemies":"2 Louse","floor":1,"turns":3},{"damage":0,"enemies":"Cultist","floor":3,"turns":5},{"damage":0,"enemies":"Small Slimes","floor":4,"turns":3},{"damage":0,"enemies":"2 Fungi Beasts","floor":5,"turns":3},{"damage":14,"enemies":"Lagavulin","floor":7,"turns":4},{"damage":4,"enemies":"Red Slaver","floor":8,"turns":3},{"damage":0,"enemies":"Blue Slaver","floor":10,"turns":3},{"damage":3,"enemies":"Exordium Thugs","floor":13,"turns":4},{"damage":0,"enemies":"Gremlin Gang","floor":14,"turns":2},{"damage":43,"enemies":"The Guardian","floor":16,"turns":11},{"damage":6,"enemies":"Shell Parasite","floor":18,"turns":4},{"damage":5,"enemies":"Spheric Guardian","floor":19,"turns":5},{"damage":0,"enemies":"3 Cultists","floor":21,"turns":1},{"damage":5,"enemies":"Chosen and Byrds","floor":22,"turns":4},{"damage":19,"enemies":"Centurion and Healer","floor":23,"turns":6},{"damage":2,"enemies":"Snecko","floor":25,"turns":4},{"damage":0,"enemies":"3 Cultists","floor":27,"turns":3},{"damage":28,"enemies":"Slavers","floor":28,"turns":5},{"damage":4,"enemies":"Snake Plant","floor":31,"turns":5},{"damage":109,"enemies":"Automaton","floor":33,"turns":13},{"damage":21,"enemies":"3 Darklings","floor":35,"turns":3},{"damage":6,"enemies":"Orb Walker","floor":38,"turns":2},{"damage":27,"enemies":"Mind Bloom Boss Battle","floor":39,"turns":8},{"damage":10,"enemies":"Transient","floor":41,"turns":5},{"damage":17,"enemies":"Spire Growth","floor":42,"turns":3},{"damage":34,"enemies":"Maw","floor":47,"turns":5},{"damage":0,"enemies":"Transient","floor":48,"turns":1},{"damage":78,"enemies":"Awakened One","floor":50,"turns":6}],"seed_played":"7582769791394649345","potions_obtained":[{"floor":3,"key":"DistilledChaos"},{"floor":4,"key":"EntropicBrew"},{"floor":7,"key":"Explosive Potion"},{"floor":13,"key":"Fire Potion"},{"floor":16,"key":"GamblersBrew"},{"floor":18,"key":"SmokeBomb"},{"floor":25,"key":"Dexterity Potion"},{"floor":27,"key":"Weak Potion"},{"floor":28,"key":"SneckoOil"},{"floor":35,"key":"AttackPotion"},{"floor":47,"key":"Strength Potion"}],"is_trial":false,"path_per_floor":["M","?","M","M","M","R","E","M","T","M","?","?","M","M","R","B",null,"M","M","$","M","M","M","R","M","T","M","E","R","?","M","R","B",null,"M","?","$","M","?","R","M","M","T","R","?","R","M","M","R","B"],"character_chosen":"THE_SILENT","items_purchased":["Lizard Tail","Distraction","PrismaticShard","Matryoshka","Envenom"],"campfire_rested":0,"item_purchase_floors":[20,20,20,37,37],"current_hp_per_floor":[70,77,77,77,77,77,63,59,59,59,59,59,61,66,66,23,77,71,66,66,66,61,42,57,55,55,55,37,52,52,48,66,38,77,56,56,56,55,28,49,39,22,22,43,43,64,40,45,66,0,0],"gold":262,"neow_bonus":"BOSS_RELIC","is_daily":false,"chose_seed":false,"campfire_upgraded":8,"win_rate":0.0,"timestamp":1613188695,"path_taken":["M","?","M","M","M","R","E","?","T","M","?","?","M","?","R","BOSS","M","M","$","M","M","M","R","M","T","M","E","R","?","M","R","BOSS","M","?","$","?","?","R","M","M","T","R","?","R","M","M","R","BOSS"],"items_purchased_type":["Relic","Card","Relic","Relic","Card"],"build_version":"2020-12-22","purchased_purges":1,"victory":false,"max_hp_per_floor":[70,77,77,77,77,77,77,77,77,77,77,77,77,77,77,77,77,77,77,77,77,77,77,77,77,77,77,77,77,77,77,77,77,77,77,77,77,77,77,77,77,77,77,77,77,77,77,77,77,77,77],"card_choices":[{"not_picked":["Sucker Punch","Footwork"],"picked":"Acrobatics","floor":1},{"not_picked":["Acrobatics","Quick Slash"],"picked":"Predator","floor":3},{"not_picked":["Burst","Sucker Punch"],"picked":"Cloak And Dagger","floor":4},{"not_picked":["Leg Sweep","Slice"],"picked":"Footwork","floor":5},{"not_picked":["Predator","Bouncing Flask"],"picked":"A Thousand Cuts","floor":7},{"not_picked":["Outmaneuver","Deflect"],"picked":"Dagger Spray","floor":8},{"not_picked":["Dagger Throw","Dash"],"picked":"Backflip","floor":10},{"not_picked":["Outmaneuver","Dash"],"picked":"Eviscerate","floor":13},{"not_picked":["Backflip","Noxious Fumes"],"picked":"Dagger Throw","floor":14},{"not_picked":["Malaise","Doppelganger"],"picked":"Phantasmal Killer","floor":16},{"not_picked":["Choke","Deadly Poison"],"picked":"Escape Plan+1","floor":18},{"not_picked":["Envenom","Backflip"],"picked":"Blade Dance","floor":19},{"not_picked":["Iron Wave","FlurryOfBlows"],"picked":"CrushJoints+1","floor":22},{"not_picked":["Blizzard","Clothesline","Storm"],"picked":"SKIP","floor":23},{"not_picked":["Battle Trance","Collect"],"picked":"Feel No Pain+1","floor":25},{"not_picked":["Bane","Clothesline"],"picked":"DeusExMachina","floor":27},{"not_picked":["Clash+1","Prostrate"],"picked":"Acrobatics","floor":28},{"not_picked":["Wallop","Crescendo+1"],"picked":"Conclude","floor":31},{"not_picked":["Corruption","Unload"],"picked":"HandOfGreed","floor":33},{"not_picked":["Hello World","Blade Dance+1"],"picked":"Body Slam+1","floor":35},{"not_picked":["Infinite Blades","Weave+1"],"picked":"Cleave+1","floor":38},{"not_picked":["Reprogram+1","EmptyFist"],"picked":"Beam Cell+1","floor":39},{"not_picked":["Barrage","Catalyst+1"],"picked":"Battle Trance+1","floor":41},{"not_picked":["BowlingBash","Chaos+1"],"picked":"Self Repair+1","floor":42},{"not_picked":["Good Instincts","Deep Breath"],"picked":"Panacea","floor":45},{"not_picked":["Shrug It Off+1","Deflect"],"picked":"All Out Attack+1","floor":47}],"player_experience":412516,"relics_obtained":[{"floor":7,"key":"The Courier"},{"floor":9,"key":"Toy Ornithopter"},{"floor":17,"key":"Smiling Mask"},{"floor":17,"key":"Eternal Feather"},{"floor":17,"key":"Gambling Chip"},{"floor":28,"key":"Happy Flower"},{"floor":39,"key":"Turnip"},{"floor":43,"key":"White Beast Statue"},{"floor":43,"key":"Mummified Hand"}],"event_choices":[{"cards_removed":["Acrobatics"],"damage_healed":0,"gold_gain":0,"player_choice":"Gave Card","damage_taken":0,"relics_obtained":["Strawberry"],"max_hp_gain":0,"max_hp_loss":0,"event_name":"WeMeetAgain","floor":2,"gold_loss":0},{"damage_healed":0,"gold_gain":0,"player_choice":"Take Wound","damage_taken":0,"relics_obtained":["Golden Idol"],"max_hp_gain":0,"max_hp_loss":0,"event_name":"Golden Idol","floor":11,"gold_loss":0,"cards_obtained":["Injury"]},{"cards_removed":["Injury"],"damage_healed":0,"gold_gain":0,"player_choice":"Purged","damage_taken":0,"max_hp_gain":0,"max_hp_loss":0,"event_name":"Purifier","floor":12,"gold_loss":0},{"damage_healed":0,"gold_gain":0,"player_choice":"Copied","damage_taken":0,"max_hp_gain":0,"max_hp_loss":0,"event_name":"Duplicator","floor":30,"gold_loss":0,"cards_obtained":["Distraction"]},{"damage_healed":0,"gold_gain":0,"player_choice":"Forge","damage_taken":0,"max_hp_gain":0,"max_hp_loss":0,"event_name":"Accursed Blacksmith","floor":36,"gold_loss":0,"cards_upgraded":["Blade Dance"]},{"damage_healed":0,"gold_gain":0,"player_choice":"Fight","damage_taken":0,"max_hp_gain":0,"max_hp_loss":0,"event_name":"MindBloom","floor":39,"gold_loss":0},{"damage_healed":0,"gold_gain":0,"player_choice":"Memory 1","damage_taken":0,"max_hp_gain":0,"max_hp_loss":0,"event_name":"SensoryStone","floor":45,"gold_loss":0}],"is_beta":false,"boss_relics":[{"not_picked":["Pandora\u0027s Box","Runic Dome"],"picked":"Calling Bell"},{"not_picked":["Cursed Key","Sozu"],"picked":"Philosopher\u0027s Stone"}],"items_purged_floors":[20],"is_endless":false,"potions_floor_spawned":[3,4,7,13,16,18,25,27,28,35,47,48],"killed_by":"Awakened One","ascension_level":0}}