{"host":"mlnzvkzmbpuy135q","time":1613185364,"event":{"mods":["BaseMod","Downfall","Minty Spire (QoL Compilation)","StSLib"],"gold_per_floor":[99,99,99,110,18,18,95,120,131,143,156,166,166,187,203,302,302,302,318,16,16,32,47,47,58,58,72,72,57,57,91,101,199,199,199,396,396,396,253,280,280,280,294,294,294,294,311,326,340,340,340,340],"floor_reached":50,"language":"ENG","playtime":4358,"items_purged":[],"score":517,"play_id":"d34eee62-e83c-4a3c-8a43-4d26b8c22d61","local_time":"20210212220244","is_ascension_mode":false,"campfire_choices":[{"data":"Slimebound:Split","floor":1.0,"key":"SMITH"},{"data":"Slimebound:RollThrough","floor":6.0,"key":"SMITH"},{"data":"Slimebound:SlimeBarrage","floor":13.0,"key":"SMITH"},{"data":"Slimebound:CorrosiveSpit","floor":18,"key":"SMITH"},{"data":"Slimebound:LeadByExample","floor":26,"key":"SMITH"},{"data":"Slimebound:Repurpose","floor":30,"key":"SMITH"},{"data":"Slimebound:LeadByExample","floor":35,"key":"SMITH"},{"floor":44,"key":"REST"},{"data":"Slimebound:OozeBath","floor":46,"key":"SMITH"}],"circlet_count":0,"master_deck":["Slimebound:Strike_Slimebound","Slimebound:Strike_Slimebound","Slimebound:Strike_Slimebound","Slimebound:Tackle","Slimebound:Defend_Slimebound","Slimebound:Defend_Slimebound","Slimebound:Defend_Slimebound","Slimebound:Defend_Slimebound","Slimebound:Split+1","Slimebound:CorrosiveSpit+1","Slimebound:GoopSpray","Slimebound:RollThrough+1","Slimebound:DisruptingSlam","Slimebound:SlimeBarrage+1","Slimebound:DisruptingSlam","Slimebound:Repurpose+1","Slimebound:LeechingTouch","Slimebound:LeadByExample+1","Slimebound:LeechLife","Slimebound:SamplingLick","Slimebound:SamplingLick","Slimebound:SplitLeeching","Slimebound:Schlurp","Slimebound:TongueLash","Slimebound:LeadByExample+1","Slimebound:LeechEnergy","Slimebound:FirmFortitude","Slimebound:LevelUp","Slimebound:SpikyOuterGoop","Slimebound:OozeBath+1","Slimebound:HauntingLick","Slimebound:HauntingLick","Slimebound:RejuvenatingLick+1","Slimebound:LevelUp+1","Slimebound:SplitMire+1","Slimebound:RainOfGoop+1","Slimebound:SplitMire"],"relics":["Slimebound:AbsorbEndCombatUpgraded","Shuriken","Slimebound:AggressiveSlimeRelic","Odd Mushroom","Strange Spoon","Bronze Scales","Prayer Wheel","PreservedInsect","Philosopher\u0027s Stone","Blue Candle","Nunchaku","Blood Vial","Ginger"],"acts_visited":["Exordium","TheCity","TheBeyond"],"potions_floor_usage":[29,31,48,50,50],"damage_taken":[{"damage":1.0,"enemies":"Jaw Worm","floor":4.0,"turns":5.0},{"damage":0.0,"enemies":"downfall:FleeingMerchant","floor":5.0,"turns":4.0},{"damage":25.0,"enemies":"3 Sentries","floor":8.0,"turns":5.0},{"damage":0.0,"enemies":"2 Louse","floor":9.0,"turns":2.0},{"damage":0.0,"enemies":"Small Slimes","floor":10.0,"turns":2.0},{"damage":0.0,"enemies":"Exordium Wildlife","floor":11.0,"turns":3.0},{"damage":0.0,"enemies":"2 Fungi Beasts","floor":12.0,"turns":3.0},{"damage":16.0,"enemies":"The Mushroom Lair","floor":14.0,"turns":3.0},{"damage":12.0,"enemies":"Large Slime","floor":15.0,"turns":5.0},{"damage":19.0,"enemies":"WA_ARCHETYPE_RETAIN","floor":16.0,"turns":5.0},{"damage":8,"enemies":"Shell Parasite","floor":19,"turns":4},{"damage":10,"enemies":"downfall:FleeingMerchant","floor":20,"turns":4},{"damage":0,"enemies":"3 Byrds","floor":22,"turns":3},{"damage":6,"enemies":"Snake Plant","floor":23,"turns":3},{"damage":5,"enemies":"3 Cultists","floor":25,"turns":4},{"damage":1,"enemies":"Shelled Parasite and Fungi","floor":27,"turns":5},{"damage":4,"enemies":"downfall:FleeingMerchant","floor":29,"turns":4},{"damage":30,"enemies":"Slavers","floor":31,"turns":4},{"damage":5,"enemies":"Snake Plant","floor":32,"turns":5},{"damage":53,"enemies":"IC_MUSHROOM_ARCHETYPE","floor":33,"turns":10},{"damage":12,"enemies":"downfall:FleeingMerchant","floor":36,"turns":4},{"damage":21,"enemies":"Giant Head","floor":40,"turns":6},{"damage":25,"enemies":"Orb Walker","floor":43,"turns":3},{"damage":31,"enemies":"3 Darklings","floor":47,"turns":4},{"damage":14,"enemies":"Spire Growth","floor":48,"turns":4},{"damage":0,"enemies":"Transient","floor":49,"turns":5},{"damage":76,"enemies":"DF_ARCHETYPE_ORBS","floor":50,"turns":6}],"seed_played":"3758745908184398538","potions_obtained":[{"floor":8.0,"key":"Ancient Potion"},{"floor":9.0,"key":"Explosive Potion"},{"floor":10.0,"key":"ColorlessPotion"},{"floor":11.0,"key":"Slimebound:SlimedPotion"},{"floor":16.0,"key":"FearPotion"},{"floor":25,"key":"Swift Potion"},{"floor":27,"key":"Fire Potion"},{"floor":33,"key":"SpeedPotion"},{"floor":40,"key":"Fire Potion"}],"is_trial":false,"path_per_floor":["R","?","?","M","$","R","T","E","M","M","M","M","R","?","M","B",null,"R","M","$","?","M","M","T","M","R","M","?","$","R","E","M","B",null,"R","$","?","?","$","E","T","?","M","R","?","R","M","M","M","B"],"character_chosen":"SLIMEBOUND","items_purchased":["Slimebound:DisruptingSlam","Strange Spoon","Bronze Scales","Slimebound:SpikyOuterGoop","Slimebound:OozeBath","Nunchaku"],"campfire_rested":1,"item_purchase_floors":[5,20,20,36,36,39],"current_hp_per_floor":[71,71,71,71,71,71,71,52,56,58,62,68,68,60,52,41,71,71,65,67,67,70,68,68,69,69,71,71,71,71,47,51,21,71,71,68,63,63,63,54,54,54,37,58,58,58,41,41,58,0,0,0],"gold":340,"neow_bonus":"TEN_PERCENT_HP_BONUS","is_daily":false,"chose_seed":false,"campfire_upgraded":8,"win_rate":0.0,"timestamp":1613185364,"path_taken":["R","?","?","M","$","R","T","E","M","M","M","M","R","?","M","BOSS","R","M","$","?","M","M","T","M","R","M","?","?","R","E","M","BOSS","R","$","?","?","$","E","T","?","M","R","?","R","M","?","M","BOSS"],"items_purchased_type":["Card","Relic","Relic","Card","Card","Relic"],"build_version":"2020-12-22","purchased_purges":0,"victory":false,"max_hp_per_floor":[71,71,71,71,71,71,71,71,71,71,71,71,71,71,71,71,71,71,71,71,71,71,71,71,71,71,71,71,71,71,71,71,71,71,71,71,71,71,71,71,71,71,71,71,71,71,71,71,71,71,71,71],"card_choices":[{"not_picked":["Slimebound:HauntingLick","Slimebound:Schlurp"],"picked":"Slimebound:GoopSpray","floor":4.0},{"not_picked":["Slimebound:Prepare","Slimebound:SlimeSpikes"],"picked":"Slimebound:RollThrough","floor":5.0},{"not_picked":["Slimebound:Chomp","Slimebound:ComboTackle"],"picked":"Slimebound:SlimeBarrage","floor":8.0},{"not_picked":["Slimebound:Prepare","Slimebound:ComboTackle"],"picked":"Slimebound:DisruptingSlam","floor":9.0},{"not_picked":["Slimebound:GoopTackle","Slimebound:Equalize"],"picked":"Slimebound:Repurpose","floor":10.0},{"not_picked":["Slimebound:SlimeBrawl","Slimebound:Prepare","Slimebound:PressTheAttack"],"picked":"SKIP","floor":11.0},{"not_picked":["Slimebound:ViciousTackle","Slimebound:SlimeTap"],"picked":"Slimebound:LeechingTouch","floor":12.0},{"not_picked":["Slimebound:SplitAcid","Slimebound:LeechEnergy"],"picked":"Slimebound:LeadByExample","floor":14.0},{"not_picked":["Slimebound:SplitAcid","Slimebound:SlimeBrawl","Slimebound:ComboTackle"],"picked":"SKIP","floor":15.0},{"not_picked":["Slimebound:OneTwoCombo","Slimebound:WasteNot"],"picked":"Slimebound:LeechLife","floor":16.0},{"not_picked":["Slimebound:SlimeBrawl+1","Slimebound:LeechEnergy"],"picked":"Slimebound:SamplingLick","floor":19},{"not_picked":["Slimebound:SplitBruiser","Slimebound:ComboTackle"],"picked":"Slimebound:SamplingLick","floor":20},{"not_picked":["Slimebound:Grow","Slimebound:RollThrough","Slimebound:ComboTackle"],"picked":"SKIP","floor":22},{"not_picked":["Slimebound:ForwardTackle+1","Slimebound:BestDefense","Slimebound:FlameTackle"],"picked":"SKIP","floor":23},{"not_picked":["Slimebound:BestDefense","Slimebound:Teamwork"],"picked":"Slimebound:SplitLeeching","floor":25},{"not_picked":["Slimebound:ItLooksTasty","Slimebound:SplitBruiser","Slimebound:ComboTackle+1"],"picked":"SKIP","floor":25},{"not_picked":["Slimebound:ComboTackle+1","Slimebound:SlimeBarrage+1"],"picked":"Slimebound:Schlurp","floor":27},{"not_picked":["Slimebound:ItLooksTasty+1","Slimebound:SplitBruiser","Slimebound:SlimeSpikes"],"picked":"SKIP","floor":27},{"not_picked":["Slimebound:SplitAcid","Slimebound:SplitBruiser","Slimebound:Repurpose"],"picked":"SKIP","floor":29},{"not_picked":["Slimebound:ForwardTackle","Slimebound:FirmFortitude"],"picked":"Slimebound:TongueLash","floor":31},{"not_picked":["Slimebound:SplitAcid","Slimebound:GrowthPunch+1"],"picked":"Slimebound:LeadByExample","floor":32},{"not_picked":["Slimebound:GoopSpray","Slimebound:LivingWall+1"],"picked":"Slimebound:LeechEnergy","floor":32},{"not_picked":["Slimebound:SlimeSlap","Slimebound:LeechLife"],"picked":"Slimebound:FirmFortitude","floor":33},{"not_picked":["Slimebound:LeechEnergy","Slimebound:ItLooksTasty+1"],"picked":"Slimebound:LevelUp","floor":36},{"not_picked":["Slimebound:PressTheAttack","Slimebound:ProtectTheBoss+1"],"picked":"Slimebound:HauntingLick","floor":40},{"not_picked":["Slimebound:Prepare","Slimebound:SplitBruiser+1"],"picked":"Slimebound:HauntingLick","floor":43},{"not_picked":["Slimebound:LivingWall","Slimebound:PressTheAttack+1","Slimebound:SplitLeeching"],"picked":"SKIP","floor":43},{"not_picked":["Slimebound:ViciousTackle+1","Slimebound:DisruptingSlam"],"picked":"Slimebound:RejuvenatingLick+1","floor":47},{"not_picked":["Slimebound:GoopSpray","Slimebound:Gluttony+1","Slimebound:BestDefense"],"picked":"SKIP","floor":47},{"not_picked":["Slimebound:GoopTackle","Slimebound:DisruptingSlam+1"],"picked":"Slimebound:LevelUp+1","floor":48},{"not_picked":["Slimebound:FirmFortitude","Slimebound:SlimeSpikes+1"],"picked":"Slimebound:SplitMire+1","floor":48},{"not_picked":["Slimebound:ComboTackle","Slimebound:Equalize+1"],"picked":"Slimebound:RainOfGoop+1","floor":49},{"not_picked":["Slimebound:LeechingTouch","Slimebound:TongueLash+1"],"picked":"Slimebound:SplitMire","floor":49}],"player_experience":93936,"relics_obtained":[{"floor":7.0,"key":"Shuriken"},{"floor":8.0,"key":"Slimebound:AggressiveSlimeRelic"},{"floor":14.0,"key":"Odd Mushroom"},{"floor":24,"key":"Prayer Wheel"},{"floor":31,"key":"PreservedInsect"},{"floor":40,"key":"Blood Vial"},{"floor":41,"key":"Ginger"}],"event_choices":[{"damage_healed":0.0,"max_hp_gain":0.0,"max_hp_loss":0.0,"gold_gain":0.0,"event_name":"Mushrooms","player_choice":"Fought Mushrooms","floor":14.0,"gold_loss":0.0,"damage_taken":0.0},{"damage_healed":0,"gold_gain":0,"player_choice":"Obtain J.A.X.","damage_taken":0,"max_hp_gain":0,"max_hp_loss":0,"event_name":"Drug Dealer","floor":21,"gold_loss":0,"cards_obtained":["J.A.X."]},{"damage_healed":0,"gold_gain":0,"player_choice":"Ignored","damage_taken":0,"max_hp_gain":0,"max_hp_loss":0,"event_name":"Vampires","floor":28,"gold_loss":0},{"cards_removed":["J.A.X."],"damage_healed":0,"gold_gain":0,"player_choice":"Removed Skill","damage_taken":0,"max_hp_gain":0,"max_hp_loss":0,"event_name":"Falling","floor":38,"gold_loss":0},{"damage_healed":0,"gold_gain":0,"player_choice":"Ignored","damage_taken":0,"max_hp_gain":0,"max_hp_loss":0,"event_name":"Mysterious Sphere","floor":42,"gold_loss":0}],"is_beta":false,"boss_relics":[{"not_picked":["Runic Pyramid","SacredBark"],"picked":"Slimebound:AbsorbEndCombatUpgraded"},{"not_picked":["Snecko Eye","Slimebound:TarBlob"],"picked":"Philosopher\u0027s Stone"}],"items_purged_floors":[],"is_endless":false,"potions_floor_spawned":[8,9,10,11,16,25,27,33,40],"killed_by":"DF_ARCHETYPE_ORBS","ascension_level":0}}