{"host":"eglukmwb6rueyn6u","time":1613229635,"event":{"mods":["BaseMod","Colored Map","Minty Spire (QoL Compilation)"],"gold_per_floor":[114,114,134,146,70,103,103,121,121,136,136,136,61,75,75,177,177,193,108,108,26,26,26,53,53,78,93,93,19,37,48,48,48,48],"floor_reached":33,"language":"ENG","playtime":4052,"items_purged":["Parasite"],"score":265,"play_id":"1db9e3f0-0ee0-4b7e-9873-241677664f38","local_time":"20210213172035","is_ascension_mode":false,"campfire_choices":[{"floor":7.0,"key":"REST"},{"floor":11.0,"key":"REST"},{"data":"Loop","floor":15.0,"key":"SMITH"},{"floor":23.0,"key":"REST"},{"data":"Machine Learning","floor":25,"key":"SMITH"},{"floor":32,"key":"REST"}],"circlet_count":0,"master_deck":["Strike_B+1","Strike_B+1","Strike_B+1","Defend_B+1","Defend_B+1","Defend_B+1","Zap","Dualcast","Fusion","Hello World","Melter","Loop+1","Chaos","Machine Learning+1","Beam Cell","Compile Driver","Reboot","Chill","Loop+1","Beam Cell","White Noise","Beam Cell","Redo+1"],"relics":["Cracked Core","CultistMask","Letter Opener","Eternal Feather","Nuclear Battery","Frozen Egg 2","Oddly Smooth Stone","Happy Flower"],"acts_visited":["Exordium","TheCity"],"potions_floor_usage":[33],"damage_taken":[{"damage":2.0,"enemies":"Small Slimes","floor":1.0,"turns":3.0},{"damage":1.0,"enemies":"Cultist","floor":3.0,"turns":3.0},{"damage":8.0,"enemies":"Jaw Worm","floor":4.0,"turns":4.0},{"damage":38.0,"enemies":"3 Sentries","floor":6.0,"turns":6.0},{"damage":5.0,"enemies":"Looter","floor":8.0,"turns":3.0},{"damage":33.0,"enemies":"Exordium Wildlife","floor":10.0,"turns":6.0},{"damage":8.0,"enemies":"Large Slime","floor":14.0,"turns":6.0},{"damage":14.0,"enemies":"The Guardian","floor":16.0,"turns":8.0},{"damage":35.0,"enemies":"2 Thieves","floor":18.0,"turns":4.0},{"damage":35.0,"enemies":"Book of Stabbing","floor":24.0,"turns":5.0},{"damage":0,"enemies":"Spheric Guardian","floor":27,"turns":2},{"damage":21,"enemies":"Snake Plant","floor":30,"turns":3},{"damage":0,"enemies":"3 Cultists","floor":31,"turns":6},{"damage":68,"enemies":"Collector","floor":33,"turns":7}],"seed_played":"8932287020166484053","potions_obtained":[{"floor":1.0,"key":"Strength Potion"},{"floor":14.0,"key":"EssenceOfSteel"},{"floor":16.0,"key":"SkillPotion"},{"floor":30,"key":"FearPotion"}],"is_trial":false,"path_per_floor":["M","?","M","M","$","E","R","M","T","M","R","?","$","M","R","B",null,"M","?","?","$","$","R","E","R","T","M","?","$","M","M","R","B"],"character_chosen":"DEFECT","items_purchased":["Loop","Loop+1","White Noise"],"campfire_rested":4,"item_purchase_floors":[5,21,29],"current_hp_per_floor":[66,66,65,57,57,19,39,34,34,1,30,47,47,39,48,34,65,30,30,30,30,30,58,23,32,32,32,32,32,11,11,42,0,0],"gold":48,"neow_bonus":"REMOVE_TWO","is_daily":false,"chose_seed":false,"campfire_upgraded":2,"win_rate":0.0,"timestamp":1613229635,"path_taken":["M","?","?","M","$","E","R","M","T","M","R","?","$","M","R","BOSS","M","?","?","?","$","R","E","R","T","M","?","$","?","M","R","BOSS"],"items_purchased_type":["Card","Card","Card"],"build_version":"2020-12-22","purchased_purges":1,"victory":false,"max_hp_per_floor":[68,68,68,68,68,68,68,68,68,68,68,68,65,65,65,65,65,65,65,65,65,65,65,65,65,65,65,65,65,65,65,65,65,65],"card_choices":[{"not_picked":["Aggregate","Barrage"],"picked":"Fusion","floor":1.0},{"not_picked":["Steam","Ball Lightning"],"picked":"Hello World","floor":3.0},{"not_picked":["Beam Cell","Gash"],"picked":"Melter","floor":4.0},{"not_picked":["Steam","Gash"],"picked":"Chaos","floor":6.0},{"not_picked":["Skim","Hologram"],"picked":"Machine Learning","floor":8.0},{"not_picked":["Scrape","Doom and Gloom"],"picked":"Beam Cell","floor":10.0},{"not_picked":["Scrape","Steam"],"picked":"Compile Driver","floor":14.0},{"not_picked":["Machine Learning","Biased Cognition"],"picked":"Reboot","floor":16.0},{"not_picked":["Redo","Cold Snap"],"picked":"Chill","floor":18.0},{"not_picked":["Streamline","Barrage+1","Compile Driver"],"picked":"SKIP","floor":24},{"not_picked":["Force Field","Lockon"],"picked":"Beam Cell","floor":27},{"not_picked":["Barrage","Fusion"],"picked":"Beam Cell","floor":30},{"not_picked":["Gash+1","Streamline"],"picked":"Redo+1","floor":31}],"player_experience":13119,"relics_obtained":[{"floor":6.0,"key":"Letter Opener"},{"floor":9.0,"key":"Eternal Feather"},{"floor":24,"key":"Oddly Smooth Stone"},{"floor":26,"key":"Happy Flower"}],"event_choices":[{"damage_healed":0.0,"max_hp_gain":0.0,"max_hp_loss":0.0,"gold_gain":0.0,"event_name":"FaceTrader","player_choice":"Trade","floor":2.0,"gold_loss":0.0,"damage_taken":0.0,"relics_obtained":["CultistMask"]},{"damage_healed":17.0,"max_hp_gain":0.0,"max_hp_loss":0.0,"gold_gain":0.0,"event_name":"Mushrooms","player_choice":"Healed and dodged fight","floor":12.0,"gold_loss":0.0,"damage_taken":0.0,"cards_obtained":["Parasite"]},{"damage_healed":0.0,"max_hp_gain":0.0,"max_hp_loss":0.0,"gold_gain":0.0,"event_name":"Addict","player_choice":"Obtained Relic","floor":19.0,"gold_loss":85.0,"damage_taken":0.0,"relics_obtained":["Frozen Egg 2"]},{"damage_healed":0.0,"max_hp_gain":0.0,"max_hp_loss":0.0,"gold_gain":0.0,"event_name":"Back to Basics","player_choice":"Simplicity","floor":20.0,"gold_loss":0.0,"damage_taken":0.0,"cards_upgraded":["Strike_B","Strike_B","Strike_B","Defend_B","Defend_B","Defend_B"]},{"damage_healed":0,"gold_gain":0,"player_choice":"Ignored","damage_taken":0,"max_hp_gain":0,"max_hp_loss":0,"event_name":"NoteForYourself","floor":28,"gold_loss":0}],"is_beta":false,"boss_relics":[{"not_picked":["FrozenCore","Runic Pyramid"],"picked":"Nuclear Battery"}],"items_purged_floors":[13],"is_endless":false,"potions_floor_spawned":[1,14,16,18,30,31],"killed_by":"Collector","ascension_level":0}}