{"host":"mz5hf7l9u79ze5ha","time":1613227079,"event":{"mods":["AchievementEnabler","BaseMod","Bestiary","Better Third Choice","BetterRewards","Colored Map","Colored Powertips","Curses Come First","Downfall","Googly Eyes","Hermit","Hubris","Minty Spire (QoL Compilation)","Quick Restart","Rare Cards Sparkle","Relic Stats","Reliquary","Replay The Spire","StSLib","The Bladedancer","The Bug Knight","The Cursed","The Hierophant","The Marked","Unceasing Turn Reminder"],"gold_per_floor":[99,113,321,335,29,43,43,43,43,59,72,72,85,119,137,237,237,37,37,22,22,42,42,89,99,113,113,98,98,198,219,237,237,237,237],"floor_reached":33,"language":"ENG","playtime":1980,"items_purged":["champ:Strike","Writhe"],"score":322,"play_id":"9e2a7fea-7460-46d3-aac2-3baa0c623792","local_time":"20210213163759","is_ascension_mode":false,"campfire_choices":[{"floor":1,"key":"RECALL"},{"floor":9,"key":"REST"},{"floor":12,"key":"REST"},{"data":"expansioncontent:DashGenerateEvil","floor":18,"key":"SMITH"},{"data":"champ:FaceSlap","floor":27,"key":"SMITH"},{"data":"champ:TripleStrike","floor":29,"key":"SMITH"}],"circlet_count":0,"master_deck":["champ:Defend","champ:Defend","champ:Defend","champ:Defend","champ:Execute","champ:Taunt","champ:StanceDance","champ:FaceSlap+1","champ:SkillfulDodge","expansioncontent:DashGenerateEvil+1","champ:EnragedBash","champ:AdrenalArmor","champ:PreciseThrust","champ:Endure","champ:TripleStrike+1","champ:EnGarde+1","Slimebound:Tackle+1","Slimebound:Tackle+1","Slimebound:Tackle+1","Pot Of Greed","Pot Of Greed","champ:Shatter","champ:IgnorePain","expansioncontent:DashGenerateEvil+1"],"relics":["champ:ChampionCrown","Onion Ring","reliquary:WeakTea","Empty Cage","downfall:HeartBlessingRed","downfall:HeartBlessingBlue","Replay:Ringing Soul","Grinning Jar","champ:BlackKnightHelmet","reliquary:BallBearing"],"acts_visited":["Exordium","TheCity"],"potions_floor_usage":[28,30,30,32,33],"damage_taken":[{"damage":10,"enemies":"Small Slimes","floor":2,"turns":3},{"damage":28,"enemies":"Jaw Worm","floor":4,"turns":4},{"damage":20,"enemies":"downfall:FleeingMerchant","floor":5,"turns":4},{"damage":5,"enemies":"Cultist","floor":6,"turns":3},{"damage":15,"enemies":"Lots of Slimes","floor":10,"turns":3},{"damage":0,"enemies":"Gremlin Gang","floor":11,"turns":1},{"damage":5,"enemies":"2 Fungi Beasts","floor":13,"turns":2},{"damage":25,"enemies":"Gremlin Nob","floor":14,"turns":3},{"damage":34,"enemies":"Exordium Thugs","floor":15,"turns":4},{"damage":53,"enemies":"SI_SHIV_ARCHETYPE","floor":16,"turns":8},{"damage":23,"enemies":"downfall:FleeingMerchant","floor":20,"turns":4},{"damage":0,"enemies":"Spheric Guardian","floor":22,"turns":1},{"damage":13,"enemies":"3 Byrds","floor":25,"turns":6},{"damage":36,"enemies":"Cultist and Chosen","floor":26,"turns":6},{"damage":41,"enemies":"downfall:FleeingMerchant","floor":28,"turns":5},{"damage":107,"enemies":"downfall:FleeingMerchant","floor":30,"turns":7},{"damage":12,"enemies":"downfall:FleeingMerchant","floor":31,"turns":4},{"damage":6,"enemies":"Shelled Parasite and Fungi","floor":32,"turns":4},{"damage":46,"enemies":"DF_ARCHETYPE_CLAW","floor":33,"turns":5}],"seed_played":"-2200123365901267753","potions_obtained":[{"floor":4,"key":"Flashbang"},{"floor":13,"key":"Fire Potion"},{"floor":15,"key":"SpeedPotion"},{"floor":16,"key":"champ:CounterPotion"},{"floor":25,"key":"LiquidBronze"},{"floor":30,"key":"Venom Potion"},{"floor":32,"key":"champ:OpenerPotion"}],"is_trial":false,"path_per_floor":["R_BF","M","?","M","$","M","T","$","R","M","M","R","M","E","M","B",null,"R","?","$","?","M","?","T","M","M","R","$","R","?","$","M","B"],"character_chosen":"THE_CHAMP","items_purchased":["expansioncontent:DashGenerateEvil","champ:EnragedBash","Onion Ring","expansioncontent:DashGenerateEvil+1","Weak Potion"],"campfire_rested":2,"item_purchase_floors":[5,5,8,31,31],"current_hp_per_floor":[99,99,60,52,52,52,52,36,65,65,65,94,94,84,75,72,99,109,119,119,119,119,122,125,125,119,119,106,106,39,40,39,0,0,0],"gold":237,"neow_bonus":"TEN_PERCENT_HP_BONUS","is_daily":false,"chose_seed":false,"campfire_upgraded":3,"win_rate":0.0,"timestamp":1613227079,"path_taken":["R_BF","M","?","M","$","?","T","?","R","?","M","R","M","E","M","BOSS","R","?","?","?","M","?","T","?","M","R","?","R","?","$","M","BOSS"],"items_purchased_type":["Card","Card","Relic","Card","Potion"],"build_version":"2020-12-22","purchased_purges":2,"victory":false,"max_hp_per_floor":[99,99,99,99,99,99,99,99,99,99,99,99,99,99,99,99,99,109,119,119,119,119,122,125,125,125,125,128,128,128,131,131,131,131,131],"relic_stats":{"counters":[19,76],"obtain_stats":[{"Replay:Ringing Soul":23,"champ:BlackKnightHelmet":30,"downfall:HeartBlessingRed":18,"downfall:HeartBlessingBlue":18,"champ:ChampionCrown":0,"Onion Ring":8,"reliquary:BallBearing":30,"reliquary:WeakTea":14,"Grinning Jar":24,"Empty Cage":17},{"Replay:Ringing Soul":12,"champ:BlackKnightHelmet":16,"downfall:HeartBlessingRed":10,"downfall:HeartBlessingBlue":10,"champ:ChampionCrown":0,"Onion Ring":4,"reliquary:BallBearing":16,"reliquary:WeakTea":8,"Grinning Jar":12,"Empty Cage":10},{"Replay:Ringing Soul":39,"champ:BlackKnightHelmet":63,"downfall:HeartBlessingRed":34,"downfall:HeartBlessingBlue":34,"champ:ChampionCrown":0,"Onion Ring":14,"reliquary:BallBearing":63,"reliquary:WeakTea":23,"Grinning Jar":39,"Empty Cage":34}]},"card_choices":[{"not_picked":["champ:FanOfKnives","champ:BladeFlurry"],"picked":"champ:StanceDance","floor":2},{"not_picked":["champ:TornadoPunch","champ:EnragedBash"],"picked":"champ:FaceSlap","floor":3},{"not_picked":["champ:FocusedBerserking","champ:StrikeOfGenius"],"picked":"champ:SkillfulDodge","floor":4},{"not_picked":["champ:Duel","champ:FanOfKnives"],"picked":"champ:SteelEdge","floor":5},{"not_picked":["champ:EndlessRage","champ:DeathBlow","champ:BladeFlurry"],"picked":"SKIP","floor":6},{"not_picked":["champ:Haymaker","champ:SkillfulDodge"],"picked":"champ:AdrenalArmor","floor":10},{"not_picked":["champ:EnragedBash","champ:FlashCut","champ:Backstep"],"picked":"SKIP","floor":11},{"not_picked":["champ:RapidStrikes","champ:StanceDance"],"picked":"champ:PreciseThrust","floor":13},{"not_picked":["champ:Backstep","champ:RapidStrikes","champ:IronFortress"],"picked":"SKIP","floor":14},{"not_picked":["champ:HeartStrike","champ:BladeFlurry"],"picked":"champ:Endure","floor":15},{"not_picked":["champ:SwordThrow","champ:Improvising"],"picked":"champ:TripleStrike","floor":16},{"not_picked":["champ:CalledShot","champ:ArenaPreparation"],"picked":"champ:EnGarde+1","floor":20},{"not_picked":["champ:FanOfKnives","champ:BerserkersShout+1","champ:FlashCut"],"picked":"SKIP","floor":22},{"not_picked":["champ:GladiatorForm","champ:StanceDance","champ:FanOfKnives"],"picked":"SKIP","floor":25},{"not_picked":["champ:DefensiveShout","champ:Haymaker+1","champ:AdrenalArmor+1"],"picked":"SKIP","floor":26},{"not_picked":["champ:AdrenalArmor","champ:Backstep+1"],"picked":"champ:Shatter","floor":28},{"not_picked":["champ:CrownThrow","champ:Backstep"],"picked":"champ:IgnorePain","floor":31},{"not_picked":["champ:TornadoPunch","champ:DefensiveShout","champ:PerfectedStrike"],"picked":"SKIP","floor":32}],"player_experience":177810,"relics_obtained":[{"floor":14,"key":"reliquary:WeakTea"},{"floor":24,"key":"Grinning Jar"},{"floor":30,"key":"champ:BlackKnightHelmet"},{"floor":30,"key":"reliquary:BallBearing"}],"event_choices":[{"cards_removed":["champ:SteelEdge"],"damage_healed":0,"gold_gain":0,"player_choice":"Offered Rare","damage_taken":0,"max_hp_gain":10,"max_hp_loss":0,"event_name":"Bonfire Elementals","floor":19,"gold_loss":0}],"is_beta":false,"boss_relics":[{"not_picked":["hubris:RunicObelisk","reliquary:Craggleroot"],"picked":"Empty Cage"}],"items_purged_floors":[5,31],"is_endless":false,"potions_floor_spawned":[4,13,15,16,25,30,32],"killed_by":"DF_ARCHETYPE_CLAW","ascension_level":0}}