{"host":"rb2p2z6v6vieend5","time":1613242443,"event":{"mods":["BaseMod","Block Reminder","Colored Map","DeckTracker","Highlight Path","Minty Spire (QoL Compilation)","Random Character Button","Relic Stats"],"gold_per_floor":[114,114,39,39,54,84,84,99,124,154,154,184,199,229,229,329,329,344,344,359,359,59,59,89,89,89,119,119,149,149,164,164,264,264,279,29,44,44,55,55,105,105,105,135,170,185,87,102,102,102],"floor_reached":51,"language":"ENG","playtime":2588,"items_purged":["Regret"],"score":889,"play_id":"56e93828-f1fd-4f55-8a41-f00d920d1ece","local_time":"20210213195403","daily_mods":["SealedDeck","Colorless Cards","Elite Swarm"],"is_ascension_mode":false,"campfire_choices":[{"data":"Berserk","floor":7,"key":"SMITH"},{"data":"Metamorphosis","floor":15,"key":"SMITH"},{"data":"Shrug It Off","floor":23,"key":"SMITH"},{"data":"Shrug It Off","floor":25,"key":"SMITH"},{"data":"Offering","floor":30,"key":"SMITH"},{"data":"Pommel Strike","floor":32,"key":"SMITH"},{"data":"Violence","floor":40,"key":"SMITH"},{"data":"Immolate","floor":42,"key":"SMITH"},{"data":"Violence","floor":49,"key":"SMITH"}],"circlet_count":0,"master_deck":["True Grit+1","Flex","Flex+1","Shrug It Off+1","Shrug It Off+1","Twin Strike+1","Twin Strike","Twin Strike","Pommel Strike+1","Perfected Strike+1","Inflame","Clash","Berserk+1","Clash","Metamorphosis+1","Master of Strategy","Carnage","Chrysalis","Twin Strike+1","Deep Breath+1","Perfected Strike+1","Violence+1","Offering+1","Bandage Up","Immolate+1","Violence+1","Inflame+1","Burning Pact+1","Shockwave+1"],"relics":["Burning Blood","Ornamental Fan","Letter Opener","Bag of Preparation","Thread and Needle","Bottled Lightning","StoneCalendar","Orichalcum","Coffee Dripper","Nilry\u0027s Codex","Bag of Marbles","DollysMirror","Calipers","PreservedInsect","Smiling Mask","Whetstone","Black Star","Eternal Feather","Lizard Tail","Nunchaku","War Paint","Magic Flower","Blood Vial","Gambling Chip","Bronze Scales"],"acts_visited":["Exordium","TheCity","TheBeyond"],"potions_floor_usage":[39,41,50,50,50],"damage_taken":[{"damage":3,"enemies":"Jaw Worm","floor":1,"turns":2},{"damage":0,"enemies":"Cultist","floor":5,"turns":2},{"damage":18,"enemies":"Lagavulin","floor":6,"turns":4},{"damage":0,"enemies":"Small Slimes","floor":8,"turns":2},{"damage":5,"enemies":"3 Sentries","floor":10,"turns":5},{"damage":5,"enemies":"Lagavulin","floor":12,"turns":4},{"damage":0,"enemies":"Exordium Wildlife","floor":13,"turns":2},{"damage":3,"enemies":"3 Sentries","floor":14,"turns":3},{"damage":19,"enemies":"The Guardian","floor":16,"turns":5},{"damage":9,"enemies":"Shell Parasite","floor":18,"turns":4},{"damage":0,"enemies":"2 Thieves","floor":20,"turns":2},{"damage":4,"enemies":"Book of Stabbing","floor":24,"turns":2},{"damage":3,"enemies":"Gremlin Leader","floor":27,"turns":2},{"damage":4,"enemies":"Book of Stabbing","floor":29,"turns":2},{"damage":0,"enemies":"Sentry and Sphere","floor":31,"turns":3},{"damage":26,"enemies":"Collector","floor":33,"turns":6},{"damage":0,"enemies":"3 Darklings","floor":35,"turns":1},{"damage":6,"enemies":"3 Shapes","floor":37,"turns":2},{"damage":35,"enemies":"2 Orb Walkers","floor":39,"turns":3},{"damage":6,"enemies":"Reptomancer","floor":41,"turns":3},{"damage":9,"enemies":"Giant Head","floor":44,"turns":5},{"damage":2,"enemies":"Writhing Mass","floor":45,"turns":2},{"damage":0,"enemies":"Transient","floor":46,"turns":5},{"damage":0,"enemies":"3 Darklings","floor":48,"turns":1},{"damage":20,"enemies":"Donu and Deca","floor":50,"turns":3}],"seed_played":"6099103822572544471","potions_obtained":[{"floor":1,"key":"Swift Potion"},{"floor":6,"key":"Dexterity Potion"},{"floor":8,"key":"SteroidPotion"},{"floor":12,"key":"LiquidMemories"},{"floor":41,"key":"SteroidPotion"},{"floor":44,"key":"LiquidMemories"}],"is_trial":false,"path_per_floor":["M","?","$","?","M","E","R","M","T","E","T","E","M","E","R","B",null,"M","?","M","?","$","R","E","R","T","E","$","E","R","M","R","B",null,"M","$","M","?","?","R","E","R","T","E","M","M","?","M","R","B",null],"character_chosen":"IRONCLAD","items_purchased":["Bag of Marbles","DollysMirror","Eternal Feather"],"campfire_rested":0,"item_purchase_floors":[22,22,36],"current_hp_per_floor":[80,80,80,80,80,68,68,74,74,75,75,76,80,80,80,67,80,77,61,67,52,52,52,54,54,54,57,57,59,59,65,65,45,85,85,85,85,85,60,72,76,85,85,85,85,85,85,85,85,74],"gold":102,"neow_bonus":"","is_daily":true,"chose_seed":false,"campfire_upgraded":9,"win_rate":0.0,"timestamp":1613242443,"path_taken":["M","?","$","?","M","E","R","?","T","E","?","E","?","E","R","BOSS","M","?","M","?","$","R","E","R","T","E","?","E","R","M","R","BOSS","M","$","M","?","?","R","E","R","T","E","M","M","?","?","R","BOSS"],"items_purchased_type":["Relic","Relic","Relic"],"build_version":"2020-12-22","purchased_purges":1,"victory":true,"max_hp_per_floor":[80,80,80,80,80,80,80,80,80,80,80,80,80,80,80,80,80,80,80,80,85,85,85,85,85,85,85,85,85,85,85,85,85,85,85,85,85,85,85,85,85,85,85,85,85,85,85,85,85,85],"relic_stats":{"counters":[25,75],"Magic Flower":[5],"StoneCalendar":[0],"Eternal Feather":21,"PreservedInsect":271,"Bag of Preparation":[42],"Letter Opener":[200],"Whetstone":["Twin Strike","Twin Strike"],"Orichalcum":[90],"War Paint":["Flex","True Grit"],"Smiling Mask":0,"Burning Blood":114,"Blood Vial":0,"Lizard Tail":0,"Nunchaku":[4],"Ornamental Fan":[148],"Gambling Chip":[13],"Bronze Scales":[6],"Black Star":2,"obtain_stats":[{"Calipers":24,"Nilry\u0027s Codex":19,"Magic Flower":43,"StoneCalendar":12,"Bag of Preparation":9,"Whetstone":29,"Smiling Mask":27,"Burning Blood":0,"Blood Vial":44,"Lizard Tail":39,"Nunchaku":41,"DollysMirror":22,"Gambling Chip":44,"Thread and Needle":10,"Eternal Feather":36,"PreservedInsect":26,"Letter Opener":6,"Orichalcum":14,"War Paint":41,"Ornamental Fan":2,"Bronze Scales":47,"Coffee Dripper":17,"Bag of Marbles":22,"Black Star":34,"Bottled Lightning":11},{"Calipers":12,"Nilry\u0027s Codex":10,"Magic Flower":20,"StoneCalendar":6,"Bag of Preparation":4,"Whetstone":14,"Smiling Mask":13,"Burning Blood":0,"Blood Vial":21,"Lizard Tail":19,"Nunchaku":20,"DollysMirror":11,"Gambling Chip":21,"Thread and Needle":5,"Eternal Feather":17,"PreservedInsect":12,"Letter Opener":3,"Orichalcum":8,"War Paint":20,"Ornamental Fan":1,"Bronze Scales":23,"Coffee Dripper":9,"Bag of Marbles":11,"Black Star":16,"Bottled Lightning":5},{"Calipers":37,"Nilry\u0027s Codex":33,"Magic Flower":59,"StoneCalendar":19,"Bag of Preparation":10,"Whetstone":41,"Smiling Mask":39,"Burning Blood":0,"Blood Vial":64,"Lizard Tail":56,"Nunchaku":59,"DollysMirror":35,"Gambling Chip":64,"Thread and Needle":15,"Eternal Feather":51,"PreservedInsect":37,"Letter Opener":8,"Orichalcum":24,"War Paint":59,"Ornamental Fan":2,"Bronze Scales":71,"Coffee Dripper":29,"Bag of Marbles":35,"Black Star":50,"Bottled Lightning":15}]},"card_choices":[{"not_picked":["Purity","Panacea"],"picked":"Inflame","floor":1},{"not_picked":["Body Slam","Mind Blast"],"picked":"Clash","floor":5},{"not_picked":["Exhume","Secret Technique"],"picked":"Berserk","floor":6},{"not_picked":["Spot Weakness","Anger"],"picked":"Clash","floor":8},{"not_picked":["Thinking Ahead","Mayhem"],"picked":"Metamorphosis","floor":10},{"not_picked":["Juggernaut","Reaper"],"picked":"Master of Strategy","floor":12},{"not_picked":["Heavy Blade","Thunderclap"],"picked":"Carnage","floor":13},{"not_picked":["Master of Strategy","The Bomb"],"picked":"Chrysalis","floor":14},{"not_picked":["Whirlwind","Clash"],"picked":"Twin Strike","floor":18},{"not_picked":["Impatience+1","Jack Of All Trades"],"picked":"Deep Breath+1","floor":20},{"not_picked":["Bludgeon","Impervious"],"picked":"Violence","floor":24},{"not_picked":["Fiend Fire","Reaper","Exhume"],"picked":"SKIP","floor":27},{"not_picked":["Fiend Fire","Panache"],"picked":"Offering","floor":29},{"not_picked":["Anger","Wild Strike","Bloodletting+1"],"picked":"SKIP","floor":31},{"not_picked":["Pummel+1","Armaments+1","Cleave"],"picked":"SKIP","floor":35},{"not_picked":["Warcry+1","Iron Wave+1","Second Wind"],"picked":"SKIP","floor":37},{"not_picked":["Purity","Secret Weapon"],"picked":"Bandage Up","floor":38},{"not_picked":["Bludgeon","Corruption"],"picked":"Immolate","floor":41},{"not_picked":["HandOfGreed","Sadistic Nature"],"picked":"Violence","floor":44},{"not_picked":["Clothesline","True Grit"],"picked":"Inflame+1","floor":45},{"not_picked":["True Grit","Blood for Blood"],"picked":"Burning Pact+1","floor":46},{"not_picked":["Anger","True Grit+1"],"picked":"Shockwave+1","floor":48}],"player_experience":731176,"relics_obtained":[{"floor":6,"key":"Letter Opener"},{"floor":9,"key":"Bag of Preparation"},{"floor":10,"key":"Thread and Needle"},{"floor":11,"key":"Bottled Lightning"},{"floor":12,"key":"StoneCalendar"},{"floor":14,"key":"Orichalcum"},{"floor":19,"key":"Nilry\u0027s Codex"},{"floor":24,"key":"Calipers"},{"floor":26,"key":"PreservedInsect"},{"floor":27,"key":"Smiling Mask"},{"floor":29,"key":"Whetstone"},{"floor":39,"key":"Lizard Tail"},{"floor":41,"key":"Nunchaku"},{"floor":41,"key":"War Paint"},{"floor":43,"key":"Magic Flower"},{"floor":44,"key":"Blood Vial"},{"floor":44,"key":"Gambling Chip"}],"event_choices":[{"damage_healed":0,"gold_gain":0,"player_choice":"Box","damage_taken":0,"relics_obtained":["Ornamental Fan"],"max_hp_gain":0,"max_hp_loss":0,"event_name":"Big Fish","floor":2,"gold_loss":0,"cards_obtained":["Regret"]},{"damage_healed":0,"gold_gain":0,"player_choice":"Forge","damage_taken":0,"max_hp_gain":0,"max_hp_loss":0,"event_name":"Accursed Blacksmith","floor":4,"gold_loss":0,"cards_upgraded":["Perfected Strike"]},{"damage_healed":0,"gold_gain":0,"player_choice":"Obtained Book","damage_taken":16,"max_hp_gain":0,"max_hp_loss":0,"event_name":"Cursed Tome","floor":19,"gold_loss":0},{"damage_healed":0,"gold_gain":0,"player_choice":"Shed Blood","damage_taken":20,"max_hp_gain":5,"max_hp_loss":0,"event_name":"Forgotten Altar","floor":21,"gold_loss":0},{"damage_healed":0,"gold_gain":0,"player_choice":"Memory 1","damage_taken":0,"max_hp_gain":0,"max_hp_loss":0,"event_name":"SensoryStone","floor":38,"gold_loss":0},{"damage_healed":0,"gold_gain":0,"player_choice":"Fight","damage_taken":0,"max_hp_gain":0,"max_hp_loss":0,"event_name":"Mysterious Sphere","floor":39,"gold_loss":0},{"damage_healed":0,"gold_gain":0,"player_choice":"Paid Gold","damage_taken":0,"relics_obtained":["Bronze Scales"],"max_hp_gain":0,"max_hp_loss":0,"event_name":"WeMeetAgain","floor":47,"gold_loss":98}],"is_beta":false,"boss_relics":[{"not_picked":["Runic Pyramid","Mark of Pain"],"picked":"Coffee Dripper"},{"not_picked":["Velvet Choker","Busted Crown"],"picked":"Black Star"}],"items_purged_floors":[3],"is_endless":false,"potions_floor_spawned":[1,6,8,12,18,31,35,41,44,48],"ascension_level":0}}