{"host":"1vy6j31128f61x2z","time":1613188449,"event":{"mods":["AchievementEnabler","BaseMod","Colored Powertips","Minty Spire (QoL Compilation)","Permanent Neow"],"gold_per_floor":[114,129,106,106,121,151,151,151,176,206,221,251,251,281,281,381,381,396,411,411,411,11,41,41,71,71,101,51,51,81,96,96,196,196,211,137,152,202,202,232,232,262,262,292,307,337,37,137,137,137],"floor_reached":51,"language":"ENG","playtime":2055,"items_purged":["Violence"],"score":1165,"play_id":"b182fc66-1cea-406a-ad97-0c68ac71658f","local_time":"20210212225409","daily_mods":["SealedDeck","Colorless Cards","Elite Swarm"],"is_ascension_mode":false,"campfire_choices":[{"data":"Heavy Blade","floor":7.0,"key":"SMITH"},{"data":"Inflame","floor":15.0,"key":"SMITH"},{"data":"Master of Strategy","floor":24.0,"key":"SMITH"},{"data":"Inflame","floor":32.0,"key":"SMITH"},{"data":"Limit Break","floor":41,"key":"SMITH"},{"data":"Flex","floor":49,"key":"SMITH"}],"circlet_count":0,"master_deck":["Cleave","Flex+1","Shrug It Off","Good Instincts","Flex","Heavy Blade+1","Twin Strike","Twin Strike+1","Inflame+1","Disarm+1","Inflame+1","Finesse","Spot Weakness","Impervious","Juggernaut","Flex+1","Master of Strategy+1","Bludgeon+1","Exhume","Whirlwind","Deep Breath+1","Reaper","Demon Form","Flash of Steel","Panache","Cleave","Secret Weapon","Pummel+1","Limit Break+1","Warcry+1","Heavy Blade+1","Exhume","Bludgeon","Inflame+1","Immolate"],"relics":["Burning Blood","Ornamental Fan","Bag of Preparation","Letter Opener","Thread and Needle","Bottled Lightning","StoneCalendar","Mark of Pain","Enchiridion","Matryoshka","Bag of Marbles","Orichalcum","Calipers","PreservedInsect","Smiling Mask","Whetstone","Nunchaku","Black Star","Lizard Tail","War Paint","Blood Vial","Magic Flower","Bottled Flame","Sundial","Bronze Scales","Gambling Chip","Oddly Smooth Stone","Turnip","Du-Vu Doll","Juzu Bracelet","Lantern","Boot"],"acts_visited":["Exordium","TheCity","TheBeyond"],"potions_floor_usage":[50,50],"damage_taken":[{"damage":1.0,"enemies":"Jaw Worm","floor":1.0,"turns":3.0},{"damage":0.0,"enemies":"Cultist","floor":2.0,"turns":3.0},{"damage":5.0,"enemies":"Small Slimes","floor":5.0,"turns":2.0},{"damage":12.0,"enemies":"Lagavulin","floor":6.0,"turns":5.0},{"damage":7.0,"enemies":"3 Sentries","floor":10.0,"turns":4.0},{"damage":0.0,"enemies":"Exordium Wildlife","floor":11.0,"turns":2.0},{"damage":0.0,"enemies":"Lagavulin","floor":12.0,"turns":4.0},{"damage":3.0,"enemies":"3 Sentries","floor":14.0,"turns":4.0},{"damage":0.0,"enemies":"The Guardian","floor":16.0,"turns":5.0},{"damage":0.0,"enemies":"Shell Parasite","floor":18.0,"turns":4.0},{"damage":0.0,"enemies":"2 Thieves","floor":19.0,"turns":2.0},{"damage":0.0,"enemies":"Book of Stabbing","floor":23.0,"turns":4.0},{"damage":0.0,"enemies":"Gremlin Leader","floor":25.0,"turns":2.0},{"damage":1.0,"enemies":"Book of Stabbing","floor":27.0,"turns":3.0},{"damage":0.0,"enemies":"Slavers","floor":30.0,"turns":2.0},{"damage":0.0,"enemies":"Sentry and Sphere","floor":31.0,"turns":3.0},{"damage":14.0,"enemies":"Collector","floor":33.0,"turns":6.0},{"damage":0.0,"enemies":"3 Darklings","floor":35.0,"turns":2.0},{"damage":2.0,"enemies":"3 Shapes","floor":37.0,"turns":1.0},{"damage":0.0,"enemies":"Mind Bloom Boss Battle","floor":38.0,"turns":2.0},{"damage":0,"enemies":"Reptomancer","floor":40,"turns":3},{"damage":0,"enemies":"Giant Head","floor":42,"turns":3},{"damage":0,"enemies":"Reptomancer","floor":44,"turns":1},{"damage":8,"enemies":"Writhing Mass","floor":45,"turns":4},{"damage":11,"enemies":"Nemesis","floor":46,"turns":3},{"damage":30,"enemies":"Donu and Deca","floor":50,"turns":5}],"seed_played":"6099103822572544471","potions_obtained":[{"floor":1.0,"key":"Swift Potion"},{"floor":6.0,"key":"Dexterity Potion"},{"floor":10.0,"key":"SteroidPotion"},{"floor":25.0,"key":"Regen Potion"},{"floor":40,"key":"BlessingOfTheForge"},{"floor":42,"key":"PowerPotion"}],"is_trial":false,"path_per_floor":["M","M","$","?","M","E","R","?","T","E","M","E","T","E","R","B",null,"M","M","?","?","$","E","R","E","T","E","$","?","E","M","R","B",null,"M","$","M","?","?","E","R","E","T","E","M","E","$","?","R","B",null],"character_chosen":"IRONCLAD","items_purchased":["True Grit","Matryoshka","Bag of Marbles","Limit Break","Lantern","Boot"],"campfire_rested":0,"item_purchase_floors":[3,22,22,36,47,47],"current_hp_per_floor":[80,80,80,85,85,79,79,84,84,83,85,85,85,85,85,85,85,85,85,69,53,53,59,59,65,65,79,79,79,85,90,90,87,90,90,90,90,90,90,90,90,90,90,90,90,90,90,90,90,78],"gold":137,"neow_bonus":"","is_daily":true,"chose_seed":false,"campfire_upgraded":6,"win_rate":0.0,"timestamp":1613188449,"path_taken":["M","M","$","?","M","E","R","?","T","E","?","E","?","E","R","BOSS","M","?","?","?","$","E","R","E","T","E","?","?","E","M","R","BOSS","M","$","M","?","?","E","R","E","T","E","?","E","$","?","R","BOSS"],"items_purchased_type":["Card","Relic","Relic","Card","Relic","Relic"],"build_version":"2020-12-22","purchased_purges":1,"victory":true,"max_hp_per_floor":[80,80,80,85,85,85,85,85,85,85,85,85,85,85,85,85,85,85,85,85,90,90,90,90,90,90,90,90,90,90,90,90,90,90,90,90,90,90,90,90,90,90,90,90,90,90,90,90,90,90],"card_choices":[{"not_picked":["Purity","Panacea"],"picked":"Inflame","floor":1.0},{"not_picked":["Headbutt","Dual Wield"],"picked":"Finesse","floor":2.0},{"not_picked":["Clash","Wild Strike"],"picked":"Spot Weakness","floor":5.0},{"not_picked":["Berserk","Thinking Ahead"],"picked":"Impervious","floor":6.0},{"not_picked":["Metamorphosis","Mayhem"],"picked":"Juggernaut","floor":10.0},{"not_picked":["Anger","Carnage"],"picked":"Flex","floor":11.0},{"not_picked":["Transmutation","Magnetism"],"picked":"Master of Strategy","floor":12.0},{"not_picked":["Chrysalis","The Bomb"],"picked":"Bludgeon","floor":14.0},{"not_picked":["Juggernaut","Brutality"],"picked":"Exhume","floor":16.0},{"not_picked":["Twin Strike","Clash"],"picked":"Whirlwind","floor":18.0},{"not_picked":["Impatience+1","Jack Of All Trades"],"picked":"Deep Breath+1","floor":19.0},{"not_picked":["Bludgeon","Impervious"],"picked":"Violence","floor":23.0},{"not_picked":["Fiend Fire","Exhume"],"picked":"Reaper","floor":25.0},{"not_picked":["Thinking Ahead","Exhume"],"picked":"Demon Form","floor":27.0},{"not_picked":["Barricade","Offering"],"picked":"Panache","floor":30.0},{"not_picked":["Headbutt","Anger"],"picked":"Cleave","floor":31.0},{"not_picked":["Thinking Ahead","The Bomb"],"picked":"Secret Weapon","floor":33.0},{"not_picked":["Armaments+1","Cleave"],"picked":"Pummel+1","floor":35.0},{"not_picked":["Iron Wave+1","Second Wind"],"picked":"Warcry+1","floor":37.0},{"not_picked":["Anger+1","Impervious"],"picked":"Heavy Blade+1","floor":38.0},{"not_picked":["Chrysalis","Secret Technique"],"picked":"Exhume","floor":40},{"not_picked":["Feed","Corruption"],"picked":"Bludgeon","floor":42},{"not_picked":["HandOfGreed","Sadistic Nature","Violence"],"picked":"SKIP","floor":44},{"not_picked":["Clothesline","True Grit"],"picked":"Inflame+1","floor":45},{"not_picked":["Demon Form","Transmutation"],"picked":"Immolate","floor":46}],"player_experience":72033,"relics_obtained":[{"floor":6.0,"key":"Ornamental Fan"},{"floor":9.0,"key":"Bag of Preparation"},{"floor":10.0,"key":"Letter Opener"},{"floor":12.0,"key":"Thread and Needle"},{"floor":13.0,"key":"Bottled Lightning"},{"floor":14.0,"key":"StoneCalendar"},{"floor":20.0,"key":"Enchiridion"},{"floor":23.0,"key":"Orichalcum"},{"floor":25.0,"key":"Calipers"},{"floor":26.0,"key":"PreservedInsect"},{"floor":26.0,"key":"Smiling Mask"},{"floor":27.0,"key":"Whetstone"},{"floor":30.0,"key":"Nunchaku"},{"floor":38.0,"key":"Lizard Tail"},{"floor":40,"key":"Blood Vial"},{"floor":40,"key":"Magic Flower"},{"floor":42,"key":"Bottled Flame"},{"floor":42,"key":"Sundial"},{"floor":43,"key":"Bronze Scales"},{"floor":43,"key":"Gambling Chip"},{"floor":44,"key":"Oddly Smooth Stone"},{"floor":44,"key":"Turnip"},{"floor":46,"key":"Du-Vu Doll"},{"floor":46,"key":"Juzu Bracelet"}],"event_choices":[{"damage_healed":0.0,"max_hp_gain":5.0,"max_hp_loss":0.0,"gold_gain":0.0,"event_name":"Big Fish","player_choice":"Donut","floor":4.0,"gold_loss":0.0,"damage_taken":0.0},{"cards_removed":["True Grit"],"damage_healed":5.0,"max_hp_gain":0.0,"max_hp_loss":0.0,"gold_gain":0.0,"event_name":"Bonfire Elementals","player_choice":"Offered Common","floor":8.0,"gold_loss":0.0,"damage_taken":0.0},{"cards_removed":["True Grit"],"damage_healed":5.0,"max_hp_gain":0.0,"max_hp_loss":0.0,"gold_gain":0.0,"event_name":"Bonfire Elementals","player_choice":"Offered Special","floor":8.0,"gold_loss":0.0,"damage_taken":0.0},{"damage_healed":0.0,"max_hp_gain":0.0,"max_hp_loss":0.0,"gold_gain":0.0,"event_name":"Cursed Tome","player_choice":"Obtained Book","floor":20.0,"gold_loss":0.0,"damage_taken":16.0},{"damage_healed":0.0,"max_hp_gain":5.0,"max_hp_loss":0.0,"gold_gain":0.0,"event_name":"Forgotten Altar","player_choice":"Shed Blood","floor":21.0,"gold_loss":0.0,"damage_taken":21.0},{"damage_healed":0.0,"max_hp_gain":0.0,"max_hp_loss":0.0,"gold_gain":0.0,"event_name":"The Library","player_choice":"Read","floor":29.0,"gold_loss":0.0,"damage_taken":0.0,"cards_obtained":["Flash of Steel"]},{"damage_healed":0.0,"max_hp_gain":0.0,"max_hp_loss":0.0,"gold_gain":0.0,"event_name":"MindBloom","player_choice":"Fight","floor":38.0,"gold_loss":0.0,"damage_taken":0.0},{"damage_healed":0.0,"max_hp_gain":0.0,"max_hp_loss":0.0,"gold_gain":0.0,"event_name":"WeMeetAgain","player_choice":"Gave Potion","floor":39.0,"gold_loss":0.0,"damage_taken":0.0,"relics_obtained":["War Paint"]},{"damage_healed":0,"gold_gain":100,"player_choice":"Pray","damage_taken":0,"max_hp_gain":0,"max_hp_loss":0,"event_name":"Golden Shrine","floor":48,"gold_loss":0}],"is_beta":false,"boss_relics":[{"not_picked":["Runic Pyramid","Coffee Dripper"],"picked":"Mark of Pain"},{"not_picked":["Velvet Choker","Busted Crown"],"picked":"Black Star"}],"items_purged_floors":[28],"is_endless":false,"potions_floor_spawned":[1,6,10,12,19,25,30,33,37,40,42,44],"ascension_level":0}}