{"host":"a5lz0e76zb3fcwkm","time":1613240858,"event":{"mods":["AchievementEnabler","BaseMod","Colored Map","Colored Powertips","Minty Spire (QoL Compilation)","StSLib","SuperFastMode"],"gold_per_floor":[110,110,128,128,142,170,223,238,263,263,263,263],"floor_reached":11,"language":"KOR","playtime":197,"items_purged":[],"score":146,"play_id":"23393a45-eaa6-4792-9a16-1d351d098139","local_time":"20210214032738","is_ascension_mode":true,"campfire_choices":[{"data":"Recycle","floor":10,"key":"SMITH"}],"circlet_count":0,"master_deck":["AscendersBane","Strike_B","Strike_B","Strike_B","Strike_B","Defend_B","Defend_B","Defend_B","Defend_B","Zap","Dualcast","Electrodynamics","Tempest","Cold Snap","White Noise","Recycle+1"],"relics":["Cracked Core","Pen Nib","Happy Flower","Toy Ornithopter","Bronze Scales"],"acts_visited":["Exordium"],"potions_floor_usage":[8,11],"damage_taken":[{"damage":9,"enemies":"Jaw Worm","floor":1,"turns":4},{"damage":11,"enemies":"2 Louse","floor":3,"turns":3},{"damage":1,"enemies":"Cultist","floor":5,"turns":3},{"damage":18,"enemies":"3 Sentries","floor":6,"turns":5},{"damage":7,"enemies":"Large Slime","floor":8,"turns":3},{"damage":35,"enemies":"Lagavulin","floor":11,"turns":5}],"seed_played":"6915544009900615816","potions_obtained":[{"floor":6,"key":"Energy Potion"},{"floor":8,"key":"ColorlessPotion"}],"is_trial":false,"path_per_floor":["M","?","M","?","M","E","T","M","T","R","E"],"character_chosen":"DEFECT","items_purchased":[],"campfire_rested":0,"item_purchase_floors":[],"current_hp_per_floor":[55,44,33,33,32,14,14,12,12,12,0,0],"gold":263,"neow_bonus":"THREE_RARE_CARDS","is_daily":false,"chose_seed":false,"campfire_upgraded":1,"win_rate":0.0,"timestamp":1613240858,"path_taken":["M","?","M","?","M","E","?","?","T","R","E"],"items_purchased_type":[],"build_version":"2020-12-22","purchased_purges":0,"victory":false,"max_hp_per_floor":[64,64,64,64,64,64,64,64,64,64,64,64],"card_choices":[{"not_picked":["Fission","Rainbow"],"picked":"Electrodynamics","floor":0},{"not_picked":["Barrage","Redo","Rebound"],"picked":"SKIP","floor":1},{"not_picked":["Conserve Battery","Steam"],"picked":"Tempest","floor":3},{"not_picked":["Leap","Compile Driver"],"picked":"Cold Snap","floor":5},{"not_picked":["Redo","Compile Driver"],"picked":"White Noise","floor":6},{"not_picked":["Go for the Eyes","Double Energy"],"picked":"Recycle","floor":8}],"player_experience":1888194,"relics_obtained":[{"floor":6,"key":"Happy Flower"},{"floor":7,"key":"Toy Ornithopter"},{"floor":9,"key":"Bronze Scales"}],"event_choices":[{"damage_healed":0,"gold_gain":0,"player_choice":"Success","damage_taken":11,"relics_obtained":["Pen Nib"],"max_hp_gain":0,"max_hp_loss":0,"event_name":"Scrap Ooze","floor":2,"gold_loss":0},{"damage_healed":0,"gold_gain":0,"player_choice":"Ignored","damage_taken":0,"max_hp_gain":0,"max_hp_loss":0,"event_name":"Liars Game","floor":4,"gold_loss":0}],"is_beta":false,"boss_relics":[],"items_purged_floors":[],"is_endless":false,"potions_floor_spawned":[6,8],"killed_by":"Lagavulin","ascension_level":20}}