{"host":"ox77rn1xcurm2t5a","time":1613228061,"event":{"mods":["2.2 Compatiblity","AchievementEnabler","Act Like it!","Aspiration","BaseMod","Best Route Mod","Better Match","Better Note","Better Sensory Stone","Block Reminder","Colored Map","Colored Powertips","Conjunction","Conspire","Custom Start","Energized Spire","GifTheSpireLib","Gold Saver","Gremlin Skip","Halation","Highlight Path","Hubris","Infinite Spire","Minty Spire (QoL Compilation)","Pale of the Ancients","Quick Restart","Replay The Spire","Reworked Bosses","ShortenTheSpire","Spire Exporter","StSLib","Stuff the Spire","Wandering Minibosses"],"gold_per_floor":[117,128,128,70,20,20,46,46,96,96,113,113,141,156,156,156,156],"floor_reached":16,"language":"ENG","playtime":491,"items_purged":[],"score":133,"play_id":"14f6e797-879b-4c96-9a28-f902dc711e65","local_time":"20210213165421","is_ascension_mode":false,"campfire_choices":[{"floor":6.0,"key":"RECALL"},{"data":"Fasting2","floor":10.0,"key":"SMITH"},{"data":"FlyingSleeves","floor":12.0,"key":"SMITH"},{"data":"Pray","floor":15,"key":"SMITH"}],"circlet_count":0,"master_deck":["Strike_P","Strike_P","Strike_P","Defend_P","Defend_P","Defend_P","Defend_P","Eruption","Vigilance","Fasting2+1","EmptyFist","ReachHeaven+1","WreathOfFlame","FlyingSleeves+1","Pray+1","WreathOfFlame"],"relics":["PureWater","NeowsBlessing","Replay:Rubber Ducky","infinitespire:Satchel"],"acts_visited":["Exordium"],"potions_floor_usage":[14,16],"damage_taken":[{"damage":0.0,"enemies":"Cultist","floor":1.0,"turns":1.0},{"damage":0.0,"enemies":"Jaw Worm","floor":2.0,"turns":1.0},{"damage":0.0,"enemies":"3 Sentries","floor":7.0,"turns":2.0},{"damage":0.0,"enemies":"2 Louse","floor":11.0,"turns":5.0},{"damage":6.0,"enemies":"Replay:BlueRogue","floor":13.0,"turns":6.0},{"damage":0,"enemies":"Exordium Wildlife","floor":14,"turns":2},{"damage":67,"enemies":"Hexaghost","floor":16,"turns":9}],"seed_played":"-5688510478456170267","potions_obtained":[{"floor":11.0,"key":"Explosive Potion"},{"floor":14,"key":"AttackPotion"}],"is_trial":false,"path_per_floor":["M","M","?","$","?","R","E","T","T","R","M","R","E","M","R","B"],"character_chosen":"WATCHER","items_purchased":["ReachHeaven+1"],"campfire_rested":0,"item_purchase_floors":[4],"current_hp_per_floor":[72,72,72,72,72,72,72,72,72,72,72,72,66,66,66,0,0],"gold":156,"neow_bonus":"THREE_ENEMY_KILL","is_daily":false,"chose_seed":false,"campfire_upgraded":3,"win_rate":0.0,"timestamp":1613228061,"path_taken":["M","?","?","$","?","R","E","?","T","R","?","R","E","M","R","BOSS"],"items_purchased_type":["Card"],"build_version":"2020-12-22","purchased_purges":0,"victory":false,"max_hp_per_floor":[72,72,72,72,72,72,72,72,72,72,72,72,72,72,72,72,72],"card_choices":[{"not_picked":["Worship","Protect"],"picked":"Fasting2","floor":1.0},{"not_picked":["Study","SashWhip"],"picked":"EmptyFist","floor":2.0},{"not_picked":["BowlingBash","Vengeance"],"picked":"WreathOfFlame","floor":7.0},{"not_picked":["Meditate","FlurryOfBlows"],"picked":"FlyingSleeves","floor":11.0},{"not_picked":["Replay:AtTheReady","Halt"],"picked":"Pray","floor":13.0},{"not_picked":["CarveReality","Indignation"],"picked":"WreathOfFlame","floor":14}],"player_experience":3103928,"relics_obtained":[{"floor":7.0,"key":"Replay:Rubber Ducky"},{"floor":13.0,"key":"infinitespire:Satchel"}],"event_choices":[{"cards_removed":["Strike_P"],"damage_healed":0.0,"max_hp_gain":0.0,"max_hp_loss":0.0,"gold_gain":0.0,"event_name":"The Cleric","player_choice":"Card Removal","floor":5.0,"gold_loss":50.0,"damage_taken":0.0}],"is_beta":false,"boss_relics":[],"items_purged_floors":[],"is_endless":false,"potions_floor_spawned":[11,14],"killed_by":"Hexaghost","ascension_level":0}}