{"host":"8b9ba58w9pmbqmpe","time":1613248182,"event":{"mods":["BaseMod","Downfall","Minty Spire (QoL Compilation)","StSLib"],"gold_per_floor":[349,361,636,648,648,648,648,673,692,703,721,11,11,21,21,21,37,137,137,37,56,156,141,241,241,76,76,123,123,138,173,73,101,101,121,138,242,242,142,152,241,241,255,275,298,298,312,312,344,24,24,41,41,41,53,53,53,53],"floor_reached":56,"language":"ENG","playtime":3318,"items_purged":["Regret","downfall:Bewildered"],"score":611,"play_id":"77186009-2f11-4c96-898b-83bc0897ad1d","local_time":"20210213212942","is_ascension_mode":true,"campfire_choices":[{"data":"bronze:Replicate","floor":1,"key":"SMITH"},{"floor":13,"key":"RECALL"},{"data":"bronze:Iterate","floor":15,"key":"SMITH"},{"data":"bronze:AlphaBuild","floor":20,"key":"SMITH"},{"data":"bronze:DonuBeam","floor":32,"key":"SMITH"},{"floor":39,"key":"REST"},{"floor":48,"key":"REST"},{"floor":53,"key":"REST"}],"circlet_count":0,"master_deck":["bronze:Strike","bronze:Strike","bronze:Strike","bronze:Strike","bronze:Defend","bronze:Defend","bronze:Defend","bronze:Defend+1","bronze:Replicate+1","bronze:Constructor","bronze:Iterate+1","bronze:FollowUp","bronze:FineTuning","bronze:FollowUp","bronze:Flail+1","bronze:Separator+1","bronze:DigitalCarnage","bronze:AlphaBuild+1","bronze:Fortify","bronze:DonuBeam+1","bronze:Repair","bronze:DigitalCarnage","bronze:DigitalCarnage","bronze:Optimize+1","bronze:InfiniteBeams+1","bronze:DelayedSlice+1","bronze:Repair","Parasite","bronze:Overheat+1"],"relics":["bronze:BronzeCore","Vajra","Unceasing Top","Thread and Needle","Busted Crown","downfall:HeartBlessingBlue","DollysMirror","Art of War","Strawberry","downfall:HeartBlessingRed","Boot","sneckomod:BabySnecko","Fusion Hammer","downfall:HeartBlessingGreen","Orrery","Bronze Scales","Bottled Lightning","Letter Opener","Mummified Hand","Blue Candle"],"acts_visited":["Exordium","TheCity","TheBeyond"],"potions_floor_usage":[17,35,44,56],"damage_taken":[{"damage":1,"enemies":"Jaw Worm","floor":2,"turns":3},{"damage":1,"enemies":"Cultist","floor":4,"turns":3},{"damage":1,"enemies":"2 Louse","floor":9,"turns":3},{"damage":7,"enemies":"2 Fungi Beasts","floor":10,"turns":2},{"damage":2,"enemies":"Blue Slaver","floor":11,"turns":3},{"damage":5,"enemies":"downfall:FleeingMerchant","floor":12,"turns":4},{"damage":0,"enemies":"downfall:LooterAlt","floor":14,"turns":2},{"damage":0,"enemies":"2 Fungi Beasts","floor":17,"turns":2},{"damage":25,"enemies":"DF_ARCHETYPE_STREAMLINE","floor":18,"turns":6},{"damage":0,"enemies":"Spheric Guardian","floor":21,"turns":3},{"damage":0,"enemies":"Spheric Guardian","floor":22,"turns":2},{"damage":6,"enemies":"downfall:FleeingMerchant","floor":23,"turns":4},{"damage":3,"enemies":"downfall:FleeingMerchant","floor":26,"turns":4},{"damage":0,"enemies":"Chosen","floor":29,"turns":1},{"damage":9,"enemies":"Centurion and Healer","floor":30,"turns":6},{"damage":4,"enemies":"Book of Stabbing","floor":31,"turns":4},{"damage":25,"enemies":"Slavers","floor":33,"turns":4},{"damage":4,"enemies":"3 Cultists","floor":35,"turns":3},{"damage":0,"enemies":"Snake Plant","floor":36,"turns":1},{"damage":5,"enemies":"WA_ARCHETYPE_CALM","floor":37,"turns":4},{"damage":0,"enemies":"3 Shapes","floor":40,"turns":2},{"damage":0,"enemies":"downfall:FleeingMerchant","floor":41,"turns":1},{"damage":0,"enemies":"Orb Walker","floor":43,"turns":1},{"damage":34,"enemies":"Writhing Mass","floor":44,"turns":3},{"damage":11,"enemies":"Maw","floor":47,"turns":4},{"damage":1,"enemies":"Giant Head","floor":49,"turns":6},{"damage":17,"enemies":"Sphere and 2 Shapes","floor":52,"turns":4},{"damage":0,"enemies":"Writhing Mass","floor":55,"turns":3},{"damage":93,"enemies":"IC_BLOCK_ARCHETYPE","floor":56,"turns":9}],"seed_played":"-1285639472462891462","potions_obtained":[{"floor":11,"key":"SkillPotion"},{"floor":17,"key":"GamblersBrew"},{"floor":31,"key":"BlessingOfTheForge"},{"floor":33,"key":"LiquidMemories"},{"floor":35,"key":"champ:CounterPotion"},{"floor":44,"key":"Block Potion"},{"floor":55,"key":"GamblersBrew"}],"is_trial":false,"path_per_floor":["R","M","?","M","?","?","T","T","M","M","M","$","R","M","R","?","M","B",null,"R","M","?","$","?","?","$","?","T","M","M","E","R","E","?","M","M","B",null,"R","M","?","?","M","M","T","T","M","R","E","$","?","M","R","T","M","B"],"character_chosen":"THE_AUTOMATON","items_purchased":["Unceasing Top","Thread and Needle","bronze:Flail","DollysMirror","Orrery","bronze:Repair","Mummified Hand"],"campfire_rested":3,"item_purchase_floors":[12,12,12,26,41,50,50],"current_hp_per_floor":[63,62,62,61,61,61,61,61,60,53,51,46,46,46,46,46,46,21,63,73,73,73,73,73,73,70,70,70,70,68,78,78,53,53,56,56,51,80,80,80,80,72,72,38,38,38,37,61,67,67,67,65,80,80,80,0,0,0],"gold":53,"neow_bonus":"TWO_FIFTY_GOLD","is_daily":false,"chose_seed":false,"campfire_upgraded":4,"win_rate":0.0,"timestamp":1613248182,"path_taken":["R","M","?","?","?","?","T","T","M","M","M","$","R","M","R","?","M","BOSS","R","M","?","$","?","?","?","?","T","M","?","E","R","E","?","M","M","BOSS","R","M","?","?","M","?","T","T","M","R","E","?","?","M","R","?","M","BOSS"],"items_purchased_type":["Relic","Relic","Card","Relic","Relic","Card","Relic"],"build_version":"2020-12-22","purchased_purges":2,"victory":false,"max_hp_per_floor":[63,63,63,63,63,63,63,63,63,63,63,63,63,63,63,63,63,63,63,73,73,73,73,73,73,73,73,73,73,73,80,80,80,80,80,80,80,80,80,80,80,80,80,80,80,80,80,80,80,80,80,80,80,80,80,80,80,80],"card_choices":[{"not_picked":["bronze:CutThrough","bronze:Boost"],"picked":"bronze:Constructor","floor":2},{"not_picked":["bronze:Shield","bronze:DelayedGuard"],"picked":"bronze:Iterate","floor":4},{"not_picked":["bronze:MaxOutput","bronze:WildBeam"],"picked":"bronze:FollowUp","floor":9},{"not_picked":["bronze:Deprecate","bronze:Invalidate"],"picked":"bronze:FineTuning","floor":10},{"not_picked":["bronze:Safeguard","bronze:ThunderWave"],"picked":"bronze:FollowUp","floor":11},{"not_picked":["bronze:Philosophize","bronze:CutThrough","bronze:Deprecate"],"picked":"SKIP","floor":12},{"not_picked":["bronze:BitShift","bronze:NullPointer"],"picked":"bronze:Separator","floor":14},{"not_picked":["bronze:Iterate","bronze:Overheat"],"picked":"bronze:DigitalCarnage","floor":17},{"not_picked":["bronze:Verify","bronze:Library"],"picked":"bronze:AlphaBuild","floor":18},{"not_picked":[],"picked":"bronze:Fortify","floor":21},{"not_picked":[],"picked":"bronze:DonuBeam","floor":22},{"not_picked":[],"picked":"bronze:Repair","floor":22},{"not_picked":["bronze:Shield+1"],"picked":"SKIP","floor":23},{"not_picked":["bronze:ItsAFeature"],"picked":"SKIP","floor":26},{"not_picked":["bronze:Constructor"],"picked":"SKIP","floor":29},{"not_picked":[],"picked":"bronze:Optimize+1","floor":30},{"not_picked":["bronze:Iterate"],"picked":"SKIP","floor":31},{"not_picked":["bronze:OilSpill"],"picked":"SKIP","floor":33},{"not_picked":["bronze:WhirlingStrike"],"picked":"SKIP","floor":35},{"not_picked":["bronze:WhirlingStrike"],"picked":"SKIP","floor":36},{"not_picked":[],"picked":"bronze:InfiniteBeams+1","floor":40},{"not_picked":[],"picked":"bronze:DelayedSlice+1","floor":41},{"not_picked":["bronze:BitShift+1"],"picked":"SKIP","floor":43},{"not_picked":["bronze:DelayedGuard+1"],"picked":"SKIP","floor":44},{"not_picked":["bronze:BugBarrage+1"],"picked":"SKIP","floor":47},{"not_picked":["bronze:BugBarrage+1"],"picked":"SKIP","floor":49},{"not_picked":["bronze:BronzeArmor+1"],"picked":"SKIP","floor":52},{"not_picked":[],"picked":"bronze:Overheat+1","floor":55}],"player_experience":298374,"relics_obtained":[{"floor":8,"key":"Vajra"},{"floor":28,"key":"Art of War"},{"floor":31,"key":"Strawberry"},{"floor":33,"key":"Boot"},{"floor":45,"key":"Bronze Scales"},{"floor":46,"key":"Bottled Lightning"},{"floor":49,"key":"Letter Opener"},{"floor":54,"key":"Blue Candle"}],"event_choices":[{"damage_healed":0,"gold_gain":0,"player_choice":"Grow","damage_taken":0,"max_hp_gain":0,"max_hp_loss":0,"event_name":"Living Wall","floor":16,"gold_loss":0,"cards_upgraded":["bronze:Flail"]},{"damage_healed":0,"gold_gain":0,"player_choice":"Read","damage_taken":0,"max_hp_gain":0,"max_hp_loss":0,"event_name":"The Library","floor":27,"gold_loss":0,"cards_obtained":["bronze:DigitalCarnage"]},{"cards_removed":["bronze:Goto"],"damage_healed":0,"gold_gain":0,"player_choice":"Removed Skill","damage_taken":0,"max_hp_gain":0,"max_hp_loss":0,"event_name":"Falling","floor":51,"gold_loss":0}],"is_beta":false,"boss_relics":[{"not_picked":["Snecko Eye","Black Star"],"picked":"Busted Crown"},{"not_picked":["Empty Cage","Runic Dome"],"picked":"Fusion Hammer"}],"items_purged_floors":[12,41],"is_endless":false,"potions_floor_spawned":[11,17,21,31,33,35,43,44,55],"killed_by":"IC_BLOCK_ARCHETYPE","ascension_level":1}}