{"host":"psh83vqabmtchp5z","time":1613232177,"event":{"mods":["AchievementEnabler","Aspiration","BaseMod","Better Altar","Better Match","Better Skull","Better Third Choice","Better Vampires","BetterRewards","Challenge The Spire","Conspire","Downfall","Gold Saver","Lobotomy","LobotomyExtend","Minty Spire (QoL Compilation)","Quick Restart","Relic Filter","Replay The Spire","Shop Mod","Spicy Shops","StSLib","óô»ðÖ¸ÄÏ"],"gold_per_floor":[1151,1167,1186,1186,1186,1204,1281,185,9,50,158,8,8,41,60,161,161,161,173,188,199,216,216,216,316,316,343,343,358,358,385,399,496,496,496,519,550,580,605,617,629,641,653,995,3318,3252,3282,3308,3334,3334],"floor_reached":51,"language":"ZHS","playtime":36098,"items_purged":[],"score":1399,"play_id":"a6c0a787-19e0-468f-9bb1-8b5dd800a365","local_time":"20210214000257","is_ascension_mode":true,"campfire_choices":[{"data":"hexamod:ExtraCrispy","floor":26.0,"key":"SMITH"},{"data":"hexamod:Float","floor":28.0,"key":"SMITH"},{"floor":35.0,"key":"DIG"}],"circlet_count":0,"master_deck":["hexamod:Strike+1","hexamod:Strike","hexamod:Strike+1","hexamod:Defend","hexamod:Defend+1","hexamod:Defend","hexamod:Sear+1","hexamod:Float+1","hexamod:SwordOfDarkness+1","hexamod:RadiantFlame","hexamod:ExtraCrispy+1","Master of Strategy+1","Bandage Up+1","hexamod:EtherealExpedition+1","hexamod:PowerFromBeyond+1","expansioncontent:DashGenerateEvil+1","hexamod:PhantomCloak+1","hexamod:GhostOfSpirePast+1","hexamod:GhostShield+1","hexamod:Again+1","hexamod:CatchUp+1","hexamod:NightmareGuise+1","hexamod:GiftsFromTheDead+1","hexamod:UnleashSpirits+1","hexamod:EmpoweredFlame+1","hexamod:ThirdSeal","hexamod:SpectralAdrenaline+1","hexamod:NightmareGuise+1","hexamod:EmpoweredFlame+1","hexamod:InspiringFlames+1","hexamod:ThirdSeal","hexamod:UnleashSpirits+1","hexamod:NecessarySacrifice+1","hexamod:Rewind+1","hexamod:FourthSeal","Slimebound:CheckThePlaybook+1","hexamod:NightmareStrike","hexamod:ParanormalForm+1","hexamod:NightmareStrike+1","hexamod:EmpoweredFlame+1","hexamod:FifthSeal","hexamod:WildfireWeapon+1","hexamod:FirstSeal","hexamod:FourthSeal","hexamod:Hexaguard+1","hexamod:Rewind+1","hexamod:BacktrackSmack+1","hexamod:GhostOfSpirePast+1","Parasite","hexamod:SixthSeal","hexamod:ThirdSeal","Replay:SS_hec_1+1","expansioncontent:InvincibleStrength+1","Replay:SS_fish_1+1","hexamod:SecondSeal","hexamod:UnlimitedPower+1","hexamod:BacktrackSmack+1","ReplayTheSpireMod:IOU","ReplayTheSpireMod:IOU","ReplayTheSpireMod:IOU","ReplayTheSpireMod:IOU","ReplayTheSpireMod:IOU","ReplayTheSpireMod:IOU","ReplayTheSpireMod:IOU","ReplayTheSpireMod:IOU","ReplayTheSpireMod:IOU","ReplayTheSpireMod:IOU","ReplayTheSpireMod:IOU","ReplayTheSpireMod:IOU","ReplayTheSpireMod:IOU","ReplayTheSpireMod:IOU","ReplayTheSpireMod:IOU","ReplayTheSpireMod:IOU","ReplayTheSpireMod:IOU","ReplayTheSpireMod:IOU","ReplayTheSpireMod:IOU","ReplayTheSpireMod:IOU","ReplayTheSpireMod:IOU","ReplayTheSpireMod:IOU","ReplayTheSpireMod:IOU","ReplayTheSpireMod:IOU","Mayhem+1","hexamod:CatchUp+1","hexamod:GhostLash+1","hexamod:ThirdSeal","hexamod:SecondSeal","hexamod:Rewind+1","hexamod:ExtraCrispy+1","hexamod:GhostOfSpireFuture+1","hexamod:SpectersWail+1","hexamod:VolcanoVisage+1","hexamod:RecurringNightmare+1","hexamod:FirstSeal","hexamod:GhostShield+1","hexamod:NecessarySacrifice+1"],"relics":["hexamod:SpiritBrand","Omamori","Lantern","hexamod:RecyclingMachine","Ancient Tea Set","Replay:Bottled Steam","LetterFromLob","Toxic Egg 2","Frozen Egg 2","Juzu Bracelet","Matryoshka","hexamod:BolsterEngine","aspiration:ChemicalBlood","Mummified Hand","Strange Spoon","Blue Doll","aspiration:PoetsPen_weak","Enchiridion","aspiration:HiddenCompartment","Pear","Replay:Wax Seal","Strawberry","conspire:RunicOctahedron","MawBank","Pen Nib","Molten Egg 2","Prayer Wheel","Oddly Smooth Stone"],"acts_visited":["Exordium","TheCity","TheBeyond"],"potions_floor_usage":[39,45,47,48,48,49,50,50,50],"damage_taken":[{"damage":0.0,"enemies":"conspire:RoseBush","floor":2.0,"turns":2.0},{"damage":0.0,"enemies":"2 Louse","floor":3.0,"turns":2.0},{"damage":0.0,"enemies":"Small Slimes","floor":6.0,"turns":2.0},{"damage":2.0,"enemies":"downfall:FleeingMerchant","floor":9.0,"turns":4.0},{"damage":0.0,"enemies":"Replay:BlueRogue","floor":10.0,"turns":2.0},{"damage":6.0,"enemies":"downfall:Heads","floor":11.0,"turns":5.0},{"damage":0.0,"enemies":"downfall:FleeingMerchant","floor":12.0,"turns":4.0},{"damage":0.0,"enemies":"Lagavulin","floor":14.0,"turns":3.0},{"damage":0.0,"enemies":"conspire:2 RoseBushes","floor":15.0,"turns":3.0},{"damage":0.0,"enemies":"SI_SHIV_ARCHETYPE","floor":16.0,"turns":5.0},{"damage":0.0,"enemies":"Shell Parasite","floor":19.0,"turns":3.0},{"damage":6.0,"enemies":"Sentry and Sphere","floor":20.0,"turns":3.0},{"damage":1.0,"enemies":"Centurion and Healer","floor":21.0,"turns":3.0},{"damage":13.0,"enemies":"Cultist and Chosen","floor":22.0,"turns":5.0},{"damage":0.0,"enemies":"conspire:MimicChest","floor":27.0,"turns":4.0},{"damage":17.0,"enemies":"Snecko","floor":29.0,"turns":5.0},{"damage":1.0,"enemies":"Gremlin Leader","floor":31.0,"turns":4.0},{"damage":18.0,"enemies":"Shelled Parasite and Fungi","floor":32.0,"turns":3.0},{"damage":0.0,"enemies":"IC_MUSHROOM_ARCHETYPE","floor":33.0,"turns":4.0},{"damage":0.0,"enemies":"Orb Walker","floor":36.0,"turns":2.0},{"damage":0.0,"enemies":"3 Darklings","floor":37.0,"turns":4.0},{"damage":0,"enemies":"Sphere and 2 Shapes","floor":38,"turns":3},{"damage":0,"enemies":"Writhing Mass","floor":39,"turns":3},{"damage":0,"enemies":"downfall:FleeingMerchant","floor":44,"turns":3},{"damage":0,"enemies":"R_Hoarder","floor":46,"turns":7},{"damage":18,"enemies":"3 Darklings","floor":47,"turns":9},{"damage":44,"enemies":"Reptomancer","floor":48,"turns":4},{"damage":0,"enemies":"Spire Growth","floor":49,"turns":2},{"damage":20,"enemies":"WA_ARCHETYPE_DIVINITY","floor":50,"turns":4}],"seed_played":"4498297304679420457","potions_obtained":[{"floor":2.0,"key":"Energy Potion"},{"floor":6.0,"key":"SpeedPotion"},{"floor":11.0,"key":"AttackPotion"},{"floor":16.0,"key":"bronze:BurnAndBuffPotion"},{"floor":19.0,"key":"Elixir"},{"floor":29.0,"key":"Elixir"},{"floor":31.0,"key":"Toxic Potion"},{"floor":33.0,"key":"Fire Potion"},{"floor":37.0,"key":"LiquidMemories"},{"floor":39,"key":"Dexterity Potion"},{"floor":44,"key":"ColorlessPotion"},{"floor":44,"key":"Fruit Juice"},{"floor":46,"key":"Flashbang"},{"floor":48,"key":"FearPotion"},{"floor":48,"key":"Adrenaline Potion"},{"floor":49,"key":"LiquidMemories"}],"is_trial":false,"path_per_floor":["R","M","M","?","?","M","T","R","$","E","?","$","?","E","M","B",null,"R","M","M","M","M","?","T","?","R","?","R","M","?","E","M","B",null,"R","M","M","M","M","R","T","?","?","?","$","E","M","E","M","B",null],"character_chosen":"THE_SPIRIT","items_purchased":["Omamori","hexamod:SwordOfDarkness","Lantern","hexamod:RecyclingMachine","Ancient Tea Set","Replay:Bottled Steam","Juzu Bracelet","Matryoshka","Master of Strategy+1","Bandage Up+1","hexamod:BolsterEngine","aspiration:ChemicalBlood","hexamod:SecondSeal","hexamod:EtherealExpedition+1","expansioncontent:DashGenerateEvil+1","Strange Spoon","Mayhem+1"],"campfire_rested":0,"item_purchase_floors":[1,1,1,1,1,1,8,8,8,8,8,8,8,8,9,12,45],"current_hp_per_floor":[77,77,77,77,77,77,77,77,77,77,71,77,77,77,77,77,77,61,67,67,72,64,64,74,74,74,80,80,69,39,61,43,49,94,94,94,94,94,94,94,94,94,84,94,99,99,94,63,63,49],"gold":3334,"neow_bonus":"TEN_PERCENT_HP_BONUS","is_daily":false,"chose_seed":false,"campfire_upgraded":2,"win_rate":0.0,"timestamp":1613232177,"path_taken":["R","M","M","?","?","M","T","R","$","E","?","$","?","E","M","BOSS","R","M","M","M","M","?","T","?","R","?","R","M","?","E","M","BOSS","R","M","M","M","M","R","T","?","?","?","$","E","M","E","M","BOSS"],"items_purchased_type":["Relic","Card","Card","Relic","Relic","Relic","Relic","Relic","Card","Card","Relic","Relic","Card","Card","Card","Relic","Card"],"build_version":"2020-12-22","purchased_purges":0,"victory":true,"max_hp_per_floor":[77,77,77,77,77,77,77,77,77,77,77,77,77,77,77,77,77,77,77,77,77,77,77,87,87,87,87,87,87,87,94,94,94,94,94,94,94,94,94,94,94,94,94,94,99,99,99,99,99,99],"card_choices":[{"not_picked":["hexamod:GhostLash","hexamod:HeatCrush"],"picked":"hexamod:RadiantFlame","floor":3.0},{"not_picked":["hexamod:SpectersWail","hexamod:NightmareStrike"],"picked":"hexamod:ExtraCrispy","floor":6.0},{"not_picked":["hexamod:ChargedBarrage+1","hexamod:StepThrough"],"picked":"hexamod:PowerFromBeyond+1","floor":9.0},{"not_picked":["hexamod:FlamesFromBeyond+1","hexamod:BurningTouch+1"],"picked":"hexamod:PhantomCloak+1","floor":10.0},{"not_picked":["hexamod:Again+1","hexamod:Firestarter"],"picked":"hexamod:GhostShield+1","floor":11.0},{"not_picked":["hexamod:HauntingEcho","hexamod:SpectralAdrenaline+1"],"picked":"hexamod:Again+1","floor":12.0},{"not_picked":["hexamod:DynamicBlow","hexamod:ThermalTransfer"],"picked":"hexamod:NightmareGuise+1","floor":14.0},{"not_picked":["hexamod:StepThrough","hexamod:PhantomCloak+1"],"picked":"hexamod:GiftsFromTheDead+1","floor":15.0},{"not_picked":["hexamod:FlameSwitch+1","hexamod:Toasty"],"picked":"hexamod:UnleashSpirits","floor":16.0},{"not_picked":["hexamod:FlamesFromBeyond+1","hexamod:BurningTouch+1"],"picked":"hexamod:EmpoweredFlame+1","floor":19.0},{"not_picked":["hexamod:ShieldOfDarkness+1","hexamod:ThermalTransfer+1"],"picked":"hexamod:ThirdSeal","floor":20.0},{"not_picked":["hexamod:GhostLash","hexamod:SuperheatedStrike"],"picked":"hexamod:SpectralAdrenaline+1","floor":21.0},{"not_picked":["hexamod:ExtraCrispy+1","hexamod:Firestarter"],"picked":"hexamod:NightmareGuise+1","floor":21.0},{"not_picked":["hexamod:FlamesFromBeyond+1","hexamod:SoulSteal+1"],"picked":"hexamod:EmpoweredFlame+1","floor":22.0},{"not_picked":["hexamod:AdvancingGuard+1","hexamod:SuperheatedStrike"],"picked":"hexamod:InspiringFlames+1","floor":22.0},{"not_picked":["hexamod:GhostLash","hexamod:ChargedBarrage+1"],"picked":"hexamod:ThirdSeal","floor":27.0},{"not_picked":["hexamod:Incineration","hexamod:HeatShield+1"],"picked":"hexamod:UnleashSpirits","floor":27.0},{"not_picked":["hexamod:RetreatToShadows+1","hexamod:GhostShield+1"],"picked":"hexamod:NecessarySacrifice+1","floor":29.0},{"not_picked":["hexamod:FlamesFromBeyond+1","hexamod:AdvancingGuard+1"],"picked":"hexamod:Rewind+1","floor":29.0},{"not_picked":["hexamod:ThirdSeal","hexamod:Firestarter+1"],"picked":"hexamod:FourthSeal","floor":29.0},{"not_picked":["hexamod:GhostflameBarrier+1","hexamod:SuperheatedStrike"],"picked":"hexamod:NightmareStrike","floor":31.0},{"not_picked":["hexamod:ThermalTransfer","hexamod:EtherealExpedition+1"],"picked":"hexamod:ParanormalForm+1","floor":31.0},{"not_picked":["hexamod:HauntingEcho","hexamod:ThermalTransfer+1"],"picked":"hexamod:NightmareStrike","floor":32.0},{"not_picked":["hexamod:RadiantFlame+1","hexamod:DynamicBlow"],"picked":"hexamod:EmpoweredFlame+1","floor":32.0},{"not_picked":["hexamod:ApocalypseNow+1","hexamod:WildfireWeapon+1"],"picked":"hexamod:FifthSeal","floor":33.0},{"not_picked":["hexamod:GhostOfSpirePresent+1","hexamod:VolcanoVisage+1"],"picked":"hexamod:WildfireWeapon+1","floor":33.0},{"not_picked":["hexamod:FastForward+1","hexamod:Firestarter+1"],"picked":"hexamod:FirstSeal","floor":36.0},{"not_picked":["hexamod:HeatCrush+1","hexamod:RainOfEmbers+1"],"picked":"hexamod:FourthSeal","floor":36.0},{"not_picked":["hexamod:BurningTouch+1","hexamod:NightmareStrike+1"],"picked":"hexamod:Hexaguard+1","floor":37.0},{"not_picked":["hexamod:ShieldOfDarkness+1","hexamod:SwordOfDarkness","hexamod:HeatMetal"],"picked":"SKIP","floor":37.0},{"not_picked":["hexamod:SpectralSpark+1","hexamod:SuperheatedStrike+1","hexamod:BurningTouch+1"],"picked":"SKIP","floor":37.0},{"not_picked":["hexamod:RadiantFlame+1","hexamod:FlamesFromBeyond+1"],"picked":"hexamod:Rewind+1","floor":38},{"not_picked":["hexamod:SpectralSpark+1","hexamod:NecessarySacrifice+1"],"picked":"hexamod:BacktrackSmack","floor":38},{"not_picked":["hexamod:FirstSeal","hexamod:FlamesFromBeyond+1"],"picked":"hexamod:GhostOfSpirePast+1","floor":38},{"not_picked":["hexamod:FourthSeal","hexamod:SecondSeal"],"picked":"hexamod:SixthSeal","floor":39},{"not_picked":["hexamod:SkipABeat+1","hexamod:InspiringFlames+1"],"picked":"hexamod:ThirdSeal","floor":39},{"not_picked":["hexamod:ParanormalForm+1","hexamod:InspiringFlames+1","hexamod:HauntingEcho"],"picked":"SKIP","floor":39},{"not_picked":["Replay:SS_fish_1","expansioncontent:PrepareCrush"],"picked":"Replay:SS_hec_1","floor":43},{"not_picked":["Replay:SS_fish_1","expansioncontent:YouAreMine"],"picked":"expansioncontent:InvincibleStrength","floor":43},{"not_picked":["expansioncontent:InvincibleStrength","expansioncontent:GuardianWhirl"],"picked":"Replay:SS_fish_1","floor":43},{"not_picked":["hexamod:ThirdSeal","hexamod:SixthSeal"],"picked":"hexamod:SecondSeal","floor":44},{"not_picked":["hexamod:ThermalTransfer+1","hexamod:NightmareStrike+1"],"picked":"hexamod:UnlimitedPower+1","floor":44},{"not_picked":["hexamod:GhostLash+1","hexamod:ShieldOfDarkness+1"],"picked":"hexamod:BacktrackSmack+1","floor":44},{"not_picked":["hexamod:AdvancingGuard+1","hexamod:Incineration+1","hexamod:InspiringFlames+1"],"picked":"SKIP","floor":44},{"not_picked":["hexamod:SkipABeat+1","hexamod:ChargedBarrage+1"],"picked":"hexamod:CatchUp+1","floor":46},{"not_picked":["hexamod:InspiringFlames+1","hexamod:ThermalTransfer+1"],"picked":"hexamod:GhostLash+1","floor":46},{"not_picked":["hexamod:SpectralAdrenaline+1","hexamod:BurningTouch+1"],"picked":"hexamod:ThirdSeal","floor":46},{"not_picked":["hexamod:FirstSeal","hexamod:ThirdSeal"],"picked":"hexamod:SecondSeal","floor":46},{"not_picked":["hexamod:HeatCrush+1","hexamod:Incineration+1","hexamod:SuperheatedStrike+1"],"picked":"SKIP","floor":46},{"not_picked":["hexamod:Incineration+1","hexamod:ThirdSeal"],"picked":"hexamod:Rewind+1","floor":47},{"not_picked":["hexamod:SkipABeat+1","hexamod:GhostLash+1"],"picked":"hexamod:ExtraCrispy+1","floor":47},{"not_picked":["hexamod:GhostflameBarrier+1","hexamod:InspiringFlames+1"],"picked":"hexamod:GhostOfSpireFuture+1","floor":47},{"not_picked":["hexamod:SuperheatedStrike+1","hexamod:GhostShield+1"],"picked":"hexamod:SpectersWail+1","floor":47},{"not_picked":["hexamod:SwordOfDarkness+1","hexamod:BurningTouch+1","hexamod:SkipABeat+1"],"picked":"SKIP","floor":47},{"not_picked":["hexamod:FirstSeal","hexamod:FlamesFromBeyond+1"],"picked":"hexamod:VolcanoVisage+1","floor":48},{"not_picked":["hexamod:InspiringFlames+1","hexamod:HeatMetal+1"],"picked":"hexamod:RecurringNightmare+1","floor":48},{"not_picked":["hexamod:SixthSeal","hexamod:ThirdSeal"],"picked":"hexamod:FirstSeal","floor":48},{"not_picked":["hexamod:RadiantFlame+1","hexamod:SpectralSpark+1"],"picked":"hexamod:GhostShield+1","floor":48},{"not_picked":["hexamod:SpectralAdrenaline+1","hexamod:NightmareStrike+1","hexamod:PowerFromBeyond+1"],"picked":"SKIP","floor":48},{"not_picked":["hexamod:NightmareGuise+1","hexamod:ExtraCrispy+1","hexamod:SwordOfDarkness+1"],"picked":"SKIP","floor":48},{"not_picked":["hexamod:SuperheatedStrike+1","hexamod:GhostLash+1"],"picked":"hexamod:NecessarySacrifice+1","floor":49},{"not_picked":["hexamod:HeatShield+1","hexamod:Firestarter+1","hexamod:ChargedBarrage+1"],"picked":"SKIP","floor":49},{"not_picked":["hexamod:RainOfEmbers+1","hexamod:ChargedBarrage+1","hexamod:FlamesFromBeyond+1"],"picked":"SKIP","floor":49}],"player_experience":673175,"relics_obtained":[{"floor":2.0,"key":"LetterFromLob"},{"floor":7.0,"key":"Frozen Egg 2"},{"floor":10.0,"key":"Mummified Hand"},{"floor":14.0,"key":"Blue Doll"},{"floor":18.0,"key":"Enchiridion"},{"floor":24.0,"key":"aspiration:HiddenCompartment"},{"floor":24.0,"key":"Pear"},{"floor":27.0,"key":"Replay:Wax Seal"},{"floor":31.0,"key":"Strawberry"},{"floor":35.0,"key":"MawBank"},{"floor":41,"key":"Pen Nib"},{"floor":41,"key":"Molten Egg 2"},{"floor":46,"key":"Prayer Wheel"},{"floor":48,"key":"Oddly Smooth Stone"}],"event_choices":[{"damage_healed":0.0,"max_hp_gain":0.0,"max_hp_loss":0.0,"gold_gain":0.0,"event_name":"Big Fish","player_choice":"Box","floor":4.0,"gold_loss":0.0,"damage_taken":0.0,"relics_obtained":["Toxic Egg 2"],"cards_obtained":["Regret"]}],"is_beta":false,"boss_relics":[{"not_picked":["Honey Jar","Ectoplasm"],"picked":"aspiration:PoetsPen_weak"},{"not_picked":["Replay:Bronze Core","Tiny House"],"picked":"conspire:RunicOctahedron"}],"items_purged_floors":[],"is_endless":false,"potions_floor_spawned":[2,6,11,16,20,22,27,31,38,39,48,49],"ascension_level":3}}