{"host":"f9ntswufr8mq3t4y","time":1613216226,"event":{"mods":["AchievementEnabler","BaseMod","Best Route Mod","Block Reminder","Colored Map","Colored Powertips","Curses Come First","DeckTracker","Displayed Cursed Tome","Highlight Path","Minty Spire (QoL Compilation)","Permanent Neow","Quick Restart","Slay-I","StSLib"],"gold_per_floor":[13,13,27,41,41,41,75,75,75,75,89,89,89,89,89,187,187,199,47,47,58,68,98,98,98,98],"floor_reached":25,"language":"ENG","playtime":1295,"items_purged":[],"score":285,"play_id":"72d90851-6499-4087-9e3a-068197025278","local_time":"20210213143706","is_ascension_mode":true,"campfire_choices":[{"data":"Metamorphosis","floor":6,"key":"SMITH"},{"data":"Metallicize","floor":10,"key":"SMITH"},{"data":"Inflame","floor":12,"key":"SMITH"},{"data":"Cleave","floor":15,"key":"SMITH"},{"floor":24,"key":"REST"}],"circlet_count":0,"master_deck":["Strike_R","Strike_R","Strike_R","Strike_R","Defend_R","Defend_R","Defend_R","Defend_R","Bash+1","Metamorphosis+1","Metallicize+1","Inflame+1","Cleave+1","Brutality","Trip","Bash","Infernal Blade+1","Feed"],"relics":["Burning Blood","Pantograph","Omamori","Red Skull","Runic Pyramid","HandDrill","Ancient Tea Set"],"acts_visited":["Exordium","TheCity"],"potions_floor_usage":[21,23,23],"damage_taken":[{"damage":7,"enemies":"Jaw Worm","floor":1,"turns":3},{"damage":7,"enemies":"2 Louse","floor":3,"turns":2},{"damage":9,"enemies":"Small Slimes","floor":4,"turns":3},{"damage":19,"enemies":"3 Sentries","floor":7,"turns":7},{"damage":13,"enemies":"2 Fungi Beasts","floor":11,"turns":5},{"damage":39,"enemies":"The Guardian","floor":16,"turns":5},{"damage":7,"enemies":"Chosen","floor":18,"turns":4},{"damage":13,"enemies":"Spheric Guardian","floor":21,"turns":3},{"damage":10,"enemies":"Cultist and Chosen","floor":22,"turns":5},{"damage":47,"enemies":"Slavers","floor":23,"turns":4},{"damage":43,"enemies":"Snecko","floor":25,"turns":6}],"seed_played":"8845680666677404351","potions_obtained":[{"floor":11,"key":"Block Potion"},{"floor":16,"key":"GamblersBrew"},{"floor":18,"key":"Block Potion"},{"floor":23,"key":"Regen Potion"}],"is_trial":false,"path_per_floor":["M","$","M","M","?","R","E","?","T","R","M","R","?","?","R","B",null,"M","$","?","M","M","E","R","M"],"character_chosen":"IRONCLAD","items_purchased":["HandDrill"],"campfire_rested":1,"item_purchase_floors":[19],"current_hp_per_floor":[71,71,70,67,64,64,51,56,56,56,49,49,49,42,42,34,72,71,71,71,64,60,19,44,1,1],"gold":98,"neow_bonus":"RANDOM_COLORLESS_2","is_daily":false,"chose_seed":false,"campfire_upgraded":4,"win_rate":0.0,"timestamp":1613216226,"path_taken":["M","$","M","M","?","R","E","?","T","R","M","R","?","?","R","BOSS","M","$","?","M","M","E","R","?"],"items_purchased_type":["Relic"],"build_version":"2020-12-22","purchased_purges":0,"victory":false,"max_hp_per_floor":[80,80,80,80,80,80,80,85,85,85,85,85,85,85,85,85,85,85,85,85,85,85,85,85,85,85],"card_choices":[{"not_picked":["Sadistic Nature","Master of Strategy"],"picked":"Metamorphosis","floor":0},{"not_picked":["Clothesline","Warcry","Perfected Strike"],"picked":"SKIP","floor":1},{"not_picked":["Carnage","True Grit"],"picked":"Metallicize","floor":3},{"not_picked":["Flex","Dropkick"],"picked":"Inflame","floor":4},{"not_picked":["Headbutt","True Grit","Perfected Strike"],"picked":"SKIP","floor":7},{"not_picked":["Spot Weakness","Wild Strike"],"picked":"Cleave","floor":11},{"not_picked":["Fiend Fire","Corruption"],"picked":"Brutality","floor":16},{"not_picked":["Thunderclap","Armaments","Feel No Pain"],"picked":"SKIP","floor":18},{"not_picked":["Wild Strike","Pommel Strike"],"picked":"Infernal Blade+1","floor":21},{"not_picked":["Reckless Charge+1","Perfected Strike+1","Wild Strike"],"picked":"SKIP","floor":22},{"not_picked":["Pommel Strike","Flex+1"],"picked":"Feed","floor":23}],"player_experience":428867,"relics_obtained":[{"floor":7,"key":"Omamori"},{"floor":9,"key":"Red Skull"},{"floor":23,"key":"Ancient Tea Set"}],"event_choices":[{"damage_healed":0,"gold_gain":0,"player_choice":"Success","damage_taken":3,"relics_obtained":["Pantograph"],"max_hp_gain":0,"max_hp_loss":0,"event_name":"Scrap Ooze","floor":5,"gold_loss":0},{"damage_healed":0,"gold_gain":0,"player_choice":"Donut","damage_taken":0,"max_hp_gain":5,"max_hp_loss":0,"event_name":"Big Fish","floor":8,"gold_loss":0},{"damage_healed":0,"gold_gain":0,"player_choice":"Grow","damage_taken":0,"max_hp_gain":0,"max_hp_loss":0,"event_name":"Living Wall","floor":13,"gold_loss":0,"cards_upgraded":["Bash"]},{"cards_removed":["Strike_R"],"damage_healed":0,"gold_gain":0,"player_choice":"Card Removal","damage_taken":7,"max_hp_gain":0,"max_hp_loss":0,"event_name":"Golden Wing","floor":14,"gold_loss":0},{"damage_healed":0,"gold_gain":0,"player_choice":"3 cards matched","damage_taken":0,"max_hp_gain":0,"max_hp_loss":0,"event_name":"Match and Keep!","floor":20,"gold_loss":0,"cards_obtained":["Trip","Decay","Bash"]}],"is_beta":false,"boss_relics":[{"not_picked":["Astrolabe","Cursed Key"],"picked":"Runic Pyramid"}],"items_purged_floors":[],"is_endless":false,"potions_floor_spawned":[11,16,18,23],"killed_by":"Snecko","ascension_level":6}}