{"host":"3jpcvpprzj9sjffh","time":1613216173,"event":{"mods":["AchievementEnabler","BaseMod","Colored Map","Minty Spire (QoL Compilation)","Rare Cards Sparkle","SuperFastMode","everything is the same but u backflip on backflip"],"gold_per_floor":[118,28,38,49,62,137,137,163,189,189,207,219,219,236,236,332,332,342,342,353,353,95,115,43,59,59,59,158,190,190,205,205,205,205],"floor_reached":33,"language":"KOR","playtime":7720,"items_purged":["Writhe"],"score":269,"play_id":"35a0e23b-fae7-4af3-bb67-3850b3944cc2","local_time":"20210213203613","is_ascension_mode":false,"campfire_choices":[{"floor":7.0,"key":"REST"},{"floor":15.0,"key":"REST"},{"floor":27.0,"key":"RECALL"},{"data":"Evolve","floor":30.0,"key":"SMITH"},{"data":"Fiend Fire","floor":32.0,"key":"SMITH"}],"circlet_count":0,"master_deck":["Strike_R","Strike_R","Strike_R","Strike_R","Strike_R","Defend_R","Defend_R","Bash","Pommel Strike","Rupture","Heavy Blade","Flame Barrier","Dual Wield","Evolve+1","Ghostly Armor","Battle Trance","Wild Strike","Fiend Fire+1","Immolate","CurseOfTheBell","Carnage+1","Metallicize+1","Cleave","Twin Strike+1"],"relics":["Burning Blood","Bag of Marbles","Red Skull","Strawberry","Calling Bell","Orichalcum","Eternal Feather","Champion Belt","Vajra","Membership Card","Blood Vial","TheAbacus","Molten Egg 2","Bronze Scales"],"acts_visited":["Exordium","TheCity"],"potions_floor_usage":[33,33],"damage_taken":[{"damage":1.0,"enemies":"Jaw Worm","floor":1.0,"turns":3.0},{"damage":8.0,"enemies":"2 Louse","floor":3.0,"turns":2.0},{"damage":0.0,"enemies":"Small Slimes","floor":4.0,"turns":3.0},{"damage":36.0,"enemies":"Exordium Thugs","floor":5.0,"turns":7.0},{"damage":53.0,"enemies":"Lagavulin","floor":8.0,"turns":8.0},{"damage":1.0,"enemies":"3 Louse","floor":11.0,"turns":4.0},{"damage":0.0,"enemies":"Looter","floor":12.0,"turns":2.0},{"damage":8.0,"enemies":"Large Slime","floor":14.0,"turns":5.0},{"damage":44.0,"enemies":"Slime Boss","floor":16.0,"turns":14.0},{"damage":28.0,"enemies":"Spheric Guardian","floor":18.0,"turns":6.0},{"damage":21.0,"enemies":"Shell Parasite","floor":20.0,"turns":5.0},{"damage":17.0,"enemies":"Snake Plant","floor":23.0,"turns":5.0},{"damage":10.0,"enemies":"Centurion and Healer","floor":25.0,"turns":6.0},{"damage":11.0,"enemies":"Gremlin Leader","floor":29.0,"turns":10.0},{"damage":11.0,"enemies":"Shelled Parasite and Fungi","floor":31.0,"turns":4.0},{"damage":87,"enemies":"Collector","floor":33,"turns":8}],"seed_played":"-5115179197225562428","potions_obtained":[{"floor":1.0,"key":"ElixirPotion"},{"floor":8.0,"key":"Regen Potion"},{"floor":12.0,"key":"LiquidBronze"},{"floor":14.0,"key":"LiquidMemories"},{"floor":16.0,"key":"Swift Potion"},{"floor":20.0,"key":"DuplicationPotion"},{"floor":29.0,"key":"GamblersBrew"},{"floor":31.0,"key":"SkillPotion"}],"is_trial":false,"path_per_floor":["M","$","M","M","M","?","R","E","T","?","M","M","?","M","R","B",null,"M","?","M","?","$","M","$","M","T","R","?","E","R","M","R","B"],"character_chosen":"IRONCLAD","items_purchased":["Rupture","Heavy Blade","Membership Card","Blood Vial","TheAbacus"],"campfire_rested":2,"item_purchase_floors":[2,2,22,22,24],"current_hp_per_floor":[80,80,78,80,50,39,63,16,23,23,28,34,34,46,72,34,87,65,65,50,79,79,70,70,68,68,80,80,77,87,82,87,0,0],"gold":205,"neow_bonus":"RANDOM_COMMON_RELIC","is_daily":false,"chose_seed":false,"campfire_upgraded":2,"win_rate":0.0,"timestamp":1613216173,"path_taken":["M","$","M","M","M","?","R","E","T","?","M","M","?","?","R","BOSS","M","?","M","?","$","M","$","M","T","R","?","E","R","M","R","BOSS"],"items_purchased_type":["Card","Card","Relic","Relic","Relic"],"build_version":"2020-12-22","purchased_purges":1,"victory":false,"max_hp_per_floor":[80,80,80,80,80,80,80,80,87,87,87,87,87,87,87,87,87,87,87,87,87,87,87,87,87,87,87,87,87,87,87,87,87,87],"card_choices":[{"not_picked":["Disarm","True Grit"],"picked":"Pommel Strike","floor":1.0},{"not_picked":["Infernal Blade","Twin Strike"],"picked":"Flame Barrier","floor":3.0},{"not_picked":["Reckless Charge","Iron Wave"],"picked":"Dual Wield","floor":4.0},{"not_picked":["Perfected Strike","Havoc"],"picked":"Evolve","floor":5.0},{"not_picked":["Clothesline","Carnage"],"picked":"Ghostly Armor","floor":8.0},{"not_picked":["Spot Weakness","Clash"],"picked":"Battle Trance","floor":11.0},{"not_picked":["Reckless Charge","Infernal Blade"],"picked":"Wild Strike","floor":12.0},{"not_picked":["Warcry","Power Through"],"picked":"Fiend Fire","floor":14.0},{"not_picked":["Exhume","Offering"],"picked":"Immolate","floor":16.0},{"not_picked":["Cleave+1","Thunderclap"],"picked":"Carnage+1","floor":18.0},{"not_picked":["Pommel Strike+1","Rampage"],"picked":"Metallicize+1","floor":20.0},{"not_picked":["Thunderclap","Anger"],"picked":"Cleave","floor":23.0},{"not_picked":["Body Slam","Shrug It Off","Pommel Strike"],"picked":"SKIP","floor":25.0},{"not_picked":["Warcry","Inflame"],"picked":"Twin Strike+1","floor":29.0},{"not_picked":["Iron Wave+1","Flex","Cleave+1"],"picked":"SKIP","floor":31.0}],"player_experience":318361,"relics_obtained":[{"floor":8.0,"key":"Red Skull"},{"floor":9.0,"key":"Strawberry"},{"floor":17.0,"key":"Orichalcum"},{"floor":17.0,"key":"Eternal Feather"},{"floor":17.0,"key":"Champion Belt"},{"floor":26.0,"key":"Molten Egg 2"},{"floor":29.0,"key":"Bronze Scales"}],"event_choices":[{"damage_healed":0.0,"max_hp_gain":0.0,"max_hp_loss":0.0,"gold_gain":75.0,"event_name":"World of Goop","player_choice":"Gather Gold","floor":6.0,"gold_loss":0.0,"damage_taken":11.0},{"cards_removed":["Defend_R"],"damage_healed":0.0,"max_hp_gain":0.0,"max_hp_loss":0.0,"gold_gain":0.0,"event_name":"Living Wall","player_choice":"Forget","floor":10.0,"gold_loss":0.0,"damage_taken":0.0},{"cards_removed":["Defend_R"],"damage_healed":0.0,"max_hp_gain":0.0,"max_hp_loss":0.0,"gold_gain":0.0,"event_name":"Wheel of Change","player_choice":"Card Removal","floor":13.0,"gold_loss":0.0,"damage_taken":0.0},{"damage_healed":0.0,"max_hp_gain":0.0,"max_hp_loss":0.0,"gold_gain":0.0,"event_name":"The Mausoleum","player_choice":"Opened","floor":19.0,"gold_loss":0.0,"damage_taken":0.0,"relics_obtained":["Vajra"],"cards_obtained":["Writhe"]},{"damage_healed":29.0,"max_hp_gain":0.0,"max_hp_loss":0.0,"gold_gain":0.0,"event_name":"The Library","player_choice":"Heal","floor":21.0,"gold_loss":0.0,"damage_taken":0.0},{"damage_healed":0.0,"max_hp_gain":0.0,"max_hp_loss":0.0,"gold_gain":99.0,"event_name":"Nest","player_choice":"Stole From Cult","floor":28.0,"gold_loss":0.0,"damage_taken":0.0}],"is_beta":false,"boss_relics":[{"not_picked":["SacredBark","Sozu"],"picked":"Calling Bell"}],"items_purged_floors":[22],"is_endless":false,"potions_floor_spawned":[1,8,12,14,16,20,29,31],"killed_by":"Collector","ascension_level":0}}