{"host":"urzvr6030gsf1sd7","time":1613185147,"event":{"mods":["AchievementEnabler","BaseMod","Block Reminder","Colored Powertips","Minty Spire (QoL Compilation)","Permanent Neow","StSLib"],"gold_per_floor":[214,225,244,255,274,274,299,172,172,207,207,207,207,207,207,207,207],"floor_reached":16,"language":"ENG","playtime":1044,"items_purged":["Strike_G"],"score":116,"play_id":"bc5b9162-5605-4088-8768-9d163af6ee88","local_time":"20210212215907","is_ascension_mode":true,"campfire_choices":[{"data":"Neutralize","floor":6,"key":"SMITH"},{"data":"Heel Hook","floor":15,"key":"SMITH"}],"circlet_count":0,"master_deck":["Strike_G","Strike_G","Strike_G","Strike_G","Defend_G","Defend_G","Defend_G","Defend_G","Defend_G","Survivor","Neutralize+1","Poisoned Stab","Heel Hook+1","Dash","Blur","Quick Slash","Dash","Backflip","Footwork"],"relics":["Ring of the Snake","Omamori","Eternal Feather","Art of War","Mummified Hand","Golden Idol"],"acts_visited":["Exordium"],"potions_floor_usage":[16,16],"damage_taken":[{"damage":1,"enemies":"Cultist","floor":1,"turns":4},{"damage":0,"enemies":"Small Slimes","floor":2,"turns":3},{"damage":0,"enemies":"2 Louse","floor":3,"turns":3},{"damage":2,"enemies":"Looter","floor":4,"turns":3},{"damage":7,"enemies":"Lots of Slimes","floor":5,"turns":5},{"damage":19,"enemies":"Gremlin Nob","floor":7,"turns":6},{"damage":9,"enemies":"3 Sentries","floor":10,"turns":8},{"damage":36,"enemies":"Slime Boss","floor":16,"turns":10}],"seed_played":"7200097899975582609","potions_obtained":[{"floor":4,"key":"Energy Potion"},{"floor":7,"key":"DistilledChaos"},{"floor":10,"key":"GamblersBrew"}],"is_trial":false,"path_per_floor":["M","M","M","M","M","R","E","$","T","E","?","?","?","?","R","B"],"character_chosen":"THE_SILENT","items_purchased":["Backflip"],"campfire_rested":0,"item_purchase_floors":[8],"current_hp_per_floor":[69,69,69,67,60,60,41,41,41,32,20,20,3,26,35,0,0],"gold":207,"neow_bonus":"HUNDRED_GOLD","is_daily":false,"chose_seed":false,"campfire_upgraded":2,"win_rate":0.0,"timestamp":1613185147,"path_taken":["M","M","M","M","M","R","E","$","T","E","?","?","?","?","R","BOSS"],"items_purchased_type":["Card"],"build_version":"2020-12-22","purchased_purges":1,"victory":false,"max_hp_per_floor":[70,70,70,70,70,70,70,70,70,70,70,70,70,70,70,70,70],"card_choices":[{"not_picked":["PiercingWail","Deflect"],"picked":"Poisoned Stab","floor":1},{"not_picked":["Concentrate","Infinite Blades"],"picked":"Heel Hook","floor":2},{"not_picked":["Skewer","Underhanded Strike"],"picked":"Dash","floor":3},{"not_picked":["Backstab","Underhanded Strike"],"picked":"Blur","floor":4},{"not_picked":["PiercingWail","Prepared"],"picked":"Quick Slash","floor":5},{"not_picked":["Deflect","Slice"],"picked":"Dash","floor":7},{"not_picked":["Deflect","Flying Knee"],"picked":"Footwork","floor":10}],"player_experience":240420,"relics_obtained":[{"floor":7,"key":"Omamori"},{"floor":9,"key":"Eternal Feather"},{"floor":10,"key":"Art of War"}],"event_choices":[{"damage_healed":0,"gold_gain":0,"player_choice":"Success","damage_taken":12,"relics_obtained":["Mummified Hand"],"max_hp_gain":0,"max_hp_loss":0,"event_name":"Scrap Ooze","floor":11,"gold_loss":0},{"damage_healed":0,"gold_gain":0,"player_choice":"Leave","damage_taken":0,"max_hp_gain":0,"max_hp_loss":0,"event_name":"The Cleric","floor":12,"gold_loss":0},{"damage_healed":0,"gold_gain":0,"player_choice":"Take Damage","damage_taken":17,"relics_obtained":["Golden Idol"],"max_hp_gain":0,"max_hp_loss":0,"event_name":"Golden Idol","floor":13,"gold_loss":0},{"damage_healed":23,"gold_gain":0,"player_choice":"Banana","damage_taken":0,"max_hp_gain":0,"max_hp_loss":0,"event_name":"Big Fish","floor":14,"gold_loss":0}],"is_beta":false,"boss_relics":[],"items_purged_floors":[8],"is_endless":false,"potions_floor_spawned":[4,7,10],"killed_by":"Slime Boss","ascension_level":1}}