{"host":"23qk1co0p3p8qz56","time":1613192569,"event":{"mods":["100% Spire Juice","AchievementEnabler","Act Like it!","Arknights","BaseMod","Better Note","Better Third Choice","BetterRewards","CapriCore","Chen","Colored Map","DNKmod","Downfall","Duelist Mod","Friendly Minions","Gensokyo","Gold Saver","Halation","KinomotoSakuraMod(ñÿîVñ{?)","Koishi","KomeijiMod","LagranYue(ùfäiòNÅEåé)","Lobotomy","LobotomyExtend","Mari Mod (Legacy)","Mari\u0027s V1 Patch","MarisaÅiñ∂âJÅ@ñÇóùçπÅj","Minty Spire (QoL Compilation)","MostiFishMod","Permanent Neow","Prisma Mod","Railgun Mod","ReimuÅiîé??öÎÅj","RemiliaÅiÂQïƒ‰ª?Åj","RumiaBox-òIïƒ?ìIê_îÈ·¥éq","StSLib","The Administrix","The Alterego","The Animator","The Gatherer","The Immortal","The Senshi","Waifu the Spire","WarShipGirlsR/??è≠èóR mod","Yakumo Yukari mod","Yohane!","Yuyuko"],"gold_per_floor":[8616,8630,8646,8673,8685,8710,8710,8710,8710,8710,8566,8582,8619,8619,8619,8719,8719,8734,8494,8494,8507,8517,8517,8517,8517,8517,8122,8142,8158,8158,8174,8174,8271,8271,8291,8049,8049,8049,8083,8111,8121,8147,8172,8182,8182,8182,8182,8196,8196,8196,8196,8196,999,1049,1104,1186,1186,437,524,604,604,356,451,528,528,135,250,250,230],"floor_reached":70,"language":"ENG","playtime":4540,"items_purged":[],"score":1332,"play_id":"fd689287-3807-420e-982b-9ebfd6f39c23","local_time":"20210212220249","is_ascension_mode":false,"campfire_choices":[{"data":"animator:IrohaTamaki","floor":8,"key":"SMITH"},{"data":"animator:MamiTomoe","floor":10,"key":"SMITH"},{"data":"animator:KyokoSakura","floor":15,"key":"SMITH"},{"data":"animator:IrohaTamaki","floor":23,"key":"SMITH"},{"data":"animator:KyokoSakura","floor":25,"key":"SMITH"},{"floor":30,"key":"RECALL"},{"data":"animator:YuiTsuruno","floor":32,"key":"SMITH"},{"data":"animator:SuzuneAmano","floor":45,"key":"SMITH"},{"data":"animator:Albedo","floor":47,"key":"SMITH"},{"data":"animator:FeridBathory","floor":49,"key":"SMITH"},{"data":"animator:Gilgamesh+3","floor":52,"key":"SMITH"},{"floor":68,"key":"REST"}],"circlet_count":0,"master_deck":["animator:IrohaTamaki+1","animator:YuiTsuruno+1","animator:ChaikaTrabant+1","animator:YuiTsuruno+1","animator:MamiTomoe+1","animator:KyokoSakura+1","animator:IrohaTamaki+1","animator:NagisaMomoe+1","animator:KyokoSakura+1","animator:YuiTsuruno+1","animator:Kyubey+1","animator:HigakiRinne+1","animator:MadokaKaname+1","animator:Kyubey+1","animator:HigakiRinne+1","animator:Saber+1","animator:Albedo+1","animator:FeridBathory+1","animator:Ainz+1","animator:Shizu+1","animator:SuzuneAmano+1","animator:SayakaMiki+1","animator:YuiTsuruno+1","animator:DolaRiku+1","animator:Laby+1","animator:TukaLunaMarceau+1","animator:YachiyoNanami+1","animator:Priestess+1"],"relics":["animator:TheWolleyCore","animator:AncientMedallion"],"acts_visited":["Exordium","TheCity","TheBeyond","TheEnding","EYB:TheUnnamedReign"],"potions_floor_usage":[20,42,55,59,67,67,69,69],"damage_taken":[{"damage":0,"enemies":"Jaw Worm","floor":1,"turns":3},{"damage":0,"enemies":"ats:Genji","floor":2,"turns":2},{"damage":0,"enemies":"Cultist","floor":3,"turns":2},{"damage":0,"enemies":"Looter","floor":4,"turns":2},{"damage":0,"enemies":"2 Fungi Beasts","floor":5,"turns":2},{"damage":0,"enemies":"Lagavulin","floor":6,"turns":3},{"damage":0,"enemies":"Exordium Thugs","floor":12,"turns":2},{"damage":0,"enemies":"Gremlin Nob","floor":13,"turns":2},{"damage":0,"enemies":"Slime Boss","floor":16,"turns":2},{"damage":0,"enemies":"Shell Parasite","floor":18,"turns":2},{"damage":108,"enemies":"2 Thieves","floor":20,"turns":3},{"damage":0,"enemies":"2 Thieves","floor":21,"turns":2},{"damage":0,"enemies":"Snake Plant","floor":22,"turns":1},{"damage":0,"enemies":"Cultist and Chosen","floor":28,"turns":2},{"damage":0,"enemies":"3 Cultists","floor":29,"turns":2},{"damage":0,"enemies":"Centurion and Healer","floor":31,"turns":3},{"damage":9,"enemies":"Automaton","floor":33,"turns":3},{"damage":0,"enemies":"3 Darklings","floor":35,"turns":2},{"damage":0,"enemies":"Orb Walker","floor":39,"turns":1},{"damage":4,"enemies":"Nemesis","floor":40,"turns":3},{"damage":0,"enemies":"4 Shapes","floor":41,"turns":1},{"damage":0,"enemies":"Reptomancer","floor":42,"turns":2},{"damage":0,"enemies":"Writhing Mass","floor":44,"turns":2},{"damage":0,"enemies":"Jaw Worm Horde","floor":48,"turns":1},{"damage":1,"enemies":"Awakened One","floor":50,"turns":5},{"damage":0,"enemies":"animator:UNNAMED_CULTIST_1","floor":54,"turns":3},{"damage":29,"enemies":"animator:TRIPLE_SHAPES_WEAK","floor":55,"turns":5},{"damage":13,"enemies":"animator:UNNAMED_CULTIST_2","floor":59,"turns":5},{"damage":0,"enemies":"animator:LARGE_WISP","floor":60,"turns":4},{"damage":4,"enemies":"animator:ULTIMATE_CUBE","floor":63,"turns":7},{"damage":12,"enemies":"animator:ULTIMATE_WISP","floor":67,"turns":7}],"seed_played":"8407257442138410630","potions_obtained":[{"floor":1,"key":"BlessingOfTheForge"},{"floor":12,"key":"ColorlessPotion"},{"floor":22,"key":"ZuzhouPotion:ReiMu"},{"floor":31,"key":"GrandPatriotsElixir:ReiMu"},{"floor":33,"key":"Strength Potion"},{"floor":38,"key":"Slimebound:ThreeZeroPotion"},{"floor":38,"key":"bronze:BurnAndBuffPotion"},{"floor":54,"key":"animator:FalseLifePotion"},{"floor":55,"key":"animator:FalseLifePotion"},{"floor":59,"key":"animator:FalseLifePotion"},{"floor":60,"key":"animator:FalseLifePotion"},{"floor":63,"key":"animator:FalseLifePotion"},{"floor":67,"key":"animator:FalseLifePotion"}],"is_trial":false,"path_per_floor":["M","M","M","M","M","E","?","R","T","R","$","M","E","?","R","B",null,"M","$","M","M","M","R","?","R","T","$","M","M","R","M","R","B",null,"M","$","?","?","M","E","M","E","T","M","R","$","R","M","R","B",null,"R","??","M","M","T","?","$","M","M","?","$","E","T","?","$","E","R","B",null],"character_chosen":"THE_ANIMATOR","items_purchased":["Orrery","Tea:ReiMu","Toxic Egg 2","LagranYue:NewUniverseRelic","Bottled Lightning","animator:AncientMedallion","animator:AncientMedallion","animator:AncientMedallion","animator:AncientMedallion","animator:YachiyoNanami","animator:Priestess","animator:AncientMedallion"],"campfire_rested":1,"item_purchase_floors":[11,19,27,27,36,58,58,58,62,66,66,66],"current_hp_per_floor":[500,500,500,500,500,510,510,510,510,510,511,511,511,511,511,511,519,521,521,469,471,473,527,522,527,527,527,530,532,532,534,534,527,536,538,538,472,472,474,470,486,504,504,516,540,540,540,542,542,543,544,544,98,98,69,69,69,69,84,98,98,98,94,94,98,98,86,98,53],"gold":230,"neow_bonus":"ONE_RANDOM_RARE_CARD","is_daily":false,"chose_seed":false,"campfire_upgraded":10,"win_rate":0.0,"timestamp":1613192569,"path_taken":["M","M","M","M","M","E","?","R","T","R","$","M","E","?","R","BOSS","M","$","M","M","?","R","?","R","T","?","M","M","R","M","R","BOSS","M","$","?","?","?","E","M","E","T","M","R","$","R","M","R","BOSS","R","??","M","M","T","?","$","M","M","?","$","E","T","?","$","E","R","BOSS"],"items_purchased_type":["Relic","Relic","Relic","Relic","Relic","Relic","Relic","Relic","Relic","Card","Card","Relic"],"build_version":"2020-12-22","purchased_purges":0,"victory":true,"max_hp_per_floor":[500,500,500,500,500,510,510,510,510,510,511,511,511,511,511,511,519,521,521,523,525,527,527,527,527,527,527,530,532,532,534,534,536,536,538,538,538,538,540,537,534,536,536,540,540,540,540,542,542,544,544,544,98,98,98,98,98,98,98,98,98,98,98,98,98,98,98,98,98],"card_choices":[{"not_picked":["animator:Souei","animator:DolaStephanie"],"picked":"animator:YuiTsuruno","floor":1},{"not_picked":["animator:ChaikaBohdan","animator:Millim","animator:Shinoa","animator:Melzalgald","animator:Kuribayashi"],"picked":"SKIP","floor":2},{"not_picked":["animator:Evileye","animator:Elesis","animator:Yuuichirou","animator:ZankiKiguchi","animator:GuildGirl"],"picked":"SKIP","floor":3},{"not_picked":["animator:SuzuneAmano","animator:NagisaMomoe","animator:OrikoMikuni","animator:IrohaTamaki"],"picked":"animator:MamiTomoe","floor":4},{"not_picked":["animator:Yuuichirou","animator:RoryMercury","animator:Tatsumaki","animator:Ara","animator:Konayuki"],"picked":"SKIP","floor":5},{"not_picked":["animator:Bozes","animator:Eve","animator:HighElfArcher","animator:IzunaHatsuse","animator:Ciel"],"picked":"SKIP","floor":6},{"not_picked":["animator:MaesHughes","animator:Guren","animator:Souei","animator:Gluttony"],"picked":"animator:KyokoSakura","floor":11},{"not_picked":["animator:Rider","animator:Fredrika","animator:CowGirl","animator:MetalKnight"],"picked":"animator:IrohaTamaki","floor":12},{"not_picked":["animator:KyokoSakura","animator:YuiTsuruno","animator:OrikoMikuni","animator:SuzuneAmano"],"picked":"animator:NagisaMomoe","floor":13},{"not_picked":["animator:Archer","animator:Demiurge","animator:RinTohsaka","animator:UneriGinkaku","animator:Verdia"],"picked":"SKIP","floor":18},{"not_picked":["animator:Caster","animator:GazelDwargon","animator:Gluttony+1","animator:Ciel"],"picked":"animator:KyokoSakura","floor":21},{"not_picked":["animator:Entoma","animator:Souei","animator:LizardPriest","animator:Guren"],"picked":"animator:YuiTsuruno","floor":22},{"not_picked":["animator:YachiyoNanami","animator:KyokoSakura","animator:IrohaTamaki","animator:NagisaMomoe+1"],"picked":"animator:Kyubey+1","floor":28},{"not_picked":["animator:Tet+1","animator:Add+1","animator:NarberalGamma+1","animator:CowGirl+1","animator:Tyuule+1"],"picked":"SKIP","floor":29},{"not_picked":["animator:LeleiLaLalena+1","animator:Tyuule+1","animator:Azekura+1","animator:Souei+1","animator:Eve"],"picked":"SKIP","floor":31},{"not_picked":["animator:AcuraAkari+1","animator:Aisha+1","animator:Evileye+1","animator:RoyMustang+1","animator:Scar"],"picked":"SKIP","floor":35},{"not_picked":["animator:OrikoMikuni+1","animator:YuiTsuruno","animator:KyokoSakura","animator:IrohaTamaki"],"picked":"animator:MadokaKaname+1","floor":39},{"not_picked":["animator:Rider+1","animator:Konayuki+1","animator:Aisha+1","animator:Yuuichirou"],"picked":"animator:Kyubey+1","floor":40},{"not_picked":["animator:Demiurge+1","animator:Togame+1","animator:Sonic+1","animator:ElricAlphonse+1","animator:Shinoa+1"],"picked":"SKIP","floor":41},{"not_picked":["animator:Tet+1","animator:Mikaela","animator:Melzalgald","animator:Darkness","animator:Shalltear+1"],"picked":"SKIP","floor":42},{"not_picked":["animator:YuiTsuruno","animator:IrohaTamaki","animator:SayakaMiki+1","animator:OrikoMikuni+1"],"picked":"animator:SuzuneAmano","floor":44},{"not_picked":["animator:Azekura+1","animator:DolaSchwi","animator:Tatsumaki+1","animator:Ara"],"picked":"animator:SayakaMiki+1","floor":48},{"not_picked":["animator:Kuribayashi+1","animator:Jibril","animator:Ain"],"picked":"SKIP","floor":54},{"not_picked":["animator:Mikaela","animator:Rena","animator:Verdia"],"picked":"SKIP","floor":55},{"not_picked":["animator:Shinoa","animator:Entoma"],"picked":"animator:Laby","floor":59},{"not_picked":["animator:Megumin+1","animator:ChaikaBohdan+1","animator:Bozes"],"picked":"SKIP","floor":60},{"not_picked":["animator:ItamiYouji","animator:LeleiLaLalena+1"],"picked":"animator:TukaLunaMarceau+1","floor":63},{"not_picked":["animator:Ara+1","animator:Guren","animator:CrowleyEusford+1"],"picked":"SKIP","floor":67}],"player_experience":194794,"relics_obtained":[{"floor":1,"key":"SynthV:TestCard"},{"floor":1,"key":"LetterFromLob"},{"floor":6,"key":"Pear"},{"floor":9,"key":"Anchor"},{"floor":9,"key":"animator:AlchemistGlove"},{"floor":13,"key":"Gremlin Horn"},{"floor":26,"key":"animator:WornHelmet"},{"floor":40,"key":"HollowDreamFlower"},{"floor":42,"key":"SumBook"},{"floor":43,"key":"Bird Faced Urn"},{"floor":53,"key":"animator:TheWolleyCore"},{"floor":54,"key":"LetterFromLob"},{"floor":55,"key":"LetterFromLob"},{"floor":56,"key":"animator:AncientMedallion"},{"floor":59,"key":"LetterFromLob"},{"floor":60,"key":"LetterFromLob"},{"floor":63,"key":"animator:AncientMedallion"},{"floor":63,"key":"LetterFromLob"},{"floor":64,"key":"animator:AncientMedallion"},{"floor":67,"key":"animator:AncientMedallion"},{"floor":67,"key":"LetterFromLob"}],"event_choices":[{"damage_healed":0,"gold_gain":0,"player_choice":"Upgraded","damage_taken":0,"max_hp_gain":0,"max_hp_loss":0,"event_name":"Upgrade Shrine","floor":14,"gold_loss":0,"cards_upgraded":["animator:NagisaMomoe"]},{"damage_healed":0,"gold_gain":0,"player_choice":"","damage_taken":6,"max_hp_gain":0,"max_hp_loss":0,"event_name":"Knowing Skull","floor":24,"potions_obtained":[],"gold_loss":0,"cards_obtained":[]},{"damage_healed":0,"gold_gain":0,"player_choice":"Embrace Madness","damage_taken":67,"max_hp_gain":0,"max_hp_loss":0,"event_name":"Winding Halls","floor":37,"gold_loss":0,"cards_obtained":["animator:HigakiRinne"]},{"damage_healed":0,"gold_gain":0,"player_choice":"Got Potions","damage_taken":0,"max_hp_gain":0,"max_hp_loss":0,"event_name":"Lab","floor":38,"gold_loss":0}],"is_beta":false,"boss_relics":[{"not_picked":["GreenFoldingFan","halation:PlatinumPhoenix"],"picked":"animator:HolyGrailRelic"},{"not_picked":["JellyFishMachine","bronze:MakeshiftBattery"],"picked":"halation:HeavySnake"}],"items_purged_floors":[],"is_endless":false,"potions_floor_spawned":[1,12,22,31,33,39,40,44,54,55],"ascension_level":0}}