{"host":"nukjzc0ca34w6eem","time":1613198895,"event":{"mods":["2.2 Compatiblity","AchievementEnabler","BaseMod","Colored Powertips","Minty Spire (QoL Compilation)","StSLib","The Animator"],"gold_per_floor":[129,129,148,162,14,61,61,77,77,77,97,59,91,106,106,209,209,221,238,248,298,336,336,336],"floor_reached":23,"language":"ENG","playtime":2482,"items_purged":["animator:Strike"],"score":306,"play_id":"a2384382-ef88-4149-86a2-cf1749df3894","local_time":"20210212224815","is_ascension_mode":true,"campfire_choices":[{"floor":7.0,"key":"REST"},{"data":"animator:Demiurge","floor":15.0,"key":"SMITH"}],"circlet_count":0,"master_deck":["animator:Strike_Overlord","animator:Defend_Overlord","animator:Defend","animator:Defend","animator:Defend","animator:Cocytus","animator:Demiurge+1","animator:Shalltear","animator:ZankiKiguchi","animator:Entoma+6","animator:TukaLunaMarceau","animator:Mikaela","animator:NarberalGamma","animator:Kyubey","animator:Sebas","animator:PandorasActor"],"relics":["animator:LivingPicture","animator:TheMissingPiece","animator:PurgingStone","Membership Card","Bottled Flame","animator:HolyGrailRelic"],"acts_visited":["Exordium","TheCity"],"potions_floor_usage":[],"damage_taken":[{"damage":9.0,"enemies":"Jaw Worm","floor":1.0,"turns":4.0},{"damage":0.0,"enemies":"Cultist","floor":3.0,"turns":4.0},{"damage":3.0,"enemies":"Small Slimes","floor":4.0,"turns":2.0},{"damage":44.0,"enemies":"Lagavulin","floor":6.0,"turns":8.0},{"damage":5.0,"enemies":"2 Fungi Beasts","floor":8.0,"turns":3.0},{"damage":35.0,"enemies":"Gremlin Gang","floor":11.0,"turns":6.0},{"damage":17.0,"enemies":"Large Slime","floor":13.0,"turns":8.0},{"damage":0.0,"enemies":"2 Fungi Beasts","floor":14.0,"turns":3.0},{"damage":38.0,"enemies":"Slime Boss","floor":16.0,"turns":12.0},{"damage":0,"enemies":"3 Byrds","floor":18,"turns":4},{"damage":9,"enemies":"2 Thieves","floor":19,"turns":5},{"damage":27,"enemies":"Snake Plant","floor":20,"turns":4},{"damage":13,"enemies":"Chosen and Byrds","floor":22,"turns":6},{"damage":16,"enemies":"Book of Stabbing","floor":23,"turns":3}],"seed_played":"4387127738751526501","potions_obtained":[{"floor":1.0,"key":"SneckoOil"},{"floor":4.0,"key":"SmokeBomb"},{"floor":6.0,"key":"SkillPotion"},{"floor":11.0,"key":"BlessingOfTheForge"},{"floor":14.0,"key":"FairyPotion"},{"floor":19,"key":"CultistPotion"},{"floor":20,"key":"SpeedPotion"}],"is_trial":false,"path_per_floor":["M","?","M","M","$","E","R","M","T","?","M","$","M","M","R","B",null,"M","M","M","?","M","E"],"character_chosen":"THE_ANIMATOR","items_purchased":["Membership Card"],"campfire_rested":1,"item_purchase_floors":[5],"current_hp_per_floor":[50,50,50,48,48,4,24,21,21,79,46,46,29,31,31,24,78,82,75,51,51,40,24,24],"gold":336,"neow_bonus":"REMOVE_CARD","is_daily":false,"chose_seed":false,"campfire_upgraded":1,"win_rate":0.0,"timestamp":1613198895,"path_taken":["M","?","M","M","$","E","R","?","T","?","M","$","M","M","R","BOSS","M","M","?","?","M","E"],"items_purchased_type":["Relic"],"build_version":"2020-12-22","purchased_purges":1,"victory":false,"max_hp_per_floor":[66,66,66,67,67,67,67,69,69,79,81,81,81,83,83,85,93,97,99,102,102,101,101,101],"card_choices":[{"not_picked":["animator:SuzuneAmano","animator:AcuraAkari"],"picked":"animator:Shalltear","floor":1.0},{"not_picked":["animator:HiiragiShinya","animator:MaesHughes"],"picked":"animator:ZankiKiguchi","floor":3.0},{"not_picked":["animator:TukaLunaMarceau","animator:DolaCouronne"],"picked":"animator:Entoma","floor":4.0},{"not_picked":["animator:PinaCoLada","animator:Tyuule"],"picked":"animator:TukaLunaMarceau","floor":6.0},{"not_picked":["animator:Sloth","animator:Guy","animator:Rena"],"picked":"SKIP","floor":8.0},{"not_picked":["animator:Sloth","animator:Souei"],"picked":"animator:Mikaela","floor":11.0},{"not_picked":["animator:Raven","animator:Rena"],"picked":"animator:NarberalGamma","floor":13.0},{"not_picked":["animator:Shiro","animator:Envy"],"picked":"animator:Kyubey","floor":16.0},{"not_picked":["animator:YaoHaDucy","animator:Viivi","animator:UneriGinkaku"],"picked":"SKIP","floor":18},{"not_picked":["animator:TsurugaMeisai","animator:MumenRider","animator:KyokoSakura"],"picked":"SKIP","floor":19},{"not_picked":["animator:Hitei","animator:Mikaela+1"],"picked":"animator:Sebas","floor":20},{"not_picked":["animator:Sebas","animator:Demiurge"],"picked":"animator:PandorasActor","floor":22}],"player_experience":332384,"relics_obtained":[{"floor":6.0,"key":"Bottled Flame"}],"event_choices":[{"damage_healed":0.0,"max_hp_gain":0.0,"max_hp_loss":0.0,"gold_gain":0.0,"cards_transformed":["animator:Strike"],"event_name":"Transmorgrifier","player_choice":"Transformed","floor":2.0,"gold_loss":0.0,"damage_taken":0.0,"cards_obtained":["animator:Guren"]},{"cards_removed":["animator:Guren"],"damage_healed":48.0,"max_hp_gain":10.0,"max_hp_loss":0.0,"gold_gain":0.0,"event_name":"Bonfire Elementals","player_choice":"Offered Rare","floor":10.0,"gold_loss":0.0,"damage_taken":0.0},{"damage_healed":0,"gold_gain":100,"player_choice":"Bet on Murderer","damage_taken":0,"max_hp_gain":0,"max_hp_loss":0,"event_name":"The Joust","floor":21,"gold_loss":50}],"is_beta":false,"boss_relics":[{"not_picked":["Velvet Choker","Philosopher\u0027s Stone"],"picked":"animator:HolyGrailRelic"}],"items_purged_floors":[12],"is_endless":false,"potions_floor_spawned":[1,4,6,11,14,19,20],"killed_by":"Book of Stabbing","ascension_level":6}}