{"host":"y76clbnovzmw9ubx","time":1613176998,"event":{"mods":["AchievementEnabler","BaseMod","Minty Spire (QoL Compilation)","Permanent Neow","Relic Stats"],"gold_per_floor":[110,110,129,142,142,142,169,169,169,199,219,219,244,255,255,326,326,326,326,326,87,87,87,87,87,87,87,87,87,87,87,87,87,87,87,87,87,87,87,87,87,87,87,87,87,87,87,87,87,87,87,87,87,8,8,8],"floor_reached":55,"language":"ENG","playtime":4865,"items_purged":["Strike_G"],"score":2101,"play_id":"a8bef8d2-6bc4-4973-8726-d3107724dd61","local_time":"20210212194318","is_ascension_mode":true,"campfire_choices":[{"data":"Skewer","floor":6,"key":"SMITH"},{"data":"Blade Dance","floor":8,"key":"SMITH"},{"floor":12,"key":"REST"},{"data":"Blade Dance","floor":15,"key":"SMITH"},{"data":"Blade Dance","floor":24,"key":"SMITH"},{"data":"Leg Sweep","floor":29,"key":"SMITH"},{"data":"Crippling Poison","floor":32,"key":"SMITH"},{"data":"Malaise","floor":40,"key":"SMITH"},{"data":"Dodge and Roll","floor":42,"key":"SMITH"},{"floor":46,"key":"RECALL"},{"data":"Blur","floor":49,"key":"SMITH"},{"data":"Blur","floor":53,"key":"SMITH"}],"circlet_count":0,"master_deck":["AscendersBane","Strike_G","Strike_G","Defend_G","Defend_G","Defend_G","Defend_G","Survivor","Neutralize","Infinite Blades","Blur+1","Blade Dance+1","Skewer+1","Backstab","Blade Dance+1","Backstab","Dodge and Roll+1","Leg Sweep+1","Endless Agony","Wraith Form v2+1","Backstab","Blade Dance+1","Dagger Spray","Well Laid Plans+1","Backstab","Envenom+1","Crippling Poison+1","Malaise+1","Blur+1","PiercingWail+1","Caltrops+1"],"relics":["Ring of the Snake","Frozen Egg 2","Eternal Feather","Pen Nib","InkBottle","Ectoplasm","OrangePellets","Bag of Preparation","Potion Belt","Art of War","Paper Crane","Busted Crown","Omamori","Gremlin Horn"],"acts_visited":["Exordium","TheCity","TheBeyond","TheEnding"],"potions_floor_usage":[7,14,27,33,38,38,48,55,55],"damage_taken":[{"damage":2,"enemies":"Cultist","floor":1,"turns":4},{"damage":0,"enemies":"Small Slimes","floor":3,"turns":2},{"damage":0,"enemies":"Jaw Worm","floor":4,"turns":7},{"damage":9,"enemies":"Gremlin Nob","floor":7,"turns":3},{"damage":26,"enemies":"Lagavulin","floor":10,"turns":6},{"damage":0,"enemies":"Exordium Thugs","floor":11,"turns":2},{"damage":0,"enemies":"Gremlin Nob","floor":13,"turns":3},{"damage":0,"enemies":"Gremlin Gang","floor":14,"turns":4},{"damage":25,"enemies":"Hexaghost","floor":16,"turns":7},{"damage":0,"enemies":"Spheric Guardian","floor":18,"turns":3},{"damage":0,"enemies":"Shell Parasite","floor":19,"turns":1},{"damage":1,"enemies":"3 Cultists","floor":22,"turns":4},{"damage":0,"enemies":"Gremlin Leader","floor":23,"turns":6},{"damage":12,"enemies":"Shelled Parasite and Fungi","floor":25,"turns":3},{"damage":23,"enemies":"Book of Stabbing","floor":27,"turns":4},{"damage":4,"enemies":"Snake Plant","floor":28,"turns":5},{"damage":3,"enemies":"Gremlin Leader","floor":30,"turns":6},{"damage":0,"enemies":"3 Cultists","floor":31,"turns":5},{"damage":24,"enemies":"Champ","floor":33,"turns":11},{"damage":6,"enemies":"Orb Walker","floor":35,"turns":3},{"damage":0,"enemies":"3 Shapes","floor":36,"turns":2},{"damage":12,"enemies":"Maw","floor":37,"turns":7},{"damage":2,"enemies":"3 Darklings","floor":38,"turns":4},{"damage":0,"enemies":"Spire Growth","floor":39,"turns":4},{"damage":0,"enemies":"Nemesis","floor":41,"turns":3},{"damage":1,"enemies":"Transient","floor":44,"turns":6},{"damage":0,"enemies":"Jaw Worm Horde","floor":45,"turns":4},{"damage":11,"enemies":"Writhing Mass","floor":47,"turns":7},{"damage":3,"enemies":"Giant Head","floor":48,"turns":8},{"damage":40,"enemies":"Donu and Deca","floor":50,"turns":11},{"damage":21,"enemies":"Awakened One","floor":51,"turns":16},{"damage":67,"enemies":"Shield and Spear","floor":55,"turns":3}],"seed_played":"5643651332679692227","potions_obtained":[{"floor":1,"key":"Strength Potion"},{"floor":4,"key":"GamblersBrew"},{"floor":7,"key":"Explosive Potion"},{"floor":16,"key":"Explosive Potion"},{"floor":18,"key":"SteroidPotion"},{"floor":19,"key":"SteroidPotion"},{"floor":27,"key":"SpeedPotion"},{"floor":35,"key":"SneckoOil"},{"floor":36,"key":"SkillPotion"},{"floor":39,"key":"Swift Potion"},{"floor":44,"key":"FearPotion"}],"is_trial":false,"path_per_floor":["M","?","M","M","?","R","E","R","T","E","M","R","E","M","R","B",null,"M","M","?","$","M","E","R","M","T","E","M","R","E","M","R","B",null,"M","M","M","M","M","R","E","R","T","M","M","R","M","E","R","B","B",null,"R","$","E"],"character_chosen":"THE_SILENT","items_purchased":["OrangePellets","Caltrops+1"],"campfire_rested":1,"item_purchase_floors":[21,54],"current_hp_per_floor":[42,42,42,42,42,42,33,33,33,7,7,35,35,35,47,22,55,55,55,49,49,48,48,60,48,48,25,21,36,33,33,48,24,56,50,50,38,36,36,51,51,66,66,65,65,66,55,52,66,26,5,51,66,66,0,0],"gold":8,"neow_bonus":"TRANSFORM_TWO_CARDS","is_daily":false,"chose_seed":false,"campfire_upgraded":10,"win_rate":0.0,"timestamp":1613176998,"path_taken":["M","?","M","M","?","R","E","R","T","E","M","R","E","M","R","BOSS","M","?","?","$","M","E","R","M","T","E","M","R","E","?","R","BOSS","M","M","M","M","?","R","E","R","T","M","M","R","M","E","R","BOSS","BOSS","R","$","E"],"items_purchased_type":["Relic","Card"],"build_version":"2020-12-22","purchased_purges":1,"victory":false,"max_hp_per_floor":[66,66,66,66,66,66,66,66,66,66,66,66,66,66,66,66,66,66,66,66,66,66,66,66,66,66,66,66,66,66,66,66,66,66,66,66,66,66,66,66,66,66,66,66,66,66,66,66,66,66,66,66,66,66,66,66],"relic_stats":{"OrangePellets":[19],"Busted Crown":20,"Gremlin Horn":[4,4],"counters":[32,164],"Eternal Feather":123,"Pen Nib":[70],"Ectoplasm":549,"Bag of Preparation":[41],"Art of War":[5],"obtain_stats":[{"Potion Belt":26,"Gremlin Horn":48,"Eternal Feather":9,"Pen Nib":10,"Bag of Preparation":23,"Omamori":41,"Frozen Egg 2":7,"Paper Crane":30,"OrangePellets":21,"Busted Crown":34,"Ectoplasm":17,"Art of War":27,"InkBottle":13,"Ring of the Snake":0},{"Potion Belt":14,"Gremlin Horn":29,"Eternal Feather":4,"Pen Nib":5,"Bag of Preparation":13,"Omamori":25,"Frozen Egg 2":4,"Paper Crane":17,"OrangePellets":11,"Busted Crown":19,"Ectoplasm":9,"Art of War":15,"InkBottle":7,"Ring of the Snake":0},{"Potion Belt":55,"Gremlin Horn":134,"Eternal Feather":16,"Pen Nib":22,"Bag of Preparation":52,"Omamori":109,"Frozen Egg 2":16,"Paper Crane":70,"OrangePellets":42,"Busted Crown":86,"Ectoplasm":38,"Art of War":59,"InkBottle":27,"Ring of the Snake":0}],"InkBottle":[105],"Ring of the Snake":[64]},"card_choices":[{"not_picked":["Reflex","Bane"],"picked":"Blade Dance","floor":1},{"not_picked":["Reflex","Outmaneuver","Dodge and Roll"],"picked":"SKIP","floor":3},{"not_picked":["Cloak And Dagger","Deadly Poison"],"picked":"Skewer","floor":4},{"not_picked":["Slice","Poisoned Stab"],"picked":"Blade Dance","floor":7},{"not_picked":["Slice","Acrobatics"],"picked":"Backstab","floor":10},{"not_picked":["Concentrate","Quick Slash"],"picked":"Dodge and Roll","floor":11},{"not_picked":["PiercingWail","Dodge and Roll"],"picked":"Leg Sweep","floor":13},{"not_picked":["Bane","Predator"],"picked":"Endless Agony","floor":14},{"not_picked":["Die Die Die","Venomology"],"picked":"Wraith Form v2+1","floor":16},{"not_picked":["Acrobatics","Quick Slash"],"picked":"Backstab","floor":18},{"not_picked":["Dodge and Roll","Concentrate+1"],"picked":"Blade Dance","floor":19},{"not_picked":["Leg Sweep","Tactician","Dodge and Roll"],"picked":"SKIP","floor":22},{"not_picked":["Heel Hook","Distraction"],"picked":"Dagger Spray","floor":23},{"not_picked":["Prepared","Bane"],"picked":"Well Laid Plans+1","floor":25},{"not_picked":["Underhanded Strike","All Out Attack","Bane"],"picked":"SKIP","floor":27},{"not_picked":["Backflip","Underhanded Strike"],"picked":"Backstab","floor":28},{"not_picked":["Slice","Noxious Fumes+1"],"picked":"Envenom+1","floor":30},{"not_picked":["Sucker Punch","Dash"],"picked":"Crippling Poison","floor":31},{"not_picked":["Doppelganger","Storm of Steel"],"picked":"Malaise","floor":33},{"not_picked":["Poisoned Stab"],"picked":"SKIP","floor":35},{"not_picked":["Prepared+1"],"picked":"SKIP","floor":36},{"not_picked":["Acrobatics"],"picked":"SKIP","floor":37},{"not_picked":["Die Die Die"],"picked":"SKIP","floor":38},{"not_picked":["Outmaneuver"],"picked":"SKIP","floor":39},{"not_picked":[],"picked":"Blur","floor":41},{"not_picked":["Slice+1"],"picked":"SKIP","floor":44},{"not_picked":[],"picked":"PiercingWail+1","floor":45},{"not_picked":["Crippling Poison"],"picked":"SKIP","floor":47},{"not_picked":["Reflex+1"],"picked":"SKIP","floor":48}],"player_experience":3227072,"relics_obtained":[{"floor":7,"key":"Frozen Egg 2"},{"floor":9,"key":"Eternal Feather"},{"floor":10,"key":"Pen Nib"},{"floor":13,"key":"InkBottle"},{"floor":23,"key":"Bag of Preparation"},{"floor":26,"key":"Potion Belt"},{"floor":27,"key":"Art of War"},{"floor":30,"key":"Paper Crane"},{"floor":41,"key":"Omamori"},{"floor":48,"key":"Gremlin Horn"}],"event_choices":[{"damage_healed":0,"gold_gain":0,"player_choice":"Fled","damage_taken":0,"max_hp_gain":0,"max_hp_loss":0,"event_name":"Scrap Ooze","floor":2,"gold_loss":0},{"damage_healed":0,"gold_gain":0,"cards_transformed":["Strike_G"],"player_choice":"Transformed","damage_taken":0,"max_hp_gain":0,"max_hp_loss":0,"event_name":"Transmorgrifier","floor":5,"gold_loss":0,"cards_obtained":["Backstab"]},{"damage_healed":0,"gold_gain":50,"player_choice":"Touch","damage_taken":6,"max_hp_gain":0,"max_hp_loss":0,"event_name":"FaceTrader","floor":20,"gold_loss":0}],"is_beta":false,"boss_relics":[{"not_picked":["SacredBark","Tiny House"],"picked":"Ectoplasm"},{"not_picked":["Sozu","Pandora\u0027s Box"],"picked":"Busted Crown"}],"items_purged_floors":[21],"is_endless":false,"potions_floor_spawned":[1,4,7,16,18,19,23,27,35,36,39,44],"killed_by":"Shield and Spear","ascension_level":20}}