{"host":"k919bq8mkuzdqhzi","time":1613178287,"event":{"mods":["AchievementEnabler","BaseMod","Colored Map","Colored Powertips","DeckTracker","Minty Spire (QoL Compilation)","Relic Sorter","SuperFastMode"],"gold_per_floor":[109,109,122,133,153,153,153,153,206,16,0,0,0,0,0,95,95,109,9,23,55,55,55,69,69,95,105,105,123,123,137,137,242,242,258,480,526,536,38,38,38],"floor_reached":40,"language":"ENG","playtime":1540,"items_purged":["Strike_B","Defend_B"],"score":424,"play_id":"c1f06aa7-6c14-4935-810b-9974101a1454","local_time":"20210212200447","is_ascension_mode":false,"campfire_choices":[{"data":"Zap","floor":6,"key":"SMITH"},{"data":"Beam Cell","floor":8,"key":"SMITH"},{"data":"Defragment","floor":13,"key":"SMITH"},{"floor":15,"key":"REST"},{"data":"Stack","floor":23,"key":"SMITH"},{"data":"Conserve Battery","floor":25,"key":"SMITH"},{"data":"Leap","floor":28,"key":"SMITH"},{"floor":32,"key":"REST"}],"circlet_count":0,"master_deck":["Strike_B","Defend_B","Defend_B+1","Zap+1","Dualcast+1","Conserve Battery+1","Leap+1","Beam Cell+1","Cold Snap","Defragment+1","Tempest","Core Surge","Stack+1","Sunder+1","Barrage","Darkness+1","Streamline","Gash+1","Coolheaded","Electrodynamics","Redo","Steam+1","Loop"],"relics":["Cracked Core","War Paint","DataDisk","Empty Cage","Red Mask","Juzu Bracelet","Omamori","Philosopher\u0027s Stone","Girya","Meat on the Bone","Ornamental Fan"],"acts_visited":["Exordium","TheCity","TheBeyond"],"potions_floor_usage":[27,29,33,33],"damage_taken":[{"damage":0,"enemies":"Cultist","floor":1,"turns":3},{"damage":6,"enemies":"Jaw Worm","floor":3,"turns":4},{"damage":0,"enemies":"2 Louse","floor":4,"turns":3},{"damage":5,"enemies":"Looter","floor":5,"turns":3},{"damage":0,"enemies":"Slime Boss","floor":16,"turns":8},{"damage":2,"enemies":"3 Byrds","floor":18,"turns":4},{"damage":0,"enemies":"Shell Parasite","floor":20,"turns":4},{"damage":7,"enemies":"Masked Bandits","floor":21,"turns":4},{"damage":7,"enemies":"Snake Plant","floor":24,"turns":4},{"damage":19,"enemies":"3 Cultists","floor":27,"turns":6},{"damage":7,"enemies":"Centurion and Healer","floor":29,"turns":7},{"damage":15,"enemies":"Shelled Parasite and Fungi","floor":31,"turns":6},{"damage":47,"enemies":"Automaton","floor":33,"turns":11},{"damage":5,"enemies":"3 Shapes","floor":35,"turns":3},{"damage":43,"enemies":"2 Orb Walkers","floor":37,"turns":5},{"damage":22,"enemies":"3 Darklings","floor":38,"turns":3},{"damage":10,"enemies":"Jaw Worm Horde","floor":40,"turns":1}],"seed_played":"9143671926586447874","potions_obtained":[{"floor":5,"key":"LiquidMemories"},{"floor":18,"key":"Ancient Potion"},{"floor":20,"key":"Regen Potion"},{"floor":27,"key":"Strength Potion"}],"is_trial":false,"path_per_floor":["M","?","M","M","M","R","?","R","T","$","?","$","R","$","R","B",null,"M","$","M","?","?","R","M","R","T","M","R","M","?","M","R","B",null,"M","?","?","M","$","M"],"character_chosen":"DEFECT","items_purchased":["Defragment","Tempest","Meat on the Bone","Ornamental Fan"],"campfire_rested":2,"item_purchase_floors":[10,10,39,39],"current_hp_per_floor":[75,75,69,69,64,64,57,57,57,57,57,57,57,57,75,75,75,73,73,73,66,66,66,59,59,59,49,49,42,42,27,49,2,75,70,70,27,5,5,0,0],"gold":38,"neow_bonus":"RANDOM_COMMON_RELIC","is_daily":false,"chose_seed":false,"campfire_upgraded":6,"win_rate":0.0,"timestamp":1613178287,"path_taken":["M","?","M","M","?","R","?","R","T","$","?","$","R","$","R","BOSS","M","$","M","?","?","R","M","R","T","M","R","M","?","M","R","BOSS","M","?","?","M","$","M"],"items_purchased_type":["Card","Card","Relic","Relic"],"build_version":"2020-12-22","purchased_purges":2,"victory":false,"max_hp_per_floor":[75,75,75,75,75,75,75,75,75,75,75,75,75,75,75,75,75,75,75,75,75,75,75,75,75,75,75,75,75,75,75,75,75,75,75,75,75,75,75,75,75],"card_choices":[{"not_picked":["Coolheaded","Gash"],"picked":"Conserve Battery","floor":1},{"not_picked":["Gash","Sweeping Beam"],"picked":"Leap","floor":3},{"not_picked":["Barrage","Sweeping Beam"],"picked":"Beam Cell","floor":4},{"not_picked":["Compile Driver","Sweeping Beam"],"picked":"Cold Snap","floor":5},{"not_picked":["Echo Form","Seek"],"picked":"Core Surge","floor":16},{"not_picked":["Steam","Defragment"],"picked":"Stack","floor":18},{"not_picked":["Barrage","Streamline"],"picked":"Sunder+1","floor":20},{"not_picked":["Leap","Compile Driver"],"picked":"Barrage","floor":21},{"not_picked":["Hologram","Loop"],"picked":"Darkness+1","floor":24},{"not_picked":["Amplify","Conserve Battery"],"picked":"Streamline","floor":27},{"not_picked":["Hologram+1","Chaos"],"picked":"Gash+1","floor":29},{"not_picked":["Fusion","Tempest+1"],"picked":"Coolheaded","floor":31},{"not_picked":["Machine Learning","Rainbow"],"picked":"Electrodynamics","floor":33},{"not_picked":["Sweeping Beam+1","Steam+1"],"picked":"Redo","floor":35},{"not_picked":["FTL+1","Tempest"],"picked":"Steam+1","floor":37},{"not_picked":["Double Energy+1","Compile Driver+1"],"picked":"Loop","floor":38}],"player_experience":148241,"relics_obtained":[{"floor":9,"key":"DataDisk"},{"floor":21,"key":"Red Mask"},{"floor":26,"key":"Omamori"},{"floor":37,"key":"Girya"}],"event_choices":[{"damage_healed":0,"gold_gain":0,"player_choice":"Ignored","damage_taken":0,"max_hp_gain":0,"max_hp_loss":0,"event_name":"WeMeetAgain","floor":2,"gold_loss":0},{"cards_removed":["Strike_B"],"damage_healed":0,"gold_gain":0,"player_choice":"Card Removal","damage_taken":7,"max_hp_gain":0,"max_hp_loss":0,"event_name":"Golden Wing","floor":7,"gold_loss":0},{"damage_healed":0,"gold_gain":0,"player_choice":"Left Gold","damage_taken":0,"max_hp_gain":0,"max_hp_loss":0,"event_name":"World of Goop","floor":11,"gold_loss":16},{"damage_healed":0,"gold_gain":0,"player_choice":"Fought Bandits","damage_taken":0,"max_hp_gain":0,"max_hp_loss":0,"event_name":"Masked Bandits","floor":21,"gold_loss":0},{"damage_healed":0,"gold_gain":0,"player_choice":"Opened","damage_taken":0,"relics_obtained":["Juzu Bracelet"],"max_hp_gain":0,"max_hp_loss":0,"event_name":"The Mausoleum","floor":22,"gold_loss":0},{"damage_healed":0,"gold_gain":0,"player_choice":"Ignored","damage_taken":0,"max_hp_gain":0,"max_hp_loss":0,"event_name":"Cursed Tome","floor":30,"gold_loss":0},{"damage_healed":0,"gold_gain":222,"player_choice":"Wore Mask","damage_taken":0,"max_hp_gain":0,"max_hp_loss":0,"event_name":"Tomb of Lord Red Mask","floor":36,"gold_loss":0},{"damage_healed":0,"gold_gain":0,"player_choice":"Fight","damage_taken":0,"max_hp_gain":0,"max_hp_loss":0,"event_name":"Mysterious Sphere","floor":37,"gold_loss":0}],"is_beta":false,"boss_relics":[{"not_picked":["Black Star","Fusion Hammer"],"picked":"Empty Cage"},{"not_picked":["Tiny House","Coffee Dripper"],"picked":"Philosopher\u0027s Stone"}],"items_purged_floors":[10,19],"is_endless":false,"potions_floor_spawned":[5,18,20,27],"killed_by":"Jaw Worm Horde","ascension_level":0}}