{"host":"8is2j71l4wmybkoi","time":1613226769,"event":{"mods":["AchievementEnabler","BaseMod","Colored Map","DeckTracker","Minty Spire (QoL Compilation)","Rare Cards Sparkle","Relic Stats","StSLib","SuperFastMode"],"gold_per_floor":[110,128,128,149,168,204,216,228,228],"floor_reached":8,"language":"KOR","playtime":328,"items_purged":[],"score":102,"play_id":"1c3f0e30-a897-49bf-89f3-2b2b6f977995","local_time":"20210213233249","is_ascension_mode":true,"campfire_choices":[{"floor":7,"key":"REST"}],"circlet_count":0,"master_deck":["AscendersBane","Strike_G","Strike_G","Strike_G","Strike_G","Strike_G","Defend_G","Defend_G","Defend_G","Defend_G","Defend_G","Survivor","Neutralize","Tactician","Underhanded Strike","Predator","Dagger Throw","Calculated Gamble","PiercingWail"],"relics":["Ring of the Snake","Golden Idol","MawBank"],"acts_visited":["Exordium"],"potions_floor_usage":[5,6],"damage_taken":[{"damage":6,"enemies":"Small Slimes","floor":1,"turns":5},{"damage":4,"enemies":"2 Louse","floor":2,"turns":3},{"damage":0,"enemies":"Cultist","floor":4,"turns":3},{"damage":23,"enemies":"Exordium Wildlife","floor":5,"turns":5},{"damage":16,"enemies":"3 Sentries","floor":6,"turns":7},{"damage":38,"enemies":"Lagavulin","floor":8,"turns":6}],"seed_played":"-5319487376507345086","potions_obtained":[{"floor":1,"key":"Explosive Potion"},{"floor":5,"key":"EssenceOfSteel"}],"is_trial":false,"path_per_floor":["M","M","?","M","M","E","R","E"],"character_chosen":"THE_SILENT","items_purchased":[],"campfire_rested":1,"item_purchase_floors":[],"current_hp_per_floor":[53,49,49,49,26,10,28,0,0],"gold":228,"neow_bonus":"THREE_CARDS","is_daily":false,"chose_seed":false,"campfire_upgraded":0,"win_rate":0.0,"timestamp":1613226769,"path_taken":["M","M","?","M","M","E","R","E"],"items_purchased_type":[],"build_version":"2020-12-22","purchased_purges":0,"victory":false,"max_hp_per_floor":[66,66,60,60,60,60,60,60,60],"relic_stats":{"counters":[6,29],"Golden Idol":15,"MawBank":24,"obtain_stats":[{"Golden Idol":3,"MawBank":6,"Ring of the Snake":0},{"Golden Idol":2,"MawBank":5,"Ring of the Snake":0},{"Golden Idol":8,"MawBank":23,"Ring of the Snake":0}],"Ring of the Snake":[12]},"card_choices":[{"not_picked":["Infinite Blades","Bane"],"picked":"Tactician","floor":0},{"not_picked":["Infinite Blades","Caltrops"],"picked":"Underhanded Strike","floor":1},{"not_picked":["Bane","Blur"],"picked":"Predator","floor":2},{"not_picked":["PiercingWail","Cloak And Dagger"],"picked":"Dagger Throw","floor":4},{"not_picked":["Sucker Punch","Cloak And Dagger"],"picked":"Calculated Gamble","floor":5},{"not_picked":["Underhanded Strike","Distraction"],"picked":"PiercingWail","floor":6}],"player_experience":1179474,"relics_obtained":[{"floor":6,"key":"MawBank"}],"event_choices":[{"damage_healed":0,"gold_gain":0,"player_choice":"Lose Max HP","damage_taken":0,"relics_obtained":["Golden Idol"],"max_hp_gain":0,"max_hp_loss":6,"event_name":"Golden Idol","floor":3,"gold_loss":0}],"is_beta":false,"boss_relics":[],"items_purged_floors":[],"is_endless":false,"potions_floor_spawned":[1,5],"killed_by":"Lagavulin","ascension_level":15}}