{"host":"bvp2uifzy1c463d9","time":1613192794,"event":{"mods":["AchievementEnabler","BaseMod","Block Reminder","Bossed Relics","ChefMod","Colored Map","Colored Powertips","Energized Spire","Hermit","Highlight Path","Hubris","Infinite Spire","Minty Spire (QoL Compilation)","Random Character Button","Relic Sorter","Relic Stats","Reliquary","Replay The Spire","StSLib","The Blue Laboratory","The Jungle","The Servant 0.9.4","Wandering Minibosses"],"gold_per_floor":[117,137,157,32,32,32,63,73,73,92,109,9,38,52,52,152,152,152,152,152,152,152,152,152],"floor_reached":23,"language":"ENG","playtime":1320,"items_purged":["chefmod:Strike"],"score":205,"play_id":"12c2df52-614e-4059-8eb2-1219a6a04cb9","local_time":"20210212230634","is_ascension_mode":false,"campfire_choices":[{"data":"chefmod:QuickThaw","floor":6,"key":"SMITH"},{"floor":15,"key":"REST"}],"circlet_count":0,"master_deck":["chefmod:Strike","chefmod:Strike","chefmod:Strike","chefmod:QuickThaw+1","chefmod:Defend","chefmod:Defend","chefmod:Defend","chefmod:TodaysSpecial","Survey Options","chefmod:AlooGobi","chefmod:Fillet","chefmod:ZaruSoba","chefmod:IcePick","chefmod:Granita","chefmod:CayenneCloud","chefmod:NoSoupForYou","chefmod:ColdSteel","chefmod:HotSoup","chefmod:Gelato","chefmod:DeepFreeze","chefmod:SpaghettiCarbonara","chefmod:OrderUp","chefmod:Gelato+1","chefmod:CleanHouse","RitualDagger","chefmod:Sorbet"],"relics":["chefmod:TrustyPot","Blood Vial","Ornamental Fan","Bottled Flame","Ectoplasm"],"acts_visited":["Exordium","TheCity"],"potions_floor_usage":[16,23],"damage_taken":[{"damage":0,"enemies":"Jaw Worm","floor":1,"turns":4},{"damage":1,"enemies":"Cultist","floor":2,"turns":4},{"damage":0,"enemies":"2 Louse","floor":3,"turns":2},{"damage":19,"enemies":"Lagavulin","floor":7,"turns":8},{"damage":6,"enemies":"2 Fungi Beasts","floor":8,"turns":3},{"damage":0,"enemies":"Exordium Wildlife","floor":10,"turns":3},{"damage":8,"enemies":"3 Louse","floor":11,"turns":4},{"damage":27,"enemies":"3 Sentries","floor":13,"turns":7},{"damage":14,"enemies":"Exordium Thugs","floor":14,"turns":4},{"damage":41,"enemies":"Fading Forest","floor":16,"turns":11},{"damage":6,"enemies":"Spheric Guardian","floor":18,"turns":3},{"damage":3,"enemies":"3 Byrds","floor":19,"turns":6},{"damage":29,"enemies":"Snake Plant","floor":22,"turns":5},{"damage":44,"enemies":"Gremlin Leader","floor":23,"turns":6}],"seed_played":"-8197426429134685749","potions_obtained":[{"floor":10,"key":"blueLaboratory:PyrophylliteBrew"},{"floor":11,"key":"Milkshake"},{"floor":14,"key":"blueLaboratory:BottledHope"}],"is_trial":false,"path_per_floor":["M","M","M","$","?","R","E","M","T","M","M","$","E","M","R_BF","B",null,"M","M","$","?","M","E"],"character_chosen":"THE_CHEF","items_purchased":["chefmod:IcePick","chefmod:HotSoup","chefmod:Gelato"],"campfire_rested":1,"item_purchase_floors":[4,12,12],"current_hp_per_floor":[76,75,75,75,75,75,56,52,52,54,48,48,23,11,33,2,76,70,69,69,63,36,0,0],"gold":152,"neow_bonus":"RANDOM_COLORLESS","is_daily":false,"chose_seed":false,"campfire_upgraded":1,"win_rate":0.0,"timestamp":1613192794,"path_taken":["M","M","M","$","?","R","E","M","T","?","M","$","E","?","R_BF","BOSS","M","M","$","?","M","E"],"items_purchased_type":["Card","Card","Card"],"build_version":"2020-12-22","purchased_purges":1,"victory":false,"max_hp_per_floor":[76,76,76,76,76,76,76,76,76,76,76,76,76,76,76,76,76,76,76,76,76,76,76,76],"relic_stats":{"Blood Vial":18,"counters":[14,70],"Ornamental Fan":[100],"Ectoplasm":45,"obtain_stats":[{"Blood Vial":7,"chefmod:TrustyPot":0,"Bottled Flame":13,"Ornamental Fan":9,"Ectoplasm":17},{"Blood Vial":4,"chefmod:TrustyPot":0,"Bottled Flame":8,"Ornamental Fan":5,"Ectoplasm":10},{"Blood Vial":18,"chefmod:TrustyPot":0,"Bottled Flame":35,"Ornamental Fan":21,"Ectoplasm":50}]},"card_choices":[{"not_picked":["Blind","Trip"],"picked":"Survey Options","floor":0},{"not_picked":["chefmod:FireUp","chefmod:ZaruSoba"],"picked":"chefmod:AlooGobi","floor":1},{"not_picked":["chefmod:Defrost","chefmod:DoubleChop"],"picked":"chefmod:Fillet","floor":2},{"not_picked":["chefmod:Ratatouille","chefmod:Fillet"],"picked":"chefmod:ZaruSoba","floor":3},{"not_picked":["chefmod:Gelato","chefmod:AllYouCanEat"],"picked":"chefmod:Granita","floor":7},{"not_picked":["chefmod:FullBurn","chefmod:FireUp"],"picked":"chefmod:CayenneCloud","floor":8},{"not_picked":["chefmod:Ratatouille","chefmod:FryPan"],"picked":"chefmod:NoSoupForYou","floor":10},{"not_picked":["chefmod:Tenderizer","chefmod:CayenneCloud"],"picked":"chefmod:ColdSteel","floor":11},{"not_picked":["chefmod:Gelato","chefmod:Defrost"],"picked":"chefmod:DeepFreeze","floor":13},{"not_picked":["chefmod:BaoBuns","chefmod:Granita"],"picked":"chefmod:SpaghettiCarbonara","floor":14},{"not_picked":["chefmod:RisingDough","chefmod:FullCourseMeal"],"picked":"chefmod:OrderUp","floor":16},{"not_picked":["chefmod:DinoKale","chefmod:SliceAndDice"],"picked":"chefmod:Gelato+1","floor":18},{"not_picked":["chefmod:SaveForLater","chefmod:CayenneCloud"],"picked":"chefmod:CleanHouse","floor":19},{"not_picked":["chefmod:BaoBuns","chefmod:HotSoup"],"picked":"chefmod:Sorbet","floor":22}],"player_experience":323160,"relics_obtained":[{"floor":7,"key":"Blood Vial"},{"floor":9,"key":"Ornamental Fan"},{"floor":13,"key":"Bottled Flame"}],"event_choices":[{"cards_removed":["chefmod:Defend"],"damage_healed":0,"gold_gain":0,"player_choice":"Purged","damage_taken":0,"max_hp_gain":0,"max_hp_loss":0,"event_name":"Purifier","floor":5,"gold_loss":0},{"damage_healed":0,"gold_gain":0,"player_choice":"Joined the Cult","damage_taken":6,"max_hp_gain":0,"max_hp_loss":0,"event_name":"Nest","floor":21,"gold_loss":0,"cards_obtained":["RitualDagger"]}],"is_beta":false,"boss_relics":[{"not_picked":["Sozu","Replay:Drink Me"],"picked":"Ectoplasm"}],"items_purged_floors":[4],"is_endless":false,"potions_floor_spawned":[3,10,11,14],"killed_by":"Gremlin Leader","ascension_level":0}}