{"host":"2n2g1vowfllvjtvi","time":1613205869,"event":{"mods":["AchievementEnabler","BaseMod","Custom Start","GifTheSpireLib","Keyboard Shortcuts","Minty Spire (QoL Compilation)","Permanent Neow","Quick Restart","StSLib","SuperFastMode"],"gold_per_floor":[366,366,141,141,153,186,186,212,290,308,308,308,341,92,92,193,193,212,228,58,74,88,88,101,128,182,281,298,5,5,16,16,114,114,124,124,469,177,192,192,227,227,227,83,101,101,132,148,148,148],"floor_reached":51,"language":"KOR","playtime":1171,"items_purged":["Strike_P","Strike_P","Strike_P","Strike_P","Defend_P"],"score":1368,"play_id":"559d9286-3325-4926-b6a8-7861c048d8e0","local_time":"20210213174429","is_ascension_mode":true,"campfire_choices":[{"data":"Eruption","floor":7.0,"key":"SMITH"},{"data":"PathToVictory","floor":12.0,"key":"SMITH"},{"data":"PathToVictory","floor":15.0,"key":"SMITH"},{"data":"PathToVictory","floor":23.0,"key":"SMITH"},{"data":"ClearTheMind","floor":30.0,"key":"SMITH"},{"data":"Vault","floor":32.0,"key":"SMITH"},{"data":"Omniscience","floor":40,"key":"SMITH"},{"data":"PathToVictory","floor":42,"key":"SMITH"},{"data":"Adaptation","floor":49,"key":"SMITH"}],"circlet_count":0,"master_deck":["AscendersBane","Defend_P","Defend_P","Eruption+1","Vigilance","PathToVictory+1","PathToVictory+1","Vault+1","MentalFortress+1","Collect+1","PathToVictory+1","Evaluate+1","ClearTheMind+1","Omniscience+1","PathToVictory+1","InnerPeace","Adaptation+1","MentalFortress+1","ClearTheMind+1"],"relics":["PureWater","Bag of Preparation","Toy Ornithopter","Bird Faced Urn","InkBottle","White Beast Statue","Happy Flower","TheAbacus","VioletLotus","Regal Pillow","Omamori","ClockworkSouvenir","Calling Bell","Boot","Pantograph","FossilizedHelix","Old Coin","Bronze Scales","Toxic Egg 2","DollysMirror","Lantern"],"acts_visited":["Exordium","TheCity","TheBeyond"],"potions_floor_usage":[35,37,41,41,48,50,50],"damage_taken":[{"damage":1.0,"enemies":"2 Louse","floor":1.0,"turns":2.0},{"damage":0.0,"enemies":"Jaw Worm","floor":5.0,"turns":4.0},{"damage":10.0,"enemies":"Gremlin Nob","floor":6.0,"turns":3.0},{"damage":12.0,"enemies":"Lagavulin","floor":8.0,"turns":6.0},{"damage":1.0,"enemies":"Small Slimes","floor":10.0,"turns":4.0},{"damage":22.0,"enemies":"3 Sentries","floor":13.0,"turns":12.0},{"damage":2.0,"enemies":"The Guardian","floor":16.0,"turns":6.0},{"damage":0.0,"enemies":"2 Thieves","floor":18.0,"turns":2.0},{"damage":0.0,"enemies":"Chosen","floor":19.0,"turns":4.0},{"damage":1.0,"enemies":"Sentry and Sphere","floor":21.0,"turns":5.0},{"damage":9.0,"enemies":"Cultist and Chosen","floor":22.0,"turns":4.0},{"damage":11.0,"enemies":"Snake Plant","floor":24.0,"turns":4.0},{"damage":0.0,"enemies":"Book of Stabbing","floor":25.0,"turns":4.0},{"damage":0.0,"enemies":"Snecko","floor":28.0,"turns":6.0},{"damage":0.0,"enemies":"Chosen and Byrds","floor":31.0,"turns":5.0},{"damage":0.0,"enemies":"Automaton","floor":33.0,"turns":7.0},{"damage":0,"enemies":"3 Shapes","floor":35,"turns":4},{"damage":38,"enemies":"2 Orb Walkers","floor":37,"turns":6},{"damage":0,"enemies":"Orb Walker","floor":39,"turns":3},{"damage":13,"enemies":"Reptomancer","floor":41,"turns":5},{"damage":0,"enemies":"Spire Growth","floor":45,"turns":3},{"damage":0,"enemies":"Giant Head","floor":47,"turns":5},{"damage":0,"enemies":"Writhing Mass","floor":48,"turns":3},{"damage":14,"enemies":"Donu and Deca","floor":50,"turns":7}],"seed_played":"2822465077082083129","potions_obtained":[{"floor":5.0,"key":"SkillPotion"},{"floor":8.0,"key":"BlessingOfTheForge"},{"floor":13.0,"key":"Fruit Juice"},{"floor":16.0,"key":"Ambrosia"},{"floor":18.0,"key":"Swift Potion"},{"floor":19.0,"key":"EssenceOfSteel"},{"floor":21.0,"key":"AttackPotion"},{"floor":22.0,"key":"DuplicationPotion"},{"floor":24.0,"key":"Swift Potion"},{"floor":25.0,"key":"Swift Potion"},{"floor":28.0,"key":"ColorlessPotion"},{"floor":33.0,"key":"PowerPotion"},{"floor":35,"key":"BlessingOfTheForge"},{"floor":37,"key":"BottledMiracle"},{"floor":39,"key":"Strength Potion"},{"floor":41,"key":"Swift Potion"},{"floor":45,"key":"Explosive Potion"},{"floor":47,"key":"PowerPotion"},{"floor":48,"key":"Strength Potion"}],"is_trial":false,"path_per_floor":["M","?","$","?","M","E","R","E","T","M","?","R","E","$","R","B",null,"M","M","$","M","M","R","M","E","T","?","M","$","R","M","R","B",null,"M","?","?","$","M","R","E","R","T","$","M","?","E","M","R","B",null],"character_chosen":"WATCHER","items_purchased":["Bag of Preparation","TheAbacus","PathToVictory","ClockworkSouvenir","InnerPeace","Adaptation","DollysMirror"],"campfire_rested":0,"item_purchase_floors":[3,14,20,29,38,38,44],"current_hp_per_floor":[64,69,69,62,62,52,52,40,40,39,32,32,25,25,25,23,62,67,69,69,75,68,68,64,71,71,71,73,73,73,75,75,75,75,75,75,42,42,46,46,45,45,45,45,49,49,55,70,70,57],"gold":148,"neow_bonus":"TWO_FIFTY_GOLD","is_daily":false,"chose_seed":false,"campfire_upgraded":9,"win_rate":0.0,"timestamp":1613205869,"path_taken":["M","?","$","?","?","E","R","E","T","M","?","R","E","$","R","BOSS","M","M","$","M","M","R","M","E","T","?","M","$","R","M","R","BOSS","M","?","?","$","M","R","E","R","T","$","M","?","E","?","R","BOSS"],"items_purchased_type":["Relic","Relic","Card","Relic","Card","Card","Relic"],"build_version":"2020-12-22","purchased_purges":5,"victory":true,"max_hp_per_floor":[65,70,70,70,70,70,70,70,70,70,70,70,75,75,75,75,75,75,75,75,75,75,75,75,75,75,75,75,75,75,75,75,75,75,75,75,75,75,75,75,75,75,75,75,75,71,71,71,71,71],"card_choices":[{"not_picked":["Evaluate","EmptyBody"],"picked":"PathToVictory","floor":1.0},{"not_picked":["SashWhip","Protect","LikeWater"],"picked":"SKIP","floor":5.0},{"not_picked":["Protect","Crescendo","Omniscience"],"picked":"SKIP","floor":6.0},{"not_picked":["CarveReality","ThirdEye","SandsOfTime"],"picked":"SKIP","floor":8.0},{"not_picked":["ForeignInfluence","Vengeance"],"picked":"EmptyFist","floor":10.0},{"not_picked":["Collect","FlurryOfBlows"],"picked":"PathToVictory","floor":13.0},{"not_picked":["Alpha","Brilliance"],"picked":"Vault","floor":16.0},{"not_picked":["CutThroughFate","BowlingBash"],"picked":"MentalFortress+1","floor":18.0},{"not_picked":["FlyingSleeves","WheelKick"],"picked":"Collect+1","floor":19.0},{"not_picked":["FlyingSleeves+1","Nirvana+1","EmptyBody"],"picked":"SKIP","floor":21.0},{"not_picked":["Prostrate","SignatureMove+1","FollowUp"],"picked":"SKIP","floor":22.0},{"not_picked":["BattleHymn","Worship+1"],"picked":"Evaluate+1","floor":24.0},{"not_picked":["EmptyFist","ClearTheMind","Collect"],"picked":"SKIP","floor":25.0},{"not_picked":["EmptyFist","Collect"],"picked":"ClearTheMind","floor":25.0},{"not_picked":["SandsOfTime","Evaluate","Wallop"],"picked":"SKIP","floor":28.0},{"not_picked":["ForeignInfluence","WindmillStrike","SignatureMove"],"picked":"SKIP","floor":31.0},{"not_picked":["ConjureBlade","SpiritShield"],"picked":"Omniscience","floor":33.0},{"not_picked":["SashWhip+1","Pray","ThirdEye+1"],"picked":"SKIP","floor":35},{"not_picked":["FlyingSleeves+1","EmptyBody+1"],"picked":"PathToVictory","floor":37},{"not_picked":["Judgement","EmptyFist","PathToVictory+1"],"picked":"SKIP","floor":39},{"not_picked":["SignatureMove","FlyingSleeves+1","FlurryOfBlows"],"picked":"SKIP","floor":41},{"not_picked":["WindmillStrike+1","ConjureBlade+1","SignatureMove"],"picked":"SKIP","floor":45},{"not_picked":["JustLucky+1","CrushJoints","Evaluate+1"],"picked":"SKIP","floor":47},{"not_picked":["Swivel+1","WreathOfFlame+1"],"picked":"ClearTheMind+1","floor":48}],"player_experience":232918,"relics_obtained":[{"floor":6.0,"key":"Toy Ornithopter"},{"floor":8.0,"key":"Bird Faced Urn"},{"floor":9.0,"key":"InkBottle"},{"floor":13.0,"key":"Happy Flower"},{"floor":25.0,"key":"Regal Pillow"},{"floor":26.0,"key":"Omamori"},{"floor":34.0,"key":"Boot"},{"floor":34.0,"key":"Pantograph"},{"floor":34.0,"key":"FossilizedHelix"},{"floor":37,"key":"Old Coin"},{"floor":41,"key":"Bronze Scales"},{"floor":43,"key":"Toxic Egg 2"},{"floor":47,"key":"Lantern"}],"event_choices":[{"damage_healed":0.0,"max_hp_gain":5.0,"max_hp_loss":0.0,"gold_gain":0.0,"event_name":"Big Fish","player_choice":"Donut","floor":2.0,"gold_loss":0.0,"damage_taken":0.0},{"cards_removed":["Defend_P"],"damage_healed":0.0,"max_hp_gain":0.0,"max_hp_loss":0.0,"gold_gain":0.0,"event_name":"Golden Wing","player_choice":"Card Removal","floor":4.0,"gold_loss":0.0,"damage_taken":7.0},{"damage_healed":0.0,"max_hp_gain":0.0,"max_hp_loss":0.0,"gold_gain":0.0,"event_name":"Scrap Ooze","player_choice":"Success","floor":11.0,"gold_loss":0.0,"damage_taken":7.0,"relics_obtained":["White Beast Statue"]},{"damage_healed":0.0,"max_hp_gain":0.0,"max_hp_loss":0.0,"gold_gain":99.0,"event_name":"Nest","player_choice":"Stole From Cult","floor":27.0,"gold_loss":0.0,"damage_taken":0.0},{"cards_removed":["EmptyFist"],"damage_healed":0,"gold_gain":0,"player_choice":"Removed Attack","damage_taken":0,"max_hp_gain":0,"max_hp_loss":0,"event_name":"Falling","floor":36,"gold_loss":0},{"damage_healed":0,"gold_gain":0,"player_choice":"Fight","damage_taken":0,"max_hp_gain":0,"max_hp_loss":0,"event_name":"Mysterious Sphere","floor":37,"gold_loss":0},{"damage_healed":0,"gold_gain":0,"player_choice":"Max HP","damage_taken":0,"max_hp_gain":0,"max_hp_loss":4,"event_name":"Winding Halls","floor":46,"gold_loss":0}],"is_beta":false,"boss_relics":[{"not_picked":["Coffee Dripper","Busted Crown"],"picked":"VioletLotus"},{"not_picked":["Astrolabe","Tiny House"],"picked":"Calling Bell"}],"items_purged_floors":[3,14,20,29,38],"is_endless":false,"potions_floor_spawned":[5,8,13,16,18,19,21,22,24,25,28,31,33,35,37,39,41,45,47,48],"ascension_level":11}}