{"host":"36t3qd3wjvajtu1z","time":1613179662,"event":{"mods":["2.2 Compatiblity","AchievementEnabler","BaseMod","Bestiary","Block Reminder","Colored Powertips","Curses Come First","Highlight Path","Minty Spire (QoL Compilation)","Permanent Neow","Quick Restart","Random Character Button","Rare Cards Sparkle","Relic Stats","Slay-I","StSLib","Unknown Chances"],"gold_per_floor":[112,37,47,63,74,74,104,104,104,69,100,116,144,158,158,236,236,256,6,6,6,19,52,52,52,52,81,96,96,116,130,130,130,130],"floor_reached":33,"language":"ENG","playtime":1329,"items_purged":["Strike_R"],"score":599,"play_id":"eda54164-940d-4668-8b8f-8cca5810f3f8","local_time":"20210212172742","is_ascension_mode":true,"campfire_choices":[{"data":"Armaments","floor":6.0,"key":"SMITH"},{"data":"Immolate","floor":8.0,"key":"SMITH"},{"floor":15.0,"key":"REST"},{"data":"Immolate","floor":25.0,"key":"SMITH"},{"floor":29.0,"key":"DIG"},{"data":"True Grit","floor":32,"key":"SMITH"}],"circlet_count":0,"master_deck":["AscendersBane","Strike_R","Strike_R","Strike_R","Strike_R","Defend_R","Defend_R","Defend_R","Defend_R","Bash","Clumsy","Immolate+1","Headbutt","Armaments+1","Inflame","Shrug It Off","Battle Trance","Immolate+1","Sever Soul","True Grit+1","Thunderclap","Havoc+1","Rupture+1","Shrug It Off"],"relics":["Burning Blood","Lantern","InkBottle","Paper Frog","Gambling Chip","Mark of Pain","Medical Kit","Darkstone Periapt","Letter Opener","Shovel","Champion Belt"],"acts_visited":["Exordium","TheCity"],"potions_floor_usage":[31,33],"damage_taken":[{"damage":6.0,"enemies":"Cultist","floor":1.0,"turns":3.0},{"damage":9.0,"enemies":"Jaw Worm","floor":3.0,"turns":3.0},{"damage":10.0,"enemies":"Small Slimes","floor":4.0,"turns":3.0},{"damage":0.0,"enemies":"3 Louse","floor":5.0,"turns":2.0},{"damage":32.0,"enemies":"Gremlin Nob","floor":7.0,"turns":4.0},{"damage":23.0,"enemies":"Lagavulin","floor":11.0,"turns":5.0},{"damage":7.0,"enemies":"Large Slime","floor":12.0,"turns":3.0},{"damage":33.0,"enemies":"Gremlin Nob","floor":13.0,"turns":4.0},{"damage":0.0,"enemies":"2 Fungi Beasts","floor":14.0,"turns":2.0},{"damage":17.0,"enemies":"Slime Boss","floor":16.0,"turns":8.0},{"damage":9.0,"enemies":"2 Thieves","floor":18.0,"turns":3.0},{"damage":0.0,"enemies":"Chosen","floor":22.0,"turns":3.0},{"damage":25.0,"enemies":"Slavers","floor":23.0,"turns":2.0},{"damage":29.0,"enemies":"Book of Stabbing","floor":27.0,"turns":4.0},{"damage":0.0,"enemies":"3 Cultists","floor":28.0,"turns":1.0},{"damage":0,"enemies":"Snecko","floor":30,"turns":2},{"damage":14,"enemies":"Centurion and Healer","floor":31,"turns":3},{"damage":67,"enemies":"Collector","floor":33,"turns":5}],"seed_played":"748928366122906694","potions_obtained":[{"floor":1.0,"key":"SpeedPotion"},{"floor":5.0,"key":"DuplicationPotion"},{"floor":7.0,"key":"SkillPotion"},{"floor":16.0,"key":"ElixirPotion"},{"floor":22.0,"key":"Weak Potion"},{"floor":28.0,"key":"LiquidBronze"},{"floor":30,"key":"Regen Potion"}],"is_trial":false,"path_per_floor":["M","$","M","M","M","R","E","R","T","?","E","M","E","M","R","B",null,"M","$","?","?","M","E","?","R","T","E","M","R","M","M","R","B"],"character_chosen":"IRONCLAD","items_purchased":["Medical Kit","True Grit","Fire Potion"],"campfire_rested":1,"item_purchase_floors":[19,19,19],"current_hp_per_floor":[68,68,65,61,67,67,41,41,41,59,42,41,14,20,42,31,64,61,61,61,61,67,48,48,48,48,25,31,31,37,34,34,0,0],"gold":130,"neow_bonus":"THREE_RARE_CARDS","is_daily":false,"chose_seed":false,"campfire_upgraded":4,"win_rate":0.0,"timestamp":1613179662,"path_taken":["M","$","?","M","M","R","E","R","T","?","E","M","E","M","R","BOSS","M","$","?","?","M","E","?","R","T","E","M","R","M","M","R","BOSS"],"items_purchased_type":["Relic","Card","Potion"],"build_version":"2020-12-22","purchased_purges":1,"victory":false,"max_hp_per_floor":[75,75,75,75,75,75,75,75,75,75,75,75,75,75,75,75,75,75,75,75,75,75,75,75,75,75,75,75,75,75,75,75,75,75],"relic_stats":{"Darkstone Periapt":0,"Shovel":1,"counters":[18,60],"Gambling Chip":[29],"Letter Opener":[20],"Champion Belt":[5],"Medical Kit":[12],"obtain_stats":[{"Darkstone Periapt":23,"Lantern":7,"Shovel":27,"Gambling Chip":13,"Mark of Pain":17,"Letter Opener":26,"Champion Belt":29,"Medical Kit":19,"Burning Blood":0,"InkBottle":9,"Paper Frog":11},{"Darkstone Periapt":13,"Lantern":5,"Shovel":14,"Gambling Chip":8,"Mark of Pain":10,"Letter Opener":13,"Champion Belt":15,"Medical Kit":11,"Burning Blood":0,"InkBottle":5,"Paper Frog":6},{"Darkstone Periapt":45,"Lantern":15,"Shovel":49,"Gambling Chip":27,"Mark of Pain":37,"Letter Opener":45,"Champion Belt":50,"Medical Kit":40,"Burning Blood":0,"InkBottle":15,"Paper Frog":20}],"Burning Blood":102,"InkBottle":[7]},"card_choices":[{"not_picked":["Reaper","Impervious"],"picked":"Immolate","floor":0.0},{"not_picked":["True Grit","Wild Strike"],"picked":"Headbutt","floor":1.0},{"not_picked":["Dropkick","Flex","Sword Boomerang"],"picked":"SKIP","floor":3.0},{"not_picked":["Impervious","Rampage"],"picked":"Armaments","floor":4.0},{"not_picked":["Warcry","Seeing Red","Flex"],"picked":"SKIP","floor":5.0},{"not_picked":["Infernal Blade","Barricade"],"picked":"Inflame","floor":7.0},{"not_picked":["Flex","Entrench","Armaments"],"picked":"SKIP","floor":11.0},{"not_picked":["Clash","Armaments"],"picked":"Shrug It Off","floor":12.0},{"not_picked":["Feed","Thunderclap"],"picked":"Battle Trance","floor":13.0},{"not_picked":["Pommel Strike","Flex","Sentinel"],"picked":"SKIP","floor":14.0},{"not_picked":["Corruption","Berserk"],"picked":"Immolate","floor":16.0},{"not_picked":["Blood for Blood","Metallicize"],"picked":"Sever Soul","floor":18.0},{"not_picked":["Clash","Pommel Strike"],"picked":"Thunderclap","floor":22.0},{"not_picked":["Perfected Strike","Sentinel","Pummel"],"picked":"SKIP","floor":23.0},{"not_picked":["Clothesline","Disarm","Anger"],"picked":"SKIP","floor":27.0},{"not_picked":["Berserk","Sword Boomerang"],"picked":"Havoc+1","floor":28.0},{"not_picked":["Shockwave","Headbutt"],"picked":"Rupture+1","floor":30},{"not_picked":["Havoc","Cleave"],"picked":"Shrug It Off","floor":31}],"player_experience":506070,"relics_obtained":[{"floor":7.0,"key":"Lantern"},{"floor":9.0,"key":"InkBottle"},{"floor":11.0,"key":"Paper Frog"},{"floor":13.0,"key":"Gambling Chip"},{"floor":23.0,"key":"Darkstone Periapt"},{"floor":26.0,"key":"Letter Opener"},{"floor":27.0,"key":"Shovel"},{"floor":29.0,"key":"Champion Belt"}],"event_choices":[{"damage_healed":18.0,"max_hp_gain":0.0,"max_hp_loss":0.0,"gold_gain":0.0,"event_name":"The Cleric","player_choice":"Healed","floor":10.0,"gold_loss":35.0,"damage_taken":0.0},{"damage_healed":0.0,"max_hp_gain":0.0,"max_hp_loss":0.0,"gold_gain":0.0,"event_name":"Ghosts","player_choice":"Ignored","floor":20.0,"gold_loss":0.0,"damage_taken":0.0},{"damage_healed":0.0,"max_hp_gain":0.0,"max_hp_loss":0.0,"gold_gain":0.0,"event_name":"The Mausoleum","player_choice":"Ignored","floor":21.0,"gold_loss":0.0,"damage_taken":0.0},{"damage_healed":0.0,"max_hp_gain":0.0,"max_hp_loss":0.0,"gold_gain":0.0,"event_name":"Vampires","player_choice":"Ignored","floor":24.0,"gold_loss":0.0,"damage_taken":0.0}],"is_beta":false,"boss_relics":[{"not_picked":["SlaversCollar","Busted Crown"],"picked":"Mark of Pain"}],"items_purged_floors":[2],"is_endless":false,"potions_floor_spawned":[1,5,7,16,22,28,30],"killed_by":"Collector","ascension_level":19}}