{"host":"i45hfqkcke4zequp","time":1613196583,"event":{"mods":["AchievementEnabler","BaseMod","BetterRewards","Minty Spire (QoL Compilation)","Permanent Neow","Shop Mod"],"gold_per_floor":[15,15,34,48,48,48,81,81,127,155,11,31,31,41,41,138,138,157,207,220,113,123,148,148,178,178,213,228,278,278,295,295,392,392,412,430,480,496,179,210,26,52,52,202,222,222,233,267,267,267],"floor_reached":51,"language":"KOR","playtime":4675,"items_purged":[],"score":1192,"play_id":"18e5006d-4803-4019-ad27-93dd9092e75c","local_time":"20210213150943","is_ascension_mode":true,"campfire_choices":[{"data":"Inflame","floor":6.0,"key":"SMITH"},{"floor":8.0,"key":"REST"},{"floor":13.0,"key":"REST"},{"data":"Flex","floor":15.0,"key":"SMITH"},{"floor":24.0,"key":"REST"},{"data":"Seeing Red","floor":30.0,"key":"SMITH"},{"floor":32.0,"key":"REST"},{"floor":46,"key":"REST"},{"floor":49,"key":"REST"}],"circlet_count":0,"master_deck":["Strike_R","Strike_R","Strike_R","Strike_R","Defend_R","Defend_R","Defend_R","Defend_R","Bash","Demon Form+1","Cleave","Inflame+1","Exhume","Shockwave","Spot Weakness","Flex+1","Offering","Dual Wield","Heavy Blade","Pummel","Anger+1","Pummel","Seeing Red+1","Power Through+1","Dropkick","Demon Form","Twin Strike+1","Twin Strike","Infernal Blade","Offering","Rupture","Pommel Strike+1","Berserk"],"relics":["Burning Blood","SsserpentHead","Oddly Smooth Stone","Ancient Tea Set","Pen Nib","Red Skull","Philosopher\u0027s Stone","MutagenicStrength","Bottled Flame","Art of War","Anchor","Mark of Pain","MerchantsRug","ClockworkSouvenir","Pantograph","DollysMirror","Lantern","Magic Flower","Nunchaku"],"acts_visited":["Exordium","TheCity","TheBeyond"],"potions_floor_usage":[38,40,48,50],"damage_taken":[{"damage":0.0,"enemies":"Small Slimes","floor":1.0,"turns":3.0},{"damage":16.0,"enemies":"2 Louse","floor":3.0,"turns":3.0},{"damage":6.0,"enemies":"Cultist","floor":4.0,"turns":3.0},{"damage":39.0,"enemies":"3 Sentries","floor":7.0,"turns":7.0},{"damage":22.0,"enemies":"Gremlin Nob","floor":10.0,"turns":4.0},{"damage":15.0,"enemies":"Blue Slaver","floor":12.0,"turns":4.0},{"damage":5.0,"enemies":"Red Slaver","floor":14.0,"turns":3.0},{"damage":28.0,"enemies":"Slime Boss","floor":16.0,"turns":7.0},{"damage":14.0,"enemies":"Chosen","floor":18.0,"turns":3.0},{"damage":12.0,"enemies":"Spheric Guardian","floor":20.0,"turns":3.0},{"damage":0.0,"enemies":"Snake Plant","floor":22.0,"turns":1.0},{"damage":23.0,"enemies":"Gremlin Leader","floor":23.0,"turns":4.0},{"damage":12.0,"enemies":"Slavers","floor":25.0,"turns":3.0},{"damage":28.0,"enemies":"Book of Stabbing","floor":27.0,"turns":3.0},{"damage":4.0,"enemies":"Chosen and Byrds","floor":28.0,"turns":2.0},{"damage":4.0,"enemies":"Centurion and Healer","floor":31.0,"turns":5.0},{"damage":27.0,"enemies":"Collector","floor":33.0,"turns":5.0},{"damage":6.0,"enemies":"3 Shapes","floor":35.0,"turns":1.0},{"damage":7.0,"enemies":"Orb Walker","floor":36.0,"turns":2.0},{"damage":65,"enemies":"3 Darklings","floor":38,"turns":5},{"damage":18,"enemies":"Giant Head","floor":40,"turns":5},{"damage":6,"enemies":"Reptomancer","floor":42,"turns":3},{"damage":26,"enemies":"Maw","floor":45,"turns":6},{"damage":3,"enemies":"Transient","floor":47,"turns":5},{"damage":51,"enemies":"Nemesis","floor":48,"turns":5},{"damage":72,"enemies":"Time Eater","floor":50,"turns":4}],"seed_played":"2244724939621429034","potions_obtained":[{"floor":1.0,"key":"Dexterity Potion"},{"floor":3.0,"key":"Weak Potion"},{"floor":10.0,"key":"FearPotion"},{"floor":14.0,"key":"EntropicBrew"},{"floor":23.0,"key":"Block Potion"},{"floor":31.0,"key":"BloodPotion"},{"floor":33.0,"key":"FairyPotion"},{"floor":40,"key":"BlessingOfTheForge"},{"floor":47,"key":"DistilledChaos"}],"is_trial":false,"path_per_floor":["M","?","M","M","?","R","E","R","T","E","$","M","R","M","R","B",null,"M","?","M","$","M","E","R","E","T","E","M","?","R","M","R","B",null,"M","M","?","M","$","E","$","E","T","?","M","R","M","E","R","B",null],"character_chosen":"IRONCLAD","items_purchased":["Red Skull","Heavy Blade","Pummel","MerchantsRug","ClockworkSouvenir","Twin Strike","DollysMirror","Rupture"],"campfire_rested":6,"item_purchase_floors":[11,21,21,39,39,39,41,41],"current_hp_per_floor":[78,78,68,68,68,68,35,59,59,43,43,34,58,59,59,37,69,61,61,55,55,61,44,68,62,62,40,42,42,42,44,68,47,72,72,71,71,28,28,28,28,28,28,28,11,35,41,45,69,17],"gold":267,"neow_bonus":"THREE_RARE_CARDS","is_daily":false,"chose_seed":false,"campfire_upgraded":3,"win_rate":0.0,"timestamp":1613196583,"path_taken":["M","?","M","M","?","R","E","R","T","E","$","M","R","M","R","BOSS","M","?","M","$","M","E","R","E","T","E","M","?","R","M","R","BOSS","M","M","?","M","$","E","$","E","T","?","M","R","M","E","R","BOSS"],"items_purchased_type":["Relic","Card","Card","Relic","Relic","Card","Relic","Card"],"build_version":"2020-12-22","purchased_purges":0,"victory":true,"max_hp_per_floor":[80,80,80,80,80,80,80,80,80,80,80,80,80,80,80,80,80,80,80,80,80,80,80,80,80,80,80,80,80,80,80,80,80,80,80,80,80,80,80,80,80,80,80,80,80,80,80,80,80,80],"card_choices":[{"not_picked":["Feed","Brutality"],"picked":"Demon Form","floor":0.0},{"not_picked":["Burning Pact","Iron Wave"],"picked":"Cleave","floor":1.0},{"not_picked":["Disarm","Flex"],"picked":"Inflame","floor":3.0},{"not_picked":["Evolve","Armaments","Body Slam"],"picked":"SKIP","floor":4.0},{"not_picked":["Battle Trance","Blood for Blood"],"picked":"Exhume","floor":7.0},{"not_picked":["Anger","Armaments"],"picked":"Shockwave","floor":10.0},{"not_picked":["Warcry","Carnage"],"picked":"Spot Weakness","floor":12.0},{"not_picked":["Havoc","Clash"],"picked":"Flex","floor":14.0},{"not_picked":["Bludgeon","Demon Form"],"picked":"Offering","floor":16.0},{"not_picked":["Flame Barrier","Twin Strike"],"picked":"Dual Wield","floor":18.0},{"not_picked":["Iron Wave","Headbutt+1","Shrug It Off"],"picked":"SKIP","floor":20.0},{"not_picked":["Armaments","Perfected Strike"],"picked":"Anger+1","floor":22.0},{"not_picked":["Clash","Twin Strike"],"picked":"Pummel","floor":23.0},{"not_picked":["Clash+1","Flex"],"picked":"Seeing Red","floor":25.0},{"not_picked":["Anger","True Grit","Feel No Pain"],"picked":"SKIP","floor":27.0},{"not_picked":["Clothesline","Metallicize","Shrug It Off"],"picked":"SKIP","floor":28.0},{"not_picked":["Clothesline","Metallicize","Shrug It Off"],"picked":"SKIP","floor":28.0},{"not_picked":["Exhume","Perfected Strike"],"picked":"Power Through+1","floor":31.0},{"not_picked":["Warcry+1","Dark Embrace"],"picked":"Dropkick","floor":32.0},{"not_picked":["Immolate","Fiend Fire"],"picked":"Demon Form","floor":33.0},{"not_picked":["Pommel Strike","True Grit+1","Evolve+1"],"picked":"SKIP","floor":35.0},{"not_picked":["Sever Soul","Intimidate"],"picked":"Twin Strike+1","floor":36.0},{"not_picked":["Havoc+1","True Grit+1","Rampage+1"],"picked":"SKIP","floor":38},{"not_picked":["Havoc+1","Warcry"],"picked":"Infernal Blade","floor":40},{"not_picked":["Barricade","Headbutt","Entrench+1"],"picked":"SKIP","floor":42},{"not_picked":["Entrench+1","Intimidate+1"],"picked":"Pommel Strike+1","floor":45},{"not_picked":["True Grit+1","Clothesline","Iron Wave+1"],"picked":"SKIP","floor":47},{"not_picked":["Sever Soul+1","Immolate"],"picked":"Berserk","floor":48}],"player_experience":539799,"relics_obtained":[{"floor":7.0,"key":"Oddly Smooth Stone"},{"floor":9.0,"key":"Ancient Tea Set"},{"floor":10.0,"key":"Pen Nib"},{"floor":23.0,"key":"Bottled Flame"},{"floor":25.0,"key":"Dream Catcher"},{"floor":26.0,"key":"Art of War"},{"floor":27.0,"key":"Anchor"},{"floor":40,"key":"Pantograph"},{"floor":42,"key":"Lantern"},{"floor":43,"key":"Magic Flower"},{"floor":48,"key":"Nunchaku"}],"event_choices":[{"damage_healed":0.0,"max_hp_gain":0.0,"max_hp_loss":0.0,"gold_gain":0.0,"event_name":"Living Wall","player_choice":"Grow","floor":2.0,"gold_loss":0.0,"damage_taken":0.0,"cards_upgraded":["Demon Form"]},{"damage_healed":0.0,"max_hp_gain":0.0,"max_hp_loss":0.0,"gold_gain":0.0,"event_name":"FaceTrader","player_choice":"Trade","floor":5.0,"gold_loss":0.0,"damage_taken":0.0,"relics_obtained":["SsserpentHead"]},{"damage_healed":0.0,"max_hp_gain":0.0,"max_hp_loss":0.0,"gold_gain":0.0,"event_name":"Drug Dealer","player_choice":"Inject Mutagens","floor":19.0,"gold_loss":0.0,"damage_taken":0.0,"relics_obtained":["MutagenicStrength"]},{"damage_healed":0.0,"max_hp_gain":0.0,"max_hp_loss":0.0,"gold_gain":0.0,"event_name":"N\u0027loth","player_choice":"Ignored","floor":29.0,"gold_loss":0.0,"damage_taken":0.0},{"cards_removed":["Strike_R"],"damage_healed":0.0,"max_hp_gain":0.0,"max_hp_loss":0.0,"gold_gain":0.0,"event_name":"Falling","player_choice":"Removed Attack","floor":37.0,"gold_loss":0.0,"damage_taken":0.0},{"damage_healed":0,"gold_gain":100,"player_choice":"Pray","damage_taken":0,"max_hp_gain":0,"max_hp_loss":0,"event_name":"Golden Shrine","floor":44,"gold_loss":0}],"is_beta":false,"boss_relics":[{"not_picked":["Sozu","SacredBark"],"picked":"Philosopher\u0027s Stone"},{"not_picked":["Runic Pyramid","Cursed Key"],"picked":"Mark of Pain"}],"items_purged_floors":[],"is_endless":false,"potions_floor_spawned":[1,3,10,14,22,23,27,31,33,36,40,47],"ascension_level":9}}