{"host":"xz7n3qy1zq36rzpg","time":1613218756,"event":{"mods":["BaseMod","Colored Map","Colored Powertips","Highlight Path","Minty Spire (QoL Compilation)","Quick Restart","Shop Mod"],"gold_per_floor":[117,95,156,171,187,221,221,235,260,260,260,288,288,325,325,435,435,405,261,261,261,261,261,261,261,261,261,261,261,261,261,261,261,261,261,211,211,211,20,20,20,20,20,20,20,20,20,20,20,20],"floor_reached":51,"language":"ENG","playtime":2393,"items_purged":[],"score":765,"play_id":"a3289d7c-9d0c-42b8-ae4d-b9ddd1705a88","local_time":"20210213131916","is_ascension_mode":true,"campfire_choices":[{"data":"Eruption","floor":7.0,"key":"SMITH"},{"data":"SashWhip","floor":10.0,"key":"SMITH"},{"data":"Consecrate","floor":13.0,"key":"SMITH"},{"data":"TalkToTheHand","floor":15.0,"key":"SMITH"},{"data":"DevaForm","floor":23.0,"key":"SMITH"},{"data":"SashWhip","floor":25.0,"key":"SMITH"},{"data":"Protect","floor":27.0,"key":"SMITH"},{"data":"Vigilance","floor":30.0,"key":"SMITH"},{"data":"CrushJoints","floor":32.0,"key":"SMITH"},{"data":"EmptyBody","floor":40.0,"key":"SMITH"},{"data":"CutThroughFate","floor":42,"key":"SMITH"},{"floor":49,"key":"REST"}],"circlet_count":0,"master_deck":["Strike_P","Strike_P","Strike_P","Strike_P","Defend_P","Defend_P","Defend_P","Defend_P","Eruption+1","Vigilance+1","SandsOfTime","Prostrate","CutThroughFate+1","Consecrate+1","Protect+1","SashWhip+1","Prostrate","TalkToTheHand+1","DevaForm+1","SashWhip+1","Consecrate+1","CrushJoints+1","Brilliance","Protect+1","EmptyBody+1","ThirdEye+1","Clumsy","EmptyFist+1","CutThroughFate+1"],"relics":["PureWater","Nunchaku","Bag of Preparation","Happy Flower","CeramicFish","Calipers","Ectoplasm","Bag of Marbles","SsserpentHead","Incense Burner","Eternal Feather","Centennial Puzzle","Cursed Key","ClockworkSouvenir","Vajra","Mummified Hand","Sundial"],"acts_visited":["Exordium","TheCity","TheBeyond"],"potions_floor_usage":[41,47,50],"damage_taken":[{"damage":3.0,"enemies":"Small Slimes","floor":1.0,"turns":4.0},{"damage":0.0,"enemies":"2 Louse","floor":4.0,"turns":3.0},{"damage":0.0,"enemies":"Cultist","floor":5.0,"turns":4.0},{"damage":14.0,"enemies":"Lagavulin","floor":6.0,"turns":5.0},{"damage":6.0,"enemies":"Exordium Thugs","floor":8.0,"turns":5.0},{"damage":0.0,"enemies":"Looter","floor":12.0,"turns":2.0},{"damage":4.0,"enemies":"3 Sentries","floor":14.0,"turns":4.0},{"damage":1.0,"enemies":"Slime Boss","floor":16.0,"turns":7.0},{"damage":6.0,"enemies":"2 Thieves","floor":18.0,"turns":2.0},{"damage":5.0,"enemies":"Chosen","floor":20.0,"turns":3.0},{"damage":0.0,"enemies":"Centurion and Healer","floor":22.0,"turns":3.0},{"damage":18.0,"enemies":"Book of Stabbing","floor":24.0,"turns":5.0},{"damage":0.0,"enemies":"Shelled Parasite and Fungi","floor":31.0,"turns":5.0},{"damage":9.0,"enemies":"Champ","floor":33.0,"turns":11.0},{"damage":0.0,"enemies":"3 Darklings","floor":35.0,"turns":4.0},{"damage":16,"enemies":"Nemesis","floor":41,"turns":7},{"damage":0,"enemies":"Orb Walker","floor":44,"turns":4},{"damage":16,"enemies":"Giant Head","floor":45,"turns":7},{"damage":19,"enemies":"Sphere and 2 Shapes","floor":46,"turns":3},{"damage":0,"enemies":"3 Darklings","floor":47,"turns":1},{"damage":51,"enemies":"Time Eater","floor":50,"turns":13}],"seed_played":"-1120219997850547520","potions_obtained":[{"floor":1.0,"key":"Explosive Potion"},{"floor":8.0,"key":"PowerPotion"},{"floor":14.0,"key":"DuplicationPotion"},{"floor":16.0,"key":"AttackPotion"},{"floor":22.0,"key":"Dexterity Potion"},{"floor":24.0,"key":"SteroidPotion"},{"floor":31.0,"key":"SmokeBomb"},{"floor":46,"key":"Dexterity Potion"}],"is_trial":false,"path_per_floor":["M","$","?","M","M","E","R","M","T","R","?","M","R","E","R","B",null,"M","$","M","?","M","R","E","R","T","R","T","?","R","M","R","B",null,"M","$","?","?","$","R","E","R","T","M","E","M","M","$","R","B",null],"character_chosen":"WATCHER","items_purchased":["Prostrate","Bag of Marbles","EmptyBody","ClockworkSouvenir","Strength Potion"],"campfire_rested":1,"item_purchase_floors":[2,19,36,39,39],"current_hp_per_floor":[69,69,69,69,69,55,55,49,49,49,49,49,49,45,45,44,72,66,66,61,61,61,61,43,43,43,55,55,55,67,67,72,63,72,72,72,72,72,72,72,56,71,71,71,55,36,36,36,72,21],"gold":20,"neow_bonus":"RANDOM_COMMON_RELIC","is_daily":false,"chose_seed":false,"campfire_upgraded":11,"win_rate":0.0,"timestamp":1613218756,"path_taken":["M","$","?","M","M","E","R","M","T","R","?","M","R","E","R","BOSS","M","$","M","?","?","R","E","R","T","R","?","?","R","M","R","BOSS","M","$","?","?","$","R","E","R","T","?","E","M","M","?","R","BOSS"],"items_purchased_type":["Card","Relic","Card","Relic","Potion"],"build_version":"2020-12-22","purchased_purges":0,"victory":true,"max_hp_per_floor":[72,72,72,72,72,72,72,72,72,72,72,72,72,72,72,72,72,72,72,72,72,72,72,72,72,72,72,72,72,72,72,72,72,72,72,72,72,72,72,72,72,72,72,72,72,72,72,72,72,72],"card_choices":[{"not_picked":["Evaluate","Indignation"],"picked":"SandsOfTime","floor":1.0},{"not_picked":["Protect","Crescendo"],"picked":"CutThroughFate","floor":4.0},{"not_picked":["ThirdEye","TalkToTheHand"],"picked":"Consecrate","floor":5.0},{"not_picked":["CrushJoints","Conclude"],"picked":"Protect","floor":6.0},{"not_picked":["ReachHeaven","FlurryOfBlows"],"picked":"SashWhip","floor":8.0},{"not_picked":["BowlingBash","Halt"],"picked":"Prostrate","floor":12.0},{"not_picked":["Collect","BowlingBash"],"picked":"TalkToTheHand","floor":14.0},{"not_picked":["ConjureBlade","Judgement"],"picked":"DevaForm","floor":16.0},{"not_picked":["SignatureMove+1","FlyingSleeves","Tantrum"],"picked":"SKIP","floor":18.0},{"not_picked":["Weave","Indignation"],"picked":"SashWhip","floor":20.0},{"not_picked":["FlyingSleeves","Tantrum+1","Conclude"],"picked":"SKIP","floor":22.0},{"not_picked":["JustLucky","Nirvana"],"picked":"Consecrate+1","floor":24.0},{"not_picked":["JustLucky","Establishment"],"picked":"CrushJoints","floor":31.0},{"not_picked":["LessonLearned","DevaForm"],"picked":"Brilliance","floor":33.0},{"not_picked":["FlurryOfBlows","SandsOfTime"],"picked":"Protect+1","floor":35.0},{"not_picked":["Weave+1","Omniscience"],"picked":"ThirdEye+1","floor":41},{"not_picked":["CutThroughFate","ReachHeaven"],"picked":"EmptyFist+1","floor":44},{"not_picked":["SandsOfTime","ClearTheMind","EmptyFist+1"],"picked":"SKIP","floor":45},{"not_picked":["Indignation","Prostrate"],"picked":"CutThroughFate+1","floor":46}],"player_experience":515318,"relics_obtained":[{"floor":6.0,"key":"Bag of Preparation"},{"floor":9.0,"key":"Happy Flower"},{"floor":14.0,"key":"Calipers"},{"floor":24.0,"key":"Incense Burner"},{"floor":26.0,"key":"Eternal Feather"},{"floor":28.0,"key":"Centennial Puzzle"},{"floor":41,"key":"Vajra"},{"floor":43,"key":"Mummified Hand"},{"floor":45,"key":"Sundial"}],"event_choices":[{"damage_healed":0.0,"max_hp_gain":0.0,"max_hp_loss":0.0,"gold_gain":61.0,"event_name":"Golden Wing","player_choice":"Gained Gold","floor":3.0,"gold_loss":0.0,"damage_taken":0.0},{"damage_healed":0.0,"max_hp_gain":0.0,"max_hp_loss":0.0,"gold_gain":0.0,"event_name":"Dead Adventurer","player_choice":"Searched \u00272\u0027 times","floor":11.0,"gold_loss":0.0,"damage_taken":0.0,"relics_obtained":["CeramicFish"]},{"damage_healed":0.0,"max_hp_gain":0.0,"max_hp_loss":0.0,"gold_gain":0.0,"event_name":"FaceTrader","player_choice":"Trade","floor":21.0,"gold_loss":0.0,"damage_taken":0.0,"relics_obtained":["SsserpentHead"]},{"damage_healed":0.0,"max_hp_gain":0.0,"max_hp_loss":0.0,"gold_gain":0.0,"event_name":"Vampires","player_choice":"Ignored","floor":29.0,"gold_loss":0.0,"damage_taken":0.0},{"damage_healed":0.0,"max_hp_gain":0.0,"max_hp_loss":0.0,"gold_gain":0.0,"event_name":"Tomb of Lord Red Mask","player_choice":"Ignored","floor":37.0,"gold_loss":0.0,"damage_taken":0.0},{"damage_healed":0.0,"max_hp_gain":0.0,"max_hp_loss":0.0,"gold_gain":100.0,"event_name":"Golden Shrine","player_choice":"Pray","floor":38.0,"gold_loss":0.0,"damage_taken":0.0}],"is_beta":false,"boss_relics":[{"not_picked":["Pandora\u0027s Box","Runic Dome"],"picked":"Ectoplasm"},{"not_picked":["Velvet Choker","SlaversCollar"],"picked":"Cursed Key"}],"items_purged_floors":[],"is_endless":false,"potions_floor_spawned":[1,8,14,16,22,24,31,46,47],"ascension_level":1}}