{"host":"fbdlh90rovbiajun","time":1613236916,"event":{"mods":["AchievementEnabler","BaseMod","Colored Map","Keyboard Shortcuts","Minty Spire (QoL Compilation)","SuperFastMode"],"gold_per_floor":[116,11,26,26,26,43,43,57,107,107,125,150,150,160,160,160,160],"floor_reached":16,"language":"KOR","playtime":755,"items_purged":[],"score":102,"play_id":"01f10d92-85ca-436b-a9cc-575e2ab1b843","local_time":"20210214022156","is_ascension_mode":false,"campfire_choices":[{"data":"Neutralize","floor":7,"key":"SMITH"},{"data":"Deadly Poison","floor":13,"key":"SMITH"},{"floor":15,"key":"REST"}],"circlet_count":0,"master_deck":["Strike_G","Strike_G","Strike_G","Strike_G","Strike_G","Defend_G","Defend_G","Defend_G+1","Defend_G","Defend_G+1","Survivor","Neutralize+1","Endless Agony","Calculated Gamble","Noxious Fumes+1","Acrobatics","Deadly Poison+1","Dodge and Roll","Footwork"],"relics":["Ring of the Snake","NeowsBlessing","War Paint","Toy Ornithopter","Regal Pillow"],"acts_visited":["Exordium"],"potions_floor_usage":[12,16],"damage_taken":[{"damage":0,"enemies":"2 Louse","floor":1,"turns":1},{"damage":0,"enemies":"Cultist","floor":3,"turns":1},{"damage":0,"enemies":"Jaw Worm","floor":6,"turns":1},{"damage":2,"enemies":"Lots of Slimes","floor":8,"turns":4},{"damage":0,"enemies":"Large Slime","floor":11,"turns":7},{"damage":33,"enemies":"Gremlin Nob","floor":12,"turns":6},{"damage":0,"enemies":"Blue Slaver","floor":14,"turns":5},{"damage":65,"enemies":"Slime Boss","floor":16,"turns":12}],"seed_played":"4767269626015092419","potions_obtained":[{"floor":1,"key":"SneckoOil"},{"floor":11,"key":"SneckoOil"},{"floor":12,"key":"Block Potion"}],"is_trial":false,"path_per_floor":["M","$","M","?","?","M","R","M","T","?","M","E","R","M","R","B"],"character_chosen":"THE_SILENT","items_purchased":["Calculated Gamble","Noxious Fumes"],"campfire_rested":1,"item_purchase_floors":[2,2],"current_hp_per_floor":[70,70,70,45,45,45,45,43,43,43,43,15,15,15,51,0,0],"gold":160,"neow_bonus":"THREE_ENEMY_KILL","is_daily":false,"chose_seed":false,"campfire_upgraded":2,"win_rate":0.0,"timestamp":1613236916,"path_taken":["M","$","M","?","?","M","R","?","T","?","?","E","R","M","R","BOSS"],"items_purchased_type":["Card","Card"],"build_version":"2020-12-22","purchased_purges":0,"victory":false,"max_hp_per_floor":[70,70,70,70,70,70,70,70,70,70,70,70,70,70,70,70,70],"card_choices":[{"not_picked":["Expertise","Blade Dance"],"picked":"Endless Agony","floor":1},{"not_picked":["Terror","Dodge and Roll"],"picked":"Acrobatics","floor":3},{"not_picked":["Acrobatics","Dodge and Roll"],"picked":"Deadly Poison","floor":6},{"not_picked":["Escape Plan","Endless Agony","Heel Hook"],"picked":"SKIP","floor":8},{"not_picked":["PiercingWail","Acrobatics","Flying Knee"],"picked":"SKIP","floor":11},{"not_picked":["Tools of the Trade","Acrobatics"],"picked":"Dodge and Roll","floor":12},{"not_picked":["Heel Hook","PiercingWail"],"picked":"Footwork","floor":14}],"player_experience":22969,"relics_obtained":[{"floor":9,"key":"Toy Ornithopter"},{"floor":12,"key":"Regal Pillow"}],"event_choices":[{"damage_healed":0,"gold_gain":0,"player_choice":"Success","damage_taken":25,"relics_obtained":["War Paint"],"max_hp_gain":0,"max_hp_loss":0,"event_name":"Scrap Ooze","floor":4,"gold_loss":0},{"damage_healed":0,"gold_gain":0,"player_choice":"Upgraded","damage_taken":0,"max_hp_gain":0,"max_hp_loss":0,"event_name":"Upgrade Shrine","floor":5,"gold_loss":0,"cards_upgraded":["Noxious Fumes"]},{"damage_healed":0,"gold_gain":0,"player_choice":"Bought 0 Potions","damage_taken":0,"max_hp_gain":0,"max_hp_loss":0,"event_name":"The Woman in Blue","floor":10,"gold_loss":0}],"is_beta":false,"boss_relics":[],"items_purged_floors":[],"is_endless":false,"potions_floor_spawned":[1,11,12],"killed_by":"Slime Boss","ascension_level":0}}