{"host":"Berg","time":1613180495,"event":{"mods":["AchievementEnabler","BaseMod","Colored Map","Gremlin Skip","Highlight Path","Minty Spire (QoL Compilation)","Relic Stats","StSLib"],"gold_per_floor":[116,132,147,147,167,167,197,197,197,227,245,259,277,66,66,141,141,158,193,193,74,87,87,116,129,152,167,167,167,183,198,198,273,273,289,23,41,53,72,72,72,72],"floor_reached":41,"language":"ENG","playtime":2177,"items_purged":[],"score":933,"play_id":"96d66da3-6c67-40f6-822d-cd49d3c2f173","local_time":"20210212204135","is_ascension_mode":true,"campfire_choices":[{"data":"Neutralize","floor":6,"key":"SMITH"},{"data":"Bane","floor":8,"key":"SMITH"},{"data":"Blade Dance","floor":15,"key":"SMITH"},{"data":"Well Laid Plans","floor":23,"key":"SMITH"},{"data":"Catalyst","floor":28,"key":"SMITH"},{"floor":32,"key":"REST"},{"floor":40,"key":"REST"}],"circlet_count":0,"master_deck":["AscendersBane","Defend_G","Defend_G","Survivor","Neutralize+1","Poisoned Stab","Bane+1","Flying Knee","Bouncing Flask","Dash","Dash","Blade Dance+1","Dagger Spray","Well Laid Plans+1","Glass Knife","Calculated Gamble","Bite","Bite","Bite","Bite","Noxious Fumes","Acrobatics","Terror","Catalyst+1","PiercingWail","Escape Plan+1","After Image","Catalyst+1","Malaise+1","Deadly Poison+1","Footwork","Crippling Poison","Blade Dance+1"],"relics":["Ring of the Snake","Anchor","Blood Vial","Shuriken","OrangePellets","Philosopher\u0027s Stone","Red Mask","Bird Faced Urn","Snake Skull","Boot","Astrolabe","Mummified Hand"],"acts_visited":["Exordium","TheCity","TheBeyond"],"potions_floor_usage":[19,24,25,37,38,38,38,41],"damage_taken":[{"damage":0,"enemies":"Cultist","floor":1,"turns":4},{"damage":12,"enemies":"Jaw Worm","floor":2,"turns":4},{"damage":5,"enemies":"Small Slimes","floor":3,"turns":4},{"damage":0,"enemies":"2 Fungi Beasts","floor":5,"turns":5},{"damage":7,"enemies":"Lagavulin","floor":7,"turns":6},{"damage":23,"enemies":"Gremlin Nob","floor":10,"turns":4},{"damage":0,"enemies":"Exordium Wildlife","floor":11,"turns":3},{"damage":0,"enemies":"Exordium Thugs","floor":12,"turns":4},{"damage":0,"enemies":"Red Slaver","floor":13,"turns":2},{"damage":23,"enemies":"Slime Boss","floor":16,"turns":6},{"damage":15,"enemies":"Chosen","floor":18,"turns":4},{"damage":20,"enemies":"Masked Bandits","floor":19,"turns":4},{"damage":10,"enemies":"Shell Parasite","floor":22,"turns":6},{"damage":28,"enemies":"Book of Stabbing","floor":24,"turns":5},{"damage":16,"enemies":"Cultist and Chosen","floor":25,"turns":5},{"damage":8,"enemies":"Centurion and Healer","floor":27,"turns":7},{"damage":15,"enemies":"Sentry and Sphere","floor":30,"turns":5},{"damage":9,"enemies":"Chosen and Byrds","floor":31,"turns":4},{"damage":49,"enemies":"Collector","floor":33,"turns":10},{"damage":3,"enemies":"3 Shapes","floor":35,"turns":8},{"damage":53,"enemies":"3 Darklings","floor":37,"turns":5},{"damage":13,"enemies":"Jaw Worm Horde","floor":38,"turns":4},{"damage":0,"enemies":"Transient","floor":39,"turns":6},{"damage":50,"enemies":"Reptomancer","floor":41,"turns":3}],"seed_played":"6600191868288323032","potions_obtained":[{"floor":2,"key":"Energy Potion"},{"floor":10,"key":"DistilledChaos"},{"floor":24,"key":"DistilledChaos"},{"floor":25,"key":"Poison Potion"},{"floor":35,"key":"EntropicBrew"},{"floor":39,"key":"Swift Potion"}],"is_trial":false,"path_per_floor":["M","M","M","?","M","R","E","R","T","E","M","M","M","$","R","B",null,"M","?","?","$","M","R","E","M","T","M","R","?","M","M","R","B",null,"M","$","M","M","M","R","E"],"character_chosen":"THE_SILENT","items_purchased":["Well Laid Plans","OrangePellets","Noxious Fumes","GamblersBrew","Mummified Hand"],"campfire_rested":2,"item_purchase_floors":[14,14,21,21,36],"current_hp_per_floor":[65,53,48,53,53,53,46,46,46,25,27,29,31,31,31,10,60,47,29,29,29,33,33,13,17,17,29,29,29,26,29,44,19,45,52,52,4,7,27,42,0,0],"gold":72,"neow_bonus":"TEN_PERCENT_HP_BONUS","is_daily":false,"chose_seed":false,"campfire_upgraded":5,"win_rate":0.0,"timestamp":1613180495,"path_taken":["M","?","M","?","M","R","E","R","T","E","M","M","M","?","R","BOSS","M","?","?","?","M","R","E","M","T","M","R","?","?","M","R","BOSS","M","$","M","M","M","R","E"],"items_purchased_type":["Card","Relic","Card","Potion","Relic"],"build_version":"2020-12-18","purchased_purges":0,"victory":false,"max_hp_per_floor":[72,72,72,77,77,77,77,77,77,77,77,77,77,77,77,77,77,77,77,53,53,53,53,53,53,53,53,53,53,53,53,53,53,53,53,53,53,53,53,53,53,53],"relic_stats":{"Blood Vial":37,"OrangePellets":[4],"counters":[24,118],"Shuriken":[59],"Mummified Hand":[14],"Bird Faced Urn":[46],"Astrolabe":["Catalyst","Malaise","Deadly Poison"],"Snake Skull":[77],"Boot":[36],"obtain_stats":[{"Blood Vial":9,"OrangePellets":14,"Anchor":7,"Shuriken":10,"Mummified Hand":36,"Bird Faced Urn":24,"Astrolabe":34,"Philosopher\u0027s Stone":17,"Snake Skull":26,"Red Mask":19,"Boot":29,"Ring of the Snake":0},{"Blood Vial":5,"OrangePellets":9,"Anchor":5,"Shuriken":6,"Mummified Hand":20,"Bird Faced Urn":14,"Astrolabe":19,"Philosopher\u0027s Stone":10,"Snake Skull":15,"Red Mask":12,"Boot":16,"Ring of the Snake":0},{"Blood Vial":23,"OrangePellets":36,"Anchor":23,"Shuriken":27,"Mummified Hand":100,"Bird Faced Urn":61,"Astrolabe":92,"Philosopher\u0027s Stone":42,"Snake Skull":66,"Red Mask":50,"Boot":73,"Ring of the Snake":0}],"Ring of the Snake":[48]},"card_choices":[{"not_picked":["Underhanded Strike","Eviscerate"],"picked":"Poisoned Stab","floor":1},{"not_picked":["Dagger Spray","PiercingWail"],"picked":"Bane","floor":2},{"not_picked":["After Image","Escape Plan"],"picked":"Flying Knee","floor":3},{"not_picked":["Poisoned Stab","Sucker Punch"],"picked":"Bouncing Flask","floor":5},{"not_picked":["Deadly Poison","Escape Plan"],"picked":"Dash","floor":7},{"not_picked":["Escape Plan","Tactician"],"picked":"Dash","floor":10},{"not_picked":["Bane","Crippling Poison"],"picked":"Blade Dance","floor":11},{"not_picked":["Quick Slash","Deadly Poison","Deflect"],"picked":"SKIP","floor":12},{"not_picked":["Poisoned Stab","Dagger Throw"],"picked":"Dagger Spray","floor":13},{"not_picked":["Unload","Grand Finale"],"picked":"Glass Knife","floor":16},{"not_picked":["Dodge and Roll","Reflex"],"picked":"Calculated Gamble","floor":18},{"not_picked":["Outmaneuver","Noxious Fumes"],"picked":"Acrobatics","floor":22},{"not_picked":["Prepared","Endless Agony","All Out Attack"],"picked":"SKIP","floor":24},{"not_picked":["Cloak And Dagger","Calculated Gamble"],"picked":"Terror","floor":25},{"not_picked":["Reflex","Poisoned Stab"],"picked":"Catalyst","floor":27},{"not_picked":["Doppelganger","Bouncing Flask"],"picked":"PiercingWail","floor":30},{"not_picked":["Deflect","Deadly Poison"],"picked":"Escape Plan+1","floor":31},{"not_picked":["Die Die Die","Venomology"],"picked":"After Image","floor":33},{"not_picked":["Poisoned Stab","Dagger Throw","Concentrate"],"picked":"SKIP","floor":35},{"not_picked":["Deadly Poison","Quick Slash"],"picked":"Footwork","floor":37},{"not_picked":["Sucker Punch","Dagger Throw+1"],"picked":"Crippling Poison","floor":38},{"not_picked":["Poisoned Stab+1","Eviscerate+1"],"picked":"Blade Dance+1","floor":39}],"player_experience":1344146,"relics_obtained":[{"floor":7,"key":"Anchor"},{"floor":9,"key":"Blood Vial"},{"floor":10,"key":"Shuriken"},{"floor":19,"key":"Red Mask"},{"floor":24,"key":"Bird Faced Urn"},{"floor":26,"key":"Snake Skull"}],"event_choices":[{"damage_healed":0,"gold_gain":0,"player_choice":"Donut","damage_taken":0,"max_hp_gain":5,"max_hp_loss":0,"event_name":"Big Fish","floor":4,"gold_loss":0},{"damage_healed":0,"gold_gain":0,"player_choice":"Fought Bandits","damage_taken":0,"max_hp_gain":0,"max_hp_loss":0,"event_name":"Masked Bandits","floor":19,"gold_loss":0},{"damage_healed":0,"gold_gain":0,"player_choice":"Became a vampire","damage_taken":0,"max_hp_gain":0,"max_hp_loss":24,"event_name":"Vampires","floor":20,"gold_loss":0,"cards_obtained":["Bite","Bite","Bite","Bite","Bite"]},{"cards_removed":["Bite"],"damage_healed":0,"gold_gain":0,"player_choice":"Gave Card","damage_taken":0,"relics_obtained":["Boot"],"max_hp_gain":0,"max_hp_loss":0,"event_name":"WeMeetAgain","floor":29,"gold_loss":0}],"is_beta":true,"boss_relics":[{"not_picked":["Empty Cage","Sozu"],"picked":"Philosopher\u0027s Stone"},{"not_picked":["Coffee Dripper","Snecko Eye"],"picked":"Astrolabe"}],"items_purged_floors":[],"is_endless":false,"potions_floor_spawned":[2,10,11,12,16,18,22,24,25,35,39],"killed_by":"Reptomancer","ascension_level":20}}