{"host":"fkig9nrckec4xsh0","time":1613175312,"event":{"mods":["Act Like it!","BaseMod","Colored Map","Gensokyo","Hermit","Marisa????????","Minty Spire (QoL Compilation)","Quick Restart","Replay The Spire","StSLib"],"gold_per_floor":[113,38,38,232,249,249,282,282,282,293,322,342,17,42,42,42,42],"floor_reached":16,"language":"ENG","playtime":560,"items_purged":["Strike_B"],"score":200,"play_id":"fcc178e6-e1de-422d-8353-4c4c3f40a30f","local_time":"20210212191512","is_ascension_mode":true,"campfire_choices":[{"data":"Streamline","floor":6,"key":"SMITH"},{"floor":15,"key":"REST"}],"circlet_count":0,"master_deck":["AscendersBane","Strike_B","Strike_B","Strike_B","Defend_B","Defend_B","Defend_B","Defend_B","Zap","Dualcast","Streamline+1","Cold Snap","BasicCrystalCard","FTL","Core Surge","ReplayTheSpireMod:Omega Cannon+1","Defragment"],"relics":["Cracked Core","NeowsBlessing","Gensokyo:PortableGap","Symbiotic Virus","Replay:Mystery Machine","Letter Opener","Blood Vial","Lantern"],"acts_visited":["Exordium"],"potions_floor_usage":[16,16],"damage_taken":[{"damage":0,"enemies":"Gensokyo:2_Kodama","floor":1,"turns":1},{"damage":0,"enemies":"Gensokyo:Python","floor":5,"turns":1},{"damage":0,"enemies":"Gensokyo:Mamizou","floor":7,"turns":2},{"damage":6,"enemies":"Gensokyo:Gryphon","floor":10,"turns":2},{"damage":12,"enemies":"Gensokyo:Cirno","floor":11,"turns":6},{"damage":8,"enemies":"Gensokyo:Python_and_Kodama","floor":12,"turns":3},{"damage":15,"enemies":"Gensokyo:Mamizou","floor":14,"turns":5},{"damage":25,"enemies":"Gensokyo:Reimu","floor":16,"turns":11}],"seed_played":"461275384597763584","potions_obtained":[{"floor":7,"key":"Dexterity Potion"},{"floor":11,"key":"Explosive Potion"},{"floor":14,"key":"Ancient Potion"}],"is_trial":false,"path_per_floor":["M","$","?","?","M","R","E","?","T","M","E","M","$","E","R","B"],"character_chosen":"DEFECT","items_purchased":["ReplayTheSpireMod:Omega Cannon+1","Defragment","Blood Vial"],"campfire_rested":1,"item_purchase_floors":[13,13,13],"current_hp_per_floor":[68,68,68,41,41,41,41,41,41,35,23,15,15,2,22,0,0],"gold":42,"neow_bonus":"THREE_ENEMY_KILL","is_daily":false,"chose_seed":false,"campfire_upgraded":1,"win_rate":0.0,"timestamp":1613175312,"path_taken":["M","?","?","?","?","R","E","?","T","M","E","M","$","E","R","BOSS"],"items_purchased_type":["Card","Card","Relic"],"build_version":"2020-12-22","purchased_purges":1,"victory":false,"max_hp_per_floor":[75,75,68,68,68,68,68,68,68,68,68,68,68,68,68,68,68],"card_choices":[{"not_picked":["Melter","Rebound"],"picked":"Streamline","floor":1},{"not_picked":["Coolheaded","Sweeping Beam","Steam"],"picked":"SKIP","floor":5},{"not_picked":["Melter","Sunder"],"picked":"Cold Snap","floor":7},{"not_picked":["Fusion","Cold Snap"],"picked":"BasicCrystalCard","floor":10},{"not_picked":["Hologram","Time Bomb"],"picked":"FTL","floor":11},{"not_picked":["Barrage","Crystallizer"],"picked":"Core Surge","floor":12},{"not_picked":["Compile Driver","ReplayTheSpireMod:GoodbyeWorld","Reinforced Body"],"picked":"SKIP","floor":14}],"player_experience":431754,"relics_obtained":[{"floor":7,"key":"Symbiotic Virus"},{"floor":9,"key":"Replay:Mystery Machine"},{"floor":11,"key":"Letter Opener"},{"floor":14,"key":"Lantern"}],"event_choices":[],"is_beta":false,"boss_relics":[],"items_purged_floors":[2],"is_endless":false,"potions_floor_spawned":[7,11,14],"killed_by":"Gensokyo:Reimu","ascension_level":10}}