{"host":"og21o26alpnbwmz8","time":1613243452,"event":{"mods":["Act Like it!","Aspiration","BaseMod","Conspire","Downfall","Gensokyo","Halation","Hubris","Jedi Mod","Mimic Mod","Minty Spire (QoL Compilation)","Pale of the Ancients","Reliquary","Replay The Spire","Shop Mod","Spikes Relics","StSLib","The Alterego","The Blue Laboratory","The Clintock","The Disciple","The Poker Player","The Witch","Waifu the Spire","Yuri Mod"],"gold_per_floor":[112,112,37,55,145,174,188,29,29,29,45,61,294,294,294,294,294],"floor_reached":16,"language":"ENG","playtime":819,"items_purged":["Strike_Br"],"score":135,"play_id":"ceea6313-779b-4ae4-b2ab-bdce6ecf3eb0","local_time":"20210213141052","is_ascension_mode":false,"campfire_choices":[{"data":"LockedWhetstone","floor":10,"key":"SMITH"},{"data":"SecondHand","floor":15,"key":"SMITH"}],"circlet_count":0,"master_deck":["Moderato+1","Strike_Br","Strike_Br","Strike_Br","Defend_Br","Defend_Br","Defend_Br","Defend_Br","SecondHand+1","PatternShift","LockedMercury","BiteCommand","LockedThread","ExoVibe","LockedWhetstone+1","LockedLightning+1","LockedAnchor","BeatsPerMinute+1"],"relics":["Chronometer","NeowsBlessing","Gensokyo:OccultBall","reliquary:OuijaBoard","PreservedInsect","Pear","conspire:Boomerang"],"acts_visited":["Exordium"],"potions_floor_usage":[13],"damage_taken":[{"damage":0,"enemies":"Gensokyo:Python","floor":1,"turns":1},{"damage":0,"enemies":"Gensokyo:Gryphon","floor":4,"turns":1},{"damage":0,"enemies":"Gensokyo:Cirno","floor":6,"turns":2},{"damage":2,"enemies":"Gensokyo:2_Kodama","floor":7,"turns":6},{"damage":10,"enemies":"Gensokyo:CorruptedTreant","floor":11,"turns":6},{"damage":9,"enemies":"Gensokyo:3_Kodama","floor":12,"turns":8},{"damage":12,"enemies":"Gensokyo:Mamizou","floor":13,"turns":12},{"damage":48,"enemies":"Gensokyo:Reimu","floor":16,"turns":12}],"seed_played":"3948308214650608680","potions_obtained":[{"floor":1,"key":"bronze:BurnAndBuffPotion"},{"floor":11,"key":"hexamod:SoulburnPotion"}],"is_trial":false,"path_per_floor":["M","?","$","M","?","E","M","COS","T","R","M","M","E","?","R","B"],"character_chosen":"CHRONO_CLASS","items_purchased":[],"campfire_rested":0,"item_purchase_floors":[],"current_hp_per_floor":[65,65,65,65,65,65,63,63,63,63,53,44,42,42,42,0,0],"gold":294,"neow_bonus":"THREE_ENEMY_KILL","is_daily":false,"chose_seed":false,"campfire_upgraded":2,"win_rate":0.0,"timestamp":1613243452,"path_taken":["M","?","?","M","?","E","M","COS","T","R","M","?","E","?","R","BOSS"],"items_purchased_type":[],"build_version":"2020-12-22","purchased_purges":1,"victory":false,"max_hp_per_floor":[65,65,65,65,65,65,65,65,65,65,65,65,75,75,75,75,75],"card_choices":[{"not_picked":["Parity","Engulf"],"picked":"LockedOrichalcum","floor":1},{"not_picked":["DaylightSavings","LockedTornado","EscortCommand"],"picked":"SKIP","floor":4},{"not_picked":["Parity","TiringSlam"],"picked":"LockedMercury","floor":5},{"not_picked":["Parity","WatchCommand"],"picked":"BiteCommand","floor":5},{"not_picked":["EscortCommand","CrunchTime"],"picked":"LockedThread","floor":5},{"not_picked":["WatchCommand","Echoward"],"picked":"ExoVibe","floor":6},{"not_picked":["VestedLegacy","WakeUpCall"],"picked":"LockedWhetstone","floor":7},{"not_picked":["LockedScales+1","PrimeTime+1"],"picked":"LockedLightning+1","floor":11},{"not_picked":["WindUp","WakeUpCall"],"picked":"LockedAnchor","floor":11},{"not_picked":["Echoward","Cuckoo"],"picked":"BeatsPerMinute","floor":12},{"not_picked":["Goo","HandsUpB","Flay"],"picked":"SKIP","floor":13}],"player_experience":300207,"relics_obtained":[{"floor":6,"key":"reliquary:OuijaBoard"},{"floor":13,"key":"Gensokyo:OccultBall"},{"floor":13,"key":"conspire:Boomerang"}],"event_choices":[],"is_beta":false,"boss_relics":[],"items_purged_floors":[3],"is_endless":false,"potions_floor_spawned":[1,11],"killed_by":"Gensokyo:Reimu","ascension_level":0}}