{"host":"1stlzvh7atuy33yh","time":1613252140,"event":{"mods":["BaseMod","Colored Map","Colored Powertips","Downfall","Friendly Minions","Minty Spire (QoL Compilation)","StSLib","The Marked","The Mystic"],"gold_per_floor":[118,193,193,203,214,247,267,279,279,293,313,313,313,324,324,428,428,446,470,440,428,443,443,463,463,516,516,516,142,159,175,175,175,175],"floor_reached":33,"language":"ENG","playtime":2876,"items_purged":["mysticmod:Defend_Mystic"],"score":253,"play_id":"91bb78e3-fa92-4028-9b45-9f96fb9dcbc5","local_time":"20210213163540","is_ascension_mode":false,"campfire_choices":[{"floor":13,"key":"REST"},{"data":"mysticmod:Daze","floor":15,"key":"SMITH"},{"floor":23,"key":"RECALL"},{"floor":25,"key":"REST"},{"floor":28,"key":"REST"},{"floor":32,"key":"REST"}],"circlet_count":0,"master_deck":["mysticmod:Strike_Mystic","mysticmod:Strike_Mystic","mysticmod:Strike_Mystic","mysticmod:Strike_Mystic","mysticmod:Defend_Mystic","mysticmod:Defend_Mystic","mysticmod:Defend_Mystic","mysticmod:ArcaneDodge","mysticmod:ShockingGrasp","mysticmod:LightningBolt","mysticmod:FiveFootStep","mysticmod:TomeOfSpells","mysticmod:Riposte","mysticmod:Disengage","mysticmod:Daze+1","mysticmod:Shield","mysticmod:HunkerDown","mysticmod:Lunge","mysticmod:CorrosiveTouch","mysticmod:Snowball"],"relics":["mysticmod:SpellBook","Tiny Chest","Darkstone Periapt","Busted Crown","Bronze Scales","Boot","Shuriken"],"acts_visited":["Exordium","TheCity"],"potions_floor_usage":[6,6,6,16,16,24,24,33],"damage_taken":[{"damage":4,"enemies":"Jaw Worm","floor":1,"turns":5},{"damage":0,"enemies":"2 Louse","floor":4,"turns":2},{"damage":0,"enemies":"Cultist","floor":5,"turns":3},{"damage":31,"enemies":"Lagavulin","floor":6,"turns":6},{"damage":0,"enemies":"Exordium Wildlife","floor":7,"turns":3},{"damage":0,"enemies":"3 Louse","floor":8,"turns":2},{"damage":0,"enemies":"Looter","floor":10,"turns":3},{"damage":0,"enemies":"Large Slime","floor":11,"turns":6},{"damage":1,"enemies":"Blue Slaver","floor":14,"turns":4},{"damage":27,"enemies":"Slime Boss","floor":16,"turns":17},{"damage":2,"enemies":"Shell Parasite","floor":18,"turns":7},{"damage":4,"enemies":"2 Thieves","floor":21,"turns":4},{"damage":35,"enemies":"Centurion and Healer","floor":22,"turns":14},{"damage":12,"enemies":"Snake Plant","floor":24,"turns":4},{"damage":8,"enemies":"Snecko","floor":30,"turns":5},{"damage":18,"enemies":"Centurion and Healer","floor":31,"turns":4},{"damage":75,"enemies":"Champ","floor":33,"turns":12}],"seed_played":"4230745939206978837","potions_obtained":[{"floor":1,"key":"EntropicBrew"},{"floor":6,"key":"BlessingOfTheForge"},{"floor":10,"key":"sneckomod:MuddlingPotion"},{"floor":16,"key":"LiquidBronze"},{"floor":20,"key":"GamblersBrew"},{"floor":20,"key":"LiquidBronze"},{"floor":30,"key":"EssenceOfSteel"}],"is_trial":false,"path_per_floor":["M","?","?","M","M","E","M","M","T","M","M","?","R","M","R","B",null,"M","T","?","M","M","R","M","R","T","?","R","$","M","M","R","B"],"character_chosen":"MYSTIC_CLASS","items_purchased":["mysticmod:CorrosiveTouch","Shuriken"],"campfire_rested":4,"item_purchase_floors":[29,29],"current_hp_per_floor":[73,62,67,67,67,36,36,36,36,36,36,36,60,59,59,32,82,80,80,80,76,41,41,29,53,53,53,77,77,69,51,75,0,0],"gold":175,"neow_bonus":"RANDOM_COMMON_RELIC","is_daily":false,"chose_seed":false,"campfire_upgraded":1,"win_rate":0.0,"timestamp":1613252140,"path_taken":["M","?","?","M","M","E","M","M","T","M","M","?","R","M","R","BOSS","M","?","?","M","?","R","M","R","T","?","R","$","M","M","R","BOSS"],"items_purchased_type":["Card","Relic"],"build_version":"2020-12-22","purchased_purges":1,"victory":false,"max_hp_per_floor":[77,77,82,82,82,82,82,82,82,82,82,82,82,82,82,82,82,82,82,82,82,82,82,82,82,82,82,82,82,82,82,82,82,82],"card_choices":[{"not_picked":["mysticmod:FloatingDisk","mysticmod:Sideswipe"],"picked":"mysticmod:LightningBolt","floor":1},{"not_picked":["mysticmod:PureInstinct","mysticmod:Grease"],"picked":"mysticmod:FiveFootStep","floor":4},{"not_picked":["mysticmod:PureInstinct","mysticmod:Grapple"],"picked":"mysticmod:TomeOfSpells","floor":5},{"not_picked":["mysticmod:Probe","mysticmod:IllusionOfCalm"],"picked":"mysticmod:Riposte","floor":6},{"not_picked":["mysticmod:SuddenClarity","mysticmod:MightyMagic"],"picked":"mysticmod:Disengage","floor":7},{"not_picked":["mysticmod:Doublecast","mysticmod:PowerAttack"],"picked":"mysticmod:Daze","floor":8},{"not_picked":["mysticmod:SuddenClarity","mysticmod:Feint"],"picked":"mysticmod:Shield","floor":10},{"not_picked":["mysticmod:FloatingDisk","mysticmod:ComponentsPouch"],"picked":"mysticmod:HunkerDown","floor":11},{"not_picked":["mysticmod:SummonFamiliar","mysticmod:Probe","mysticmod:TomeOfSpells"],"picked":"SKIP","floor":14},{"not_picked":["mysticmod:Haste","mysticmod:ClosingBarrage"],"picked":"mysticmod:Lunge","floor":16},{"not_picked":["mysticmod:EarthenWall"],"picked":"SKIP","floor":18},{"not_picked":["mysticmod:Riposte"],"picked":"SKIP","floor":21},{"not_picked":["mysticmod:Grease"],"picked":"SKIP","floor":22},{"not_picked":["mysticmod:PureInstinct"],"picked":"SKIP","floor":24},{"not_picked":[],"picked":"mysticmod:Snowball","floor":30},{"not_picked":["mysticmod:FiveFootStep+1"],"picked":"SKIP","floor":31}],"player_experience":111276,"relics_obtained":[{"floor":6,"key":"Darkstone Periapt"},{"floor":19,"key":"Bronze Scales"},{"floor":26,"key":"Boot"}],"event_choices":[{"damage_healed":0,"gold_gain":75,"player_choice":"Gather Gold","damage_taken":11,"max_hp_gain":0,"max_hp_loss":0,"event_name":"World of Goop","floor":2,"gold_loss":0},{"damage_healed":0,"gold_gain":0,"player_choice":"Donut","damage_taken":0,"max_hp_gain":5,"max_hp_loss":0,"event_name":"Big Fish","floor":3,"gold_loss":0},{"damage_healed":0,"gold_gain":0,"player_choice":"Ignored","damage_taken":0,"max_hp_gain":0,"max_hp_loss":0,"event_name":"Liars Game","floor":12,"gold_loss":0},{"damage_healed":0,"gold_gain":0,"player_choice":"Bought 2 Potions","damage_taken":0,"max_hp_gain":0,"max_hp_loss":0,"event_name":"The Woman in Blue","floor":20,"gold_loss":0},{"damage_healed":0,"gold_gain":0,"player_choice":"Ignored","damage_taken":0,"max_hp_gain":0,"max_hp_loss":0,"event_name":"Ghosts","floor":27,"gold_loss":0}],"is_beta":false,"boss_relics":[{"not_picked":["mysticmod:DeckOfManyThings","SlaversCollar"],"picked":"Busted Crown"}],"items_purged_floors":[29],"is_endless":false,"potions_floor_spawned":[1,6,10,16,22,30],"killed_by":"Champ","ascension_level":0}}