{"host":"zwezhz46a5cjkxff","time":1613200039,"event":{"mods":["AchievementEnabler","BaseMod","Colored Map","Colored Powertips","DeckTracker","Minty Spire (QoL Compilation)","Permanent Neow","Quick Restart","Rare Cards Sparkle","Relic Stats","StSLib","SuperFastMode"],"gold_per_floor":[111,130,130,141,159,186,186,197,197,210,221,248,29,49,49,151,151,166,76,6,16,27,27,55,55,132,132,159,173,173,186,186,290,290,309,61,81,81,101,133,133,133,183,213,226,240,240,268,268,268,268,268,11,41,41],"floor_reached":56,"language":"ENG","playtime":1633,"items_purged":["Defend_G","Strike_G"],"score":1523,"play_id":"983a8a43-2a1e-42e4-ba26-b4ac7faf168e","local_time":"20210213010719","is_ascension_mode":true,"campfire_choices":[{"floor":7,"key":"REST"},{"floor":15,"key":"REST"},{"data":"Terror","floor":23,"key":"SMITH"},{"floor":32,"key":"REST"},{"floor":41,"key":"RECALL"},{"floor":47,"key":"REST"},{"data":"Wraith Form v2","floor":49,"key":"SMITH"},{"data":"A Thousand Cuts","floor":52,"key":"SMITH"}],"circlet_count":0,"master_deck":["Strike_G","Strike_G","Defend_G","Defend_G","Defend_G","Survivor","Neutralize+1","Bullet Time","Blade Dance","Night Terror","Choke+1","Blade Dance+1","Infinite Blades","Accuracy","A Thousand Cuts+1","Infinite Blades","Terror+1","Blur","Accuracy","Wraith Form v2+1","Cloak And Dagger+1","Accuracy+1","Envenom","Accuracy"],"relics":["Ring of the Snake","Mummified Hand","Omamori","Orichalcum","SlaversCollar","Darkstone Periapt","Singing Bowl","Regal Pillow","Calling Bell","Bag of Preparation","White Beast Statue","Prayer Wheel","Bag of Marbles","Whetstone","Bronze Scales","Oddly Smooth Stone","Letter Opener","Nunchaku","Bottled Lightning","Tingsha"],"acts_visited":["Exordium","TheCity","TheBeyond","TheEnding"],"potions_floor_usage":[5,6,12,12,14,16,16,28,31,31,33,33,35,37,40,46,48,50,55],"damage_taken":[{"damage":0,"enemies":"2 Louse","floor":1,"turns":3},{"damage":2,"enemies":"Cultist","floor":2,"turns":5},{"damage":0,"enemies":"Jaw Worm","floor":4,"turns":3},{"damage":0,"enemies":"Lots of Slimes","floor":5,"turns":2},{"damage":40,"enemies":"Gremlin Nob","floor":6,"turns":5},{"damage":0,"enemies":"Looter","floor":8,"turns":1},{"damage":3,"enemies":"Blue Slaver","floor":10,"turns":3},{"damage":15,"enemies":"Large Slime","floor":11,"turns":5},{"damage":18,"enemies":"Lagavulin","floor":12,"turns":4},{"damage":0,"enemies":"2 Fungi Beasts","floor":14,"turns":2},{"damage":0,"enemies":"Slime Boss","floor":16,"turns":7},{"damage":6,"enemies":"3 Byrds","floor":18,"turns":3},{"damage":0,"enemies":"Chosen","floor":21,"turns":3},{"damage":12,"enemies":"3 Cultists","floor":22,"turns":4},{"damage":18,"enemies":"Book of Stabbing","floor":24,"turns":4},{"damage":16,"enemies":"Gremlin Leader","floor":28,"turns":5},{"damage":4,"enemies":"Cultist and Chosen","floor":29,"turns":4},{"damage":9,"enemies":"Shelled Parasite and Fungi","floor":31,"turns":4},{"damage":8,"enemies":"Automaton","floor":33,"turns":6},{"damage":0,"enemies":"Orb Walker","floor":35,"turns":2},{"damage":0,"enemies":"3 Darklings","floor":37,"turns":3},{"damage":20,"enemies":"Spire Growth","floor":39,"turns":5},{"damage":6,"enemies":"Giant Head","floor":40,"turns":4},{"damage":26,"enemies":"Nemesis","floor":44,"turns":3},{"damage":4,"enemies":"Maw","floor":45,"turns":5},{"damage":0,"enemies":"Jaw Worm Horde","floor":46,"turns":2},{"damage":11,"enemies":"Reptomancer","floor":48,"turns":2},{"damage":88,"enemies":"Donu and Deca","floor":50,"turns":7},{"damage":0,"enemies":"Shield and Spear","floor":54,"turns":4},{"damage":110,"enemies":"The Heart","floor":55,"turns":4}],"seed_played":"2231239574878112337","potions_obtained":[{"floor":4,"key":"AttackPotion"},{"floor":5,"key":"Poison Potion"},{"floor":6,"key":"BlessingOfTheForge"},{"floor":10,"key":"ColorlessPotion"},{"floor":12,"key":"EntropicBrew"},{"floor":21,"key":"SpeedPotion"},{"floor":28,"key":"Fruit Juice"},{"floor":29,"key":"PowerPotion"},{"floor":33,"key":"EntropicBrew"},{"floor":35,"key":"SpeedPotion"},{"floor":37,"key":"SpeedPotion"},{"floor":39,"key":"Explosive Potion"},{"floor":40,"key":"FairyPotion"},{"floor":44,"key":"Ancient Potion"},{"floor":45,"key":"Poison Potion"},{"floor":46,"key":"Swift Potion"},{"floor":48,"key":"Regen Potion"},{"floor":54,"key":"CunningPotion"}],"is_trial":false,"path_per_floor":["M","M","?","M","M","E","R","M","T","M","M","E","$","M","R","B",null,"M","?","$","M","M","R","E","?","T","?","E","M","?","M","R","B",null,"M","$","M","?","M","E","R","?","T","E","M","M","R","E","R","B",null,"R","$","E","B",null],"character_chosen":"THE_SILENT","items_purchased":["Orichalcum","Infinite Blades","Bag of Marbles","Bottled Lightning"],"campfire_rested":4,"item_purchase_floors":[13,20,36,53],"current_hp_per_floor":[63,61,61,61,61,21,39,39,39,36,21,3,3,3,21,63,63,57,57,57,57,45,45,27,27,27,48,37,33,24,17,53,45,70,70,70,74,70,54,50,50,50,50,26,26,28,71,60,60,28,94,94,94,94,19],"gold":41,"neow_bonus":"THREE_RARE_CARDS","is_daily":false,"chose_seed":false,"campfire_upgraded":3,"win_rate":0.0,"timestamp":1613200039,"path_taken":["M","M","?","M","M","E","R","M","T","M","M","E","$","?","R","BOSS","M","?","$","?","M","R","E","?","T","?","E","M","?","M","R","BOSS","M","$","M","?","M","E","R","?","T","E","M","?","R","E","R","BOSS","R","$","E","BOSS"],"items_purchased_type":["Relic","Card","Relic","Relic"],"build_version":"2020-12-22","purchased_purges":2,"victory":true,"max_hp_per_floor":[63,63,63,63,63,63,63,63,63,63,63,63,63,63,63,63,63,63,63,63,63,63,63,63,63,63,63,68,68,68,70,70,70,70,70,70,74,80,84,86,86,86,86,88,92,94,94,94,94,94,94,94,94,94,94],"relic_stats":{"Darkstone Periapt":0,"Regal Pillow":30,"Singing Bowl":26,"counters":[30,114],"Tingsha":[3],"Bag of Preparation":[22],"Whetstone":["Neutralize","Choke"],"Letter Opener":[50],"Orichalcum":[96],"Nunchaku":[6],"Mummified Hand":[90],"Bronze Scales":[103],"Prayer Wheel":5,"obtain_stats":[{"Darkstone Periapt":24,"Regal Pillow":28,"Singing Bowl":26,"Oddly Smooth Stone":43,"Tingsha":54,"Omamori":12,"Bag of Preparation":34,"Whetstone":40,"Letter Opener":44,"Orichalcum":13,"White Beast Statue":34,"Calling Bell":34,"SlaversCollar":17,"Nunchaku":48,"Mummified Hand":6,"Bronze Scales":42,"Prayer Wheel":34,"Bag of Marbles":36,"Bottled Lightning":53,"Ring of the Snake":0},{"Darkstone Periapt":15,"Regal Pillow":16,"Singing Bowl":15,"Oddly Smooth Stone":23,"Tingsha":29,"Omamori":9,"Bag of Preparation":19,"Whetstone":23,"Letter Opener":24,"Orichalcum":9,"White Beast Statue":19,"Calling Bell":19,"SlaversCollar":11,"Nunchaku":27,"Mummified Hand":5,"Bronze Scales":23,"Prayer Wheel":19,"Bag of Marbles":20,"Bottled Lightning":28,"Ring of the Snake":0},{"Darkstone Periapt":54,"Regal Pillow":59,"Singing Bowl":54,"Oddly Smooth Stone":87,"Tingsha":110,"Omamori":31,"Bag of Preparation":73,"Whetstone":87,"Letter Opener":90,"Orichalcum":31,"White Beast Statue":73,"Calling Bell":73,"SlaversCollar":40,"Nunchaku":99,"Mummified Hand":18,"Bronze Scales":87,"Prayer Wheel":73,"Bag of Marbles":75,"Bottled Lightning":106,"Ring of the Snake":0}],"Ring of the Snake":[60]},"card_choices":[{"not_picked":["Tools of the Trade","After Image"],"picked":"Bullet Time","floor":0},{"not_picked":["Quick Slash","Distraction","Bane"],"picked":"SKIP","floor":1},{"not_picked":["Prepared","Deflect"],"picked":"Blade Dance","floor":2},{"not_picked":["Catalyst","Malaise","Riddle With Holes"],"picked":"SKIP","floor":4},{"not_picked":["Flying Knee","Acrobatics"],"picked":"Choke","floor":5},{"not_picked":["Blur","Die Die Die"],"picked":"Blade Dance","floor":6},{"not_picked":["Leg Sweep","Underhanded Strike"],"picked":"Infinite Blades","floor":8},{"not_picked":["Calculated Gamble","Outmaneuver","Deadly Poison"],"picked":"SKIP","floor":10},{"not_picked":["Outmaneuver","Masterful Stab"],"picked":"Accuracy","floor":11},{"not_picked":["Bane","Reflex","Expertise"],"picked":"SKIP","floor":12},{"not_picked":["Leg Sweep","Acrobatics","Underhanded Strike"],"picked":"SKIP","floor":14},{"not_picked":["Adrenaline","Corpse Explosion"],"picked":"A Thousand Cuts","floor":16},{"not_picked":["Acrobatics","Dodge and Roll","Bane+1"],"picked":"SKIP","floor":18},{"not_picked":["Underhanded Strike","All Out Attack"],"picked":"Terror","floor":21},{"not_picked":["Expertise","Poisoned Stab","Prepared"],"picked":"SKIP","floor":22},{"not_picked":["Dagger Spray","Dodge and Roll","Quick Slash"],"picked":"SKIP","floor":24},{"not_picked":["Deflect","Catalyst"],"picked":"Blur","floor":28},{"not_picked":["Dodge and Roll","PiercingWail"],"picked":"Accuracy","floor":29},{"not_picked":["Deflect","Glass Knife","Quick Slash+1"],"picked":"Singing Bowl","floor":31},{"not_picked":["Grand Finale","Night Terror"],"picked":"Wraith Form v2","floor":33},{"not_picked":["Calculated Gamble+1","Infinite Blades"],"picked":"Cloak And Dagger+1","floor":35},{"not_picked":["Tactician","Flying Knee","Sucker Punch+1"],"picked":"SKIP","floor":35},{"not_picked":["PiercingWail","Setup+1","Predator+1"],"picked":"Singing Bowl","floor":37},{"not_picked":["Poisoned Stab+1","Bane+1","Backstab+1"],"picked":"Singing Bowl","floor":37},{"not_picked":["Purity","Dramatic Entrance","The Bomb"],"picked":"Singing Bowl","floor":38},{"not_picked":["PanicButton","Purity","Secret Technique"],"picked":"Singing Bowl","floor":38},{"not_picked":["Good Instincts","Dark Shackles","Impatience"],"picked":"Singing Bowl","floor":38},{"not_picked":["Poisoned Stab","Endless Agony+1","Dodge and Roll+1"],"picked":"Singing Bowl","floor":39},{"not_picked":["Outmaneuver+1","Crippling Poison","Acrobatics+1"],"picked":"Singing Bowl","floor":39},{"not_picked":["Skewer+1","Slice+1","Quick Slash"],"picked":"Singing Bowl","floor":40},{"not_picked":["Riddle With Holes","Dodge and Roll","Reflex+1"],"picked":"Singing Bowl","floor":44},{"not_picked":["Quick Slash+1","Catalyst","Terror"],"picked":"Singing Bowl","floor":45},{"not_picked":["Blade Dance","Quick Slash","Deflect+1"],"picked":"Singing Bowl","floor":45},{"not_picked":["Bane","Sucker Punch","Calculated Gamble"],"picked":"Singing Bowl","floor":46},{"not_picked":["Prepared","Skewer+1"],"picked":"Accuracy+1","floor":46},{"not_picked":["Dash","Underhanded Strike"],"picked":"Envenom","floor":48},{"not_picked":["Crippling Poison","Choke+1"],"picked":"Accuracy","floor":54}],"player_experience":106667,"relics_obtained":[{"floor":6,"key":"Mummified Hand"},{"floor":12,"key":"Omamori"},{"floor":24,"key":"Darkstone Periapt"},{"floor":26,"key":"Singing Bowl"},{"floor":28,"key":"Regal Pillow"},{"floor":34,"key":"Bag of Preparation"},{"floor":34,"key":"White Beast Statue"},{"floor":34,"key":"Prayer Wheel"},{"floor":40,"key":"Whetstone"},{"floor":43,"key":"Oddly Smooth Stone"},{"floor":44,"key":"Letter Opener"},{"floor":48,"key":"Nunchaku"},{"floor":54,"key":"Tingsha"}],"event_choices":[{"damage_healed":0,"gold_gain":0,"cards_transformed":["Strike_G"],"player_choice":"Transformed","damage_taken":0,"max_hp_gain":0,"max_hp_loss":0,"event_name":"Transmorgrifier","floor":3,"gold_loss":0,"cards_obtained":["Night Terror"]},{"cards_removed":["Strike_G"],"damage_healed":0,"gold_gain":0,"player_choice":"Upgrade and Remove","damage_taken":0,"max_hp_gain":0,"max_hp_loss":0,"event_name":"Designer","floor":19,"gold_loss":90,"cards_upgraded":["Blade Dance"]},{"cards_removed":["Defend_G"],"damage_healed":0,"gold_gain":0,"player_choice":"Elegance","damage_taken":0,"max_hp_gain":0,"max_hp_loss":0,"event_name":"Back to Basics","floor":25,"gold_loss":0},{"damage_healed":21,"gold_gain":0,"player_choice":"Heal","damage_taken":0,"max_hp_gain":0,"max_hp_loss":0,"event_name":"The Library","floor":27,"gold_loss":0},{"damage_healed":0,"gold_gain":0,"player_choice":"Stopped","damage_taken":9,"max_hp_gain":0,"max_hp_loss":0,"event_name":"Cursed Tome","floor":30,"gold_loss":0},{"damage_healed":0,"gold_gain":0,"player_choice":"Memory 3","damage_taken":10,"max_hp_gain":0,"max_hp_loss":0,"event_name":"SensoryStone","floor":38,"gold_loss":0},{"damage_healed":0,"gold_gain":0,"player_choice":"Gave Potion","damage_taken":0,"relics_obtained":["Bronze Scales"],"max_hp_gain":0,"max_hp_loss":0,"event_name":"WeMeetAgain","floor":42,"gold_loss":0}],"is_beta":false,"boss_relics":[{"not_picked":["Snecko Eye","Ring of the Serpent"],"picked":"SlaversCollar"},{"not_picked":["Runic Dome","Busted Crown"],"picked":"Calling Bell"}],"items_purged_floors":[13,36],"is_endless":false,"potions_floor_spawned":[4,5,6,10,12,21,28,29,33,35,37,39,40,44,45,46,48,54],"ascension_level":2}}