{"host":"8ztb9kwpjc2zof9s","time":1613192721,"event":{"mods":["BaseMod","Block Reminder","Curses Come First","Minty Spire (QoL Compilation)","Relic Stats","StSLib"],"gold_per_floor":[110,110,127,52,68,68,68],"floor_reached":6,"language":"ENG","playtime":295,"items_purged":[],"score":56,"play_id":"79be93ee-8f9b-4b4b-9d3b-25fcfec9894b","local_time":"20210212210521","is_ascension_mode":true,"campfire_choices":[],"circlet_count":0,"master_deck":["AscendersBane","Strike_G","Strike_G","Strike_G","Strike_G","Strike_G","Defend_G","Defend_G","Defend_G","Defend_G","Defend_G","Survivor","Neutralize","Deadly Poison","Bouncing Flask","Bouncing Flask","Crippling Poison"],"relics":["Ring of the Snake","Anchor","Art of War"],"acts_visited":["Exordium"],"potions_floor_usage":[6],"damage_taken":[{"damage":0,"enemies":"Small Slimes","floor":1,"turns":4},{"damage":0,"enemies":"Jaw Worm","floor":3,"turns":6},{"damage":0,"enemies":"Cultist","floor":5,"turns":3},{"damage":54,"enemies":"3 Sentries","floor":6,"turns":10}],"seed_played":"-9100561019221105712","potions_obtained":[{"floor":3,"key":"FearPotion"},{"floor":5,"key":"Block Potion"}],"is_trial":false,"path_per_floor":["M","?","M","$","M","E"],"character_chosen":"THE_SILENT","items_purchased":["Bouncing Flask"],"campfire_rested":0,"item_purchase_floors":[4],"current_hp_per_floor":[63,45,45,45,45,0,0],"gold":68,"neow_bonus":"RANDOM_COMMON_RELIC","is_daily":false,"chose_seed":false,"campfire_upgraded":0,"win_rate":0.0,"timestamp":1613192721,"path_taken":["M","?","M","?","M","E"],"items_purchased_type":["Card"],"build_version":"2020-12-22","purchased_purges":0,"victory":false,"max_hp_per_floor":[70,70,70,70,70,70,70],"relic_stats":{"counters":[4,23],"Art of War":[9],"obtain_stats":[{"Anchor":0,"Art of War":2,"Ring of the Snake":0},{"Anchor":0,"Art of War":1,"Ring of the Snake":0},{"Anchor":0,"Art of War":4,"Ring of the Snake":0}],"Ring of the Snake":[8]},"card_choices":[{"not_picked":["Prepared","Flying Knee"],"picked":"Deadly Poison","floor":1},{"not_picked":["Slice","Blade Dance"],"picked":"Bouncing Flask","floor":3},{"not_picked":["Outmaneuver","Glass Knife"],"picked":"Crippling Poison","floor":5}],"player_experience":314196,"relics_obtained":[],"event_choices":[{"damage_healed":0,"gold_gain":0,"player_choice":"Success","damage_taken":18,"relics_obtained":["Art of War"],"max_hp_gain":0,"max_hp_loss":0,"event_name":"Scrap Ooze","floor":2,"gold_loss":0}],"is_beta":false,"boss_relics":[],"items_purged_floors":[],"is_endless":false,"potions_floor_spawned":[3,5],"killed_by":"3 Sentries","ascension_level":11}}