{"host":"ifvrsrzj00f2ebkn","time":1613226959,"event":{"mods":["BaseMod","Colored Map","Colored Powertips","Minty Spire (QoL Compilation)","Random Character Button","Replay The Spire","StSLib"],"gold_per_floor":[113,113,132,78,78,78,98,98,98,45,65,65,65,83,83,184,184,200,26,42,42,42,42,58,58,58,58,68,81,6,6,6,6,6],"floor_reached":33,"language":"ENG","playtime":3195,"items_purged":["Bash","Strike_R"],"score":235,"play_id":"1c7b9892-e14d-4431-ab74-0728526ddeb3","local_time":"20210213223559","is_ascension_mode":false,"campfire_choices":[{"data":"Inflame","floor":6,"key":"SMITH"},{"data":"Pommel Strike","floor":8,"key":"SMITH"},{"data":"Cleave","floor":13,"key":"SMITH"},{"floor":15,"key":"REST"},{"data":"Battle Trance","floor":23,"key":"SMITH"},{"floor":32,"key":"REST"}],"circlet_count":0,"master_deck":["Strike_R","Strike_R","Defend_R","Defend_R","Defend_R","Defend_R","Pommel Strike+1","ReplayTheSpireMod:IOU","Inflame+1","Juggernaut+1","Cleave+1","Fiend Fire","Cleave","Battle Trance+1","Headbutt","Twin Strike"],"relics":["Burning Blood","Replay:Wax Seal","Kunai","Ginger","Mark of Pain","Snack Pack"],"acts_visited":["Exordium","TheCity"],"potions_floor_usage":[14,29,33],"damage_taken":[{"damage":3,"enemies":"Cultist","floor":1,"turns":5},{"damage":6,"enemies":"2 Louse","floor":3,"turns":3},{"damage":11,"enemies":"Jaw Worm","floor":7,"turns":4},{"damage":25,"enemies":"Exordium Wildlife","floor":11,"turns":4},{"damage":18,"enemies":"3 Louse","floor":14,"turns":2},{"damage":36,"enemies":"Slime Boss","floor":16,"turns":10},{"damage":13,"enemies":"3 Byrds","floor":18,"turns":5},{"damage":17,"enemies":"Shell Parasite","floor":20,"turns":5},{"damage":27,"enemies":"Centurion and Healer","floor":24,"turns":5},{"damage":7,"enemies":"Chosen and Byrds","floor":28,"turns":5},{"damage":21,"enemies":"Sentry and Sphere","floor":29,"turns":4},{"damage":84,"enemies":"Champ","floor":33,"turns":10}],"seed_played":"8762605014465530260","potions_obtained":[{"floor":1,"key":"Strength Potion"},{"floor":11,"key":"Dexterity Potion"},{"floor":28,"key":"Strength Potion"},{"floor":29,"key":"LifebloodPotion"}],"is_trial":false,"path_per_floor":["M","?","M","$","?","R","M","R","T","$","M","?","R","M","R","B",null,"M","$","M","$","?","R","M","?","T","?","M","M","?","$","R_BF","B"],"character_chosen":"IRONCLAD","items_purchased":["Inflame","Cleave","Battle Trance"],"campfire_rested":2,"item_purchase_floors":[4,10,19],"current_hp_per_floor":[88,76,76,76,76,76,71,71,71,71,52,52,52,40,66,36,88,81,81,70,70,70,70,49,49,49,49,52,37,37,37,63,0,0],"gold":6,"neow_bonus":"TEN_PERCENT_HP_BONUS","is_daily":false,"chose_seed":false,"campfire_upgraded":4,"win_rate":0.0,"timestamp":1613226959,"path_taken":["M","?","M","$","?","R","M","R","T","?","?","?","R","?","R","BOSS","M","$","M","?","?","R","M","?","T","?","?","M","?","$","R_BF","BOSS"],"items_purchased_type":["Card","Card","Card"],"build_version":"2020-12-22","purchased_purges":2,"victory":false,"max_hp_per_floor":[88,88,88,88,88,88,88,88,88,88,88,88,88,88,88,88,88,88,88,88,88,88,88,88,88,88,88,88,88,88,88,88,88,88],"card_choices":[{"not_picked":["Replay:Undeath\u0027s Touch","Shrug It Off"],"picked":"Pommel Strike","floor":1},{"not_picked":["Clash","Perfected Strike","Shrug It Off"],"picked":"SKIP","floor":3},{"not_picked":["Run Through","Carnage","Clash"],"picked":"SKIP","floor":7},{"not_picked":["Iron Wave","Thunderclap","Sword Boomerang"],"picked":"SKIP","floor":11},{"not_picked":["Iron Wave","Thunderclap","Sword Boomerang"],"picked":"SKIP","floor":11},{"not_picked":["ReplayTheSpireMod:Muscle Training","Thunderclap","Combust"],"picked":"SKIP","floor":14},{"not_picked":["Feed","Bludgeon"],"picked":"Fiend Fire","floor":16},{"not_picked":["ReplayTheSpireMod:Strike From Hell","Pommel Strike+1"],"picked":"Cleave","floor":18},{"not_picked":["Dual Wield+1","True Grit"],"picked":"Headbutt","floor":20},{"not_picked":["Iron Wave","Dual Wield+1"],"picked":"Twin Strike","floor":24},{"not_picked":["Clothesline","Searing Blow+1","Replay:Undeath\u0027s Touch+1"],"picked":"SKIP","floor":28},{"not_picked":["Twin Strike","Clash","Dropkick+1"],"picked":"SKIP","floor":29}],"player_experience":18441,"relics_obtained":[{"floor":9,"key":"Kunai"},{"floor":26,"key":"Snack Pack"}],"event_choices":[{"damage_healed":0,"gold_gain":0,"player_choice":"Success","damage_taken":12,"relics_obtained":["Replay:Wax Seal"],"max_hp_gain":0,"max_hp_loss":0,"event_name":"Scrap Ooze","floor":2,"gold_loss":0},{"damage_healed":0,"gold_gain":0,"player_choice":"Gave Potion","damage_taken":0,"relics_obtained":["Ginger"],"max_hp_gain":0,"max_hp_loss":0,"event_name":"WeMeetAgain","floor":12,"gold_loss":0},{"damage_healed":0,"gold_gain":0,"player_choice":"Ignored","damage_taken":0,"max_hp_gain":0,"max_hp_loss":0,"event_name":"Ghosts","floor":25,"gold_loss":0},{"cards_removed":["Strike_R"],"damage_healed":0,"gold_gain":0,"player_choice":"Gave Gold","damage_taken":0,"max_hp_gain":0,"max_hp_loss":0,"event_name":"Beggar","floor":30,"gold_loss":75}],"is_beta":false,"boss_relics":[{"not_picked":["Coffee Dripper","Cursed Key"],"picked":"Mark of Pain"}],"items_purged_floors":[4,19],"is_endless":false,"potions_floor_spawned":[1,11,28,29],"killed_by":"Champ","ascension_level":0}}