{"host":"z8k0b1oqxoiri7b9","time":1613188620,"event":{"mods":["AchievementEnabler","BaseMod","Downfall","Minty Spire (QoL Compilation)","StSLib"],"gold_per_floor":[99,113,23,41,57,69,93,93,93,93,110,130,130,280,298,298,298,298],"floor_reached":16,"language":"ENG","playtime":874,"items_purged":["bronze:Strike"],"score":94,"play_id":"6b0ff2b8-567f-4dd3-82fb-3492cc79afb8","local_time":"20210213115700","is_ascension_mode":false,"campfire_choices":[{"data":"bronze:Goto","floor":1,"key":"SMITH"},{"data":"bronze:CloningBeam","floor":10,"key":"SMITH"},{"data":"bronze:Branch","floor":13,"key":"SMITH"}],"circlet_count":0,"master_deck":["bronze:Strike","bronze:Strike","bronze:Strike","bronze:Defend","bronze:Defend","bronze:Defend","bronze:Defend","bronze:Replicate","bronze:Goto+1","bronze:Branch+1","bronze:ChosenStrike","bronze:BronzeOrb","bronze:CloningBeam+1","bronze:Overheat","bronze:Assembly","downfall:Icky"],"relics":["bronze:BronzeCore","Smiling Mask","Blue Candle"],"acts_visited":["Exordium"],"potions_floor_usage":[16,16,16],"damage_taken":[{"damage":0,"enemies":"Small Slimes","floor":2,"turns":3},{"damage":0,"enemies":"downfall:FleeingMerchant","floor":3,"turns":4},{"damage":0,"enemies":"2 Louse","floor":4,"turns":3},{"damage":0,"enemies":"Jaw Worm","floor":5,"turns":3},{"damage":7,"enemies":"Large Slime","floor":6,"turns":8},{"damage":2,"enemies":"Exordium Thugs","floor":11,"turns":4},{"damage":5,"enemies":"Exordium Wildlife","floor":12,"turns":5},{"damage":0,"enemies":"Gremlin Gang","floor":15,"turns":4},{"damage":62,"enemies":"WA_ARCHETYPE_RETAIN","floor":16,"turns":8}],"seed_played":"7197629924961880598","potions_obtained":[{"floor":2,"key":"hexamod:SoulburnPotion"},{"floor":4,"key":"LiquidMemories"},{"floor":5,"key":"AttackPotion"}],"is_trial":false,"path_per_floor":["R","M","$","M","M","M","T","?","?","R","M","M","R","?","M","B"],"character_chosen":"THE_AUTOMATON","items_purchased":[],"campfire_rested":0,"item_purchase_floors":[],"current_hp_per_floor":[77,77,77,77,77,70,70,70,65,65,63,58,58,58,58,0,0,0],"gold":298,"neow_bonus":"TEN_PERCENT_HP_BONUS","is_daily":false,"chose_seed":false,"campfire_upgraded":3,"win_rate":0.0,"timestamp":1613188620,"path_taken":["R","M","$","M","M","M","T","?","?","R","M","M","R","?","M","BOSS"],"items_purchased_type":[],"build_version":"2020-12-22","purchased_purges":1,"victory":false,"max_hp_per_floor":[77,77,77,77,77,77,77,77,77,77,77,77,77,77,77,77,77,77],"card_choices":[{"not_picked":["bronze:BugBarrage","bronze:Philosophize"],"picked":"bronze:Branch","floor":2},{"not_picked":["bronze:WhirlingStrike","bronze:WildBeam","bronze:ClassDefault"],"picked":"SKIP","floor":3},{"not_picked":["bronze:Shield","bronze:ChildClass"],"picked":"bronze:ChosenStrike","floor":4},{"not_picked":["bronze:BugBarrage","bronze:OilSpill"],"picked":"bronze:BronzeOrb","floor":5},{"not_picked":["bronze:WildBeam","bronze:GetLatest"],"picked":"bronze:CloningBeam","floor":6},{"not_picked":["bronze:OilSpill","bronze:WildBeam"],"picked":"bronze:Overheat","floor":11},{"not_picked":["bronze:BugBarrage","bronze:ClassDefault"],"picked":"bronze:Assembly","floor":12},{"not_picked":["bronze:Optimize","bronze:WildBeam","bronze:Iterate"],"picked":"SKIP","floor":15}],"player_experience":198971,"relics_obtained":[{"floor":7,"key":"Smiling Mask"}],"event_choices":[],"is_beta":false,"boss_relics":[],"items_purged_floors":[3],"is_endless":false,"potions_floor_spawned":[2,4,5,12,15],"killed_by":"WA_ARCHETYPE_RETAIN","ascension_level":0}}