{"host":"86nc795wsqxyrbm0","time":1613179736,"event":{"mods":["AchievementEnabler","BaseMod","Colored Map","Minty Spire (QoL Compilation)","StSLib"],"gold_per_floor":[109,119,130,148,4,18,51,68,91,124,144,159,159,175,175,275,275,295,295,313,328,427,427,427,427],"floor_reached":24,"language":"ENG","playtime":1491,"items_purged":[],"score":300,"play_id":"c031251a-179c-44d1-8615-b6cb3c21f0f2","local_time":"20210213012856","is_ascension_mode":true,"campfire_choices":[{"floor":13,"key":"REST"},{"floor":15,"key":"REST"},{"floor":23,"key":"REST"}],"circlet_count":0,"master_deck":["Strike_G","Strike_G","Strike_G","Strike_G","Strike_G","Defend_G","Defend_G","Defend_G","Defend_G","Survivor","Neutralize","Dagger Spray","Poisoned Stab","Backflip","Blade Dance","Storm of Steel","Noxious Fumes","Backstab","Footwork","Venomology","Deadly Poison"],"relics":["Ring of the Snake","Strawberry","Pantograph","Vajra","Question Card","Busted Crown"],"acts_visited":["Exordium","TheCity"],"potions_floor_usage":[7,7,16,16,18,20,20,21,24],"damage_taken":[{"damage":0,"enemies":"Cultist","floor":1,"turns":4},{"damage":3,"enemies":"2 Louse","floor":2,"turns":3},{"damage":0,"enemies":"Small Slimes","floor":3,"turns":4},{"damage":17,"enemies":"Exordium Wildlife","floor":4,"turns":6},{"damage":2,"enemies":"3 Louse","floor":6,"turns":3},{"damage":8,"enemies":"Gremlin Nob","floor":7,"turns":3},{"damage":0,"enemies":"Large Slime","floor":8,"turns":6},{"damage":15,"enemies":"3 Sentries","floor":10,"turns":4},{"damage":4,"enemies":"Lots of Slimes","floor":11,"turns":2},{"damage":3,"enemies":"Blue Slaver","floor":12,"turns":2},{"damage":0,"enemies":"2 Fungi Beasts","floor":14,"turns":2},{"damage":35,"enemies":"Hexaghost","floor":16,"turns":9},{"damage":9,"enemies":"Shell Parasite","floor":18,"turns":5},{"damage":1,"enemies":"Spheric Guardian","floor":20,"turns":4},{"damage":29,"enemies":"Chosen and Byrds","floor":21,"turns":5},{"damage":34,"enemies":"Book of Stabbing","floor":24,"turns":5}],"seed_played":"1680405730775516692","potions_obtained":[{"floor":2,"key":"Strength Potion"},{"floor":6,"key":"EntropicBrew"},{"floor":20,"key":"SneckoOil"}],"is_trial":false,"path_per_floor":["M","M","M","M","$","M","E","M","T","E","M","M","R","M","R","B",null,"M","?","M","M","?","R","E"],"character_chosen":"THE_SILENT","items_purchased":["Strawberry"],"campfire_rested":3,"item_purchase_floors":[5],"current_hp_per_floor":[63,60,60,43,50,48,40,40,40,25,21,18,41,41,64,42,68,59,43,42,13,13,36,14,14],"gold":427,"neow_bonus":"REMOVE_CARD","is_daily":false,"chose_seed":false,"campfire_upgraded":0,"win_rate":0.0,"timestamp":1613179736,"path_taken":["M","M","M","?","?","?","E","M","T","E","M","M","R","M","R","BOSS","M","?","M","M","?","R","E"],"items_purchased_type":["Relic"],"build_version":"2020-12-22","purchased_purges":0,"victory":false,"max_hp_per_floor":[70,70,70,70,77,77,77,77,77,77,77,77,77,77,77,77,77,77,77,77,77,77,77,77,77],"card_choices":[{"not_picked":["Setup","Slice"],"picked":"Dagger Spray","floor":1},{"not_picked":["Distraction","Outmaneuver","Prepared"],"picked":"SKIP","floor":2},{"not_picked":["Cloak And Dagger","All Out Attack"],"picked":"Poisoned Stab","floor":3},{"not_picked":["Acrobatics","Dodge and Roll"],"picked":"Backflip","floor":4},{"not_picked":["Outmaneuver","Sucker Punch"],"picked":"Blade Dance","floor":6},{"not_picked":["Bane","Dagger Spray"],"picked":"Storm of Steel","floor":7},{"not_picked":["Bane","Riddle With Holes"],"picked":"Noxious Fumes","floor":8},{"not_picked":["Flying Knee","Outmaneuver","Reflex"],"picked":"SKIP","floor":10},{"not_picked":["Eviscerate","Dagger Spray","Concentrate"],"picked":"Backstab","floor":11},{"not_picked":["Dash","Masterful Stab","Blur"],"picked":"Footwork","floor":12},{"not_picked":["Grand Finale","Predator","Outmaneuver","Choke"],"picked":"SKIP","floor":14},{"not_picked":["Glass Knife","Doppelganger","Unload"],"picked":"Venomology","floor":16},{"not_picked":["Caltrops"],"picked":"Deadly Poison","floor":18},{"not_picked":["Outmaneuver","Distraction"],"picked":"SKIP","floor":20},{"not_picked":["Setup","Flying Knee"],"picked":"SKIP","floor":21}],"player_experience":560174,"relics_obtained":[{"floor":7,"key":"Pantograph"},{"floor":9,"key":"Vajra"},{"floor":10,"key":"Question Card"}],"event_choices":[{"damage_healed":0,"gold_gain":0,"player_choice":"Obtained Book","damage_taken":16,"max_hp_gain":0,"max_hp_loss":0,"event_name":"Cursed Tome","floor":19,"gold_loss":0},{"damage_healed":0,"gold_gain":99,"player_choice":"Stole From Cult","damage_taken":0,"max_hp_gain":0,"max_hp_loss":0,"event_name":"Nest","floor":22,"gold_loss":0}],"is_beta":false,"boss_relics":[{"not_picked":["SlaversCollar","Velvet Choker"],"picked":"Busted Crown"}],"items_purged_floors":[],"is_endless":false,"potions_floor_spawned":[2,6,8,14,20],"killed_by":"Book of Stabbing","ascension_level":8}}