{"host":"nwtxriuk34b069je","time":1613254287,"event":{"mods":["AchievementEnabler","BaseMod","Better Skull","Colored Map","Colored Powertips","Hermit","Minty Spire (QoL Compilation)","Relic Stats","StSLib"],"gold_per_floor":[115,37,37,37,37,65,65,83,83,108,108,119,139,149,149,250,250,216,236,236,236,5,5,5,5,5,23,23,41,41,56,56,56,56],"floor_reached":33,"language":"ENG","playtime":1385,"items_purged":[],"score":355,"play_id":"2a15e5d8-0e33-405c-ada3-f34da66fdcd4","local_time":"20210213161127","is_ascension_mode":false,"campfire_choices":[{"floor":7,"key":"REST"},{"floor":11,"key":"REST"},{"floor":15,"key":"REST"},{"data":"Storm of Steel","floor":23,"key":"SMITH"},{"data":"1","floor":30,"key":"LIFT"},{"floor":32,"key":"REST"}],"circlet_count":0,"master_deck":["Strike_G+1","Strike_G+1","Strike_G+1","Strike_G+1","Defend_G+1","Defend_G+1","Defend_G+1","Defend_G+1","Survivor","Neutralize","Caltrops","Caltrops","Accuracy","Terror","Cloak And Dagger","Backflip","Storm of Steel+1","Bouncing Flask","Blur","Leg Sweep","Writhe","Dash","Storm of Steel","Bane","Cloak And Dagger","Blur"],"relics":["Ring of the Snake","Matryoshka","FaceOfCleric","Happy Flower","Smiling Mask","Potion Belt","Bronze Scales","ClockworkSouvenir","Ancient Tea Set","Boot","Girya"],"acts_visited":["Exordium","TheCity"],"potions_floor_usage":[10,18,18,18,33,33],"damage_taken":[{"damage":15,"enemies":"Cultist","floor":1,"turns":4},{"damage":43,"enemies":"3 Sentries","floor":6,"turns":11},{"damage":5,"enemies":"2 Louse","floor":8,"turns":4},{"damage":21,"enemies":"Lagavulin","floor":10,"turns":5},{"damage":3,"enemies":"Small Slimes","floor":12,"turns":3},{"damage":9,"enemies":"Blue Slaver","floor":13,"turns":4},{"damage":7,"enemies":"Large Slime","floor":14,"turns":8},{"damage":1,"enemies":"Hexaghost","floor":16,"turns":9},{"damage":16,"enemies":"2 Thieves","floor":18,"turns":5},{"damage":5,"enemies":"3 Byrds","floor":19,"turns":4},{"damage":13,"enemies":"Shelled Parasite and Fungi","floor":27,"turns":5},{"damage":0,"enemies":"Chosen and Byrds","floor":29,"turns":6},{"damage":0,"enemies":"Snake Plant","floor":31,"turns":2},{"damage":98,"enemies":"Automaton","floor":33,"turns":12}],"seed_played":"9194756270977627866","potions_obtained":[{"floor":8,"key":"SkillPotion"},{"floor":10,"key":"LiquidBronze"},{"floor":12,"key":"FearPotion"},{"floor":14,"key":"FearPotion"},{"floor":16,"key":"SpeedPotion"},{"floor":27,"key":"Energy Potion"},{"floor":31,"key":"Weak Potion"}],"is_trial":true,"path_per_floor":["M","$","T","$","?","E","R","M","T","E","R","M","M","M","R","B",null,"M","M","?","?","$","R","?","$","T","M","?","M","R","M","R","B"],"character_chosen":"THE_SILENT","items_purchased":["Caltrops","Leg Sweep","ClockworkSouvenir"],"campfire_rested":4,"item_purchase_floors":[2,22,22],"current_hp_per_floor":[55,55,55,55,55,13,34,30,30,10,31,29,21,15,37,37,77,62,58,58,58,58,58,58,58,58,46,46,47,47,48,72,0,0],"gold":56,"neow_bonus":"","is_daily":false,"chose_seed":false,"campfire_upgraded":1,"win_rate":0.0,"timestamp":1613254287,"path_taken":["M","?","?","$","?","E","R","M","T","E","R","M","?","M","R","BOSS","M","M","?","?","$","R","?","?","T","M","?","M","R","M","R","BOSS"],"items_purchased_type":["Card","Card","Relic"],"build_version":"2020-12-22","purchased_purges":0,"victory":false,"max_hp_per_floor":[70,70,70,70,70,71,71,72,72,73,73,74,75,76,76,77,77,78,79,79,79,79,79,79,79,79,80,80,81,81,82,82,82,82],"relic_stats":{"FaceOfCleric":12,"Happy Flower":[22],"counters":[14,82],"Bronze Scales":[213],"Smiling Mask":0,"Boot":[19],"obtain_stats":[{"Potion Belt":9,"Girya":26,"Matryoshka":3,"FaceOfCleric":5,"Happy Flower":6,"Bronze Scales":10,"Smiling Mask":9,"Ancient Tea Set":24,"Boot":26,"Ring of the Snake":0,"ClockworkSouvenir":22},{"Potion Belt":3,"Girya":10,"Matryoshka":1,"FaceOfCleric":1,"Happy Flower":2,"Bronze Scales":4,"Smiling Mask":3,"Ancient Tea Set":10,"Boot":10,"Ring of the Snake":0,"ClockworkSouvenir":10},{"Potion Belt":19,"Girya":57,"Matryoshka":4,"FaceOfCleric":4,"Happy Flower":15,"Bronze Scales":24,"Smiling Mask":19,"Ancient Tea Set":57,"Boot":57,"Ring of the Snake":0,"ClockworkSouvenir":57}],"Ring of the Snake":[28]},"card_choices":[{"not_picked":["Underhanded Strike","Backflip"],"picked":"Caltrops","floor":1},{"not_picked":["Riddle With Holes","Die Die Die"],"picked":"Accuracy","floor":6},{"not_picked":["Riddle With Holes","Accuracy"],"picked":"Terror","floor":8},{"not_picked":["Outmaneuver","Heel Hook"],"picked":"Cloak And Dagger","floor":10},{"not_picked":["PiercingWail","Concentrate","Calculated Gamble"],"picked":"SKIP","floor":12},{"not_picked":["Flying Knee","Prepared","Skewer"],"picked":"SKIP","floor":13},{"not_picked":["Bane","Predator"],"picked":"Backflip","floor":14},{"not_picked":["Glass Knife","Tools of the Trade"],"picked":"Storm of Steel","floor":16},{"not_picked":["Choke","Dagger Throw"],"picked":"Bouncing Flask","floor":18},{"not_picked":["Deflect","Footwork"],"picked":"Blur","floor":19},{"not_picked":["Backstab+1","Underhanded Strike"],"picked":"Dash","floor":27},{"not_picked":["Underhanded Strike","Backflip"],"picked":"Cloak And Dagger","floor":29},{"not_picked":["Acrobatics","Escape Plan+1"],"picked":"Blur","floor":31}],"player_experience":548232,"relics_obtained":[{"floor":3,"key":"Matryoshka"},{"floor":6,"key":"Happy Flower"},{"floor":9,"key":"Smiling Mask"},{"floor":9,"key":"Potion Belt"},{"floor":10,"key":"Bronze Scales"},{"floor":26,"key":"Boot"},{"floor":26,"key":"Girya"}],"event_choices":[{"damage_healed":0,"gold_gain":0,"player_choice":"Trade","damage_taken":0,"relics_obtained":["FaceOfCleric"],"max_hp_gain":0,"max_hp_loss":0,"event_name":"FaceTrader","floor":5,"gold_loss":0},{"damage_healed":0,"gold_gain":0,"player_choice":"Simplicity","damage_taken":0,"max_hp_gain":0,"max_hp_loss":0,"event_name":"Back to Basics","floor":20,"gold_loss":0,"cards_upgraded":["Strike_G","Strike_G","Strike_G","Strike_G","Strike_G","Defend_G","Defend_G","Defend_G","Defend_G","Defend_G"]},{"damage_healed":0,"gold_gain":0,"player_choice":"Opened","damage_taken":0,"relics_obtained":["Ancient Tea Set"],"max_hp_gain":0,"max_hp_loss":0,"event_name":"The Mausoleum","floor":24,"gold_loss":0,"cards_obtained":["Writhe"]},{"damage_healed":0,"gold_gain":0,"cards_transformed":["Defend_G","Strike_G"],"player_choice":"Became Test Subject","damage_taken":0,"max_hp_gain":0,"max_hp_loss":0,"event_name":"Drug Dealer","floor":28,"gold_loss":0,"cards_obtained":["Storm of Steel","Bane"]}],"is_beta":false,"boss_relics":[{"not_picked":["Snecko Eye","Ectoplasm","Pandora\u0027s Box"]}],"items_purged_floors":[],"is_endless":true,"potions_floor_spawned":[8,10,12,14,16,27,31],"killed_by":"Automaton","ascension_level":0}}