{"host":"d39t2qzp2z2irjsy","time":1613222365,"event":{"mods":["BaseMod","Marisa£®ÏF”Í°°ƒß¿Ì…≥£©","Minty Spire (QoL Compilation)","StSLib","The Bug Knight","The Cursed","The Servant 0.9.4"],"gold_per_floor":[210,210,210,94,44,69,69,88,88,104,104,116,16,36,36,141,191,203,203,203,222,222,257,257,267,267,267,267],"floor_reached":27,"language":"ZHS","playtime":849,"items_purged":["Defend_B","Strike_B"],"score":256,"play_id":"cea06d7a-b815-4e65-84fe-4e206a656750","local_time":"20210213211925","is_ascension_mode":false,"campfire_choices":[{"floor":7,"key":"REST"},{"floor":11,"key":"REST"},{"floor":15,"key":"REST"},{"floor":24,"key":"REST"}],"circlet_count":0,"master_deck":["Defend_B","Zap+1","Dualcast","Conserve Battery","Hello World","Hello World","Ball Lightning","Double Energy","Ball Lightning","Creative AI","Biased Cognition","Gash","Heatsinks+1","Ghostly","Ghostly","Ghostly","Ghostly","Ghostly","Tempest"],"relics":["Cracked Core","Sundial","Shuriken","Tiny House","Pen Nib","Kunai"],"acts_visited":["Exordium","TheCity"],"potions_floor_usage":[],"damage_taken":[{"damage":2,"enemies":"Small Slimes","floor":1,"turns":3},{"damage":13,"enemies":"Lagavulin","floor":6,"turns":5},{"damage":11,"enemies":"Jaw Worm","floor":8,"turns":3},{"damage":7,"enemies":"2 Louse","floor":10,"turns":2},{"damage":4,"enemies":"2 Fungi Beasts","floor":12,"turns":3},{"damage":18,"enemies":"3 Louse","floor":14,"turns":3},{"damage":66,"enemies":"The Guardian","floor":16,"turns":8},{"damage":23,"enemies":"2 Thieves","floor":18,"turns":4},{"damage":52,"enemies":"3 Byrds","floor":21,"turns":4},{"damage":4,"enemies":"Gremlin Leader","floor":23,"turns":6},{"damage":3,"enemies":"Snecko","floor":25,"turns":6},{"damage":13,"enemies":"Centurion and Healer","floor":27,"turns":2}],"seed_played":"-3301579269042240175","potions_obtained":[{"floor":6,"key":"LiquidBronze"},{"floor":10,"key":"EssenceOfDarkness"},{"floor":12,"key":"Explosive Potion"}],"is_trial":false,"path_per_floor":["M","?","?","$","?","E","R","M","T","M","R","M","$","M","R","B",null,"M","?","?","M","?","E","R","M","T","M"],"character_chosen":"DEFECT","items_purchased":["Hello World"],"campfire_rested":4,"item_purchase_floors":[4],"current_hp_per_floor":[73,66,66,66,66,53,75,64,64,57,75,71,71,53,75,9,80,57,57,57,5,5,1,13,10,10,0,0],"gold":267,"neow_bonus":"HUNDRED_GOLD","is_daily":false,"chose_seed":false,"campfire_upgraded":0,"win_rate":0.0,"timestamp":1613222365,"path_taken":["M","?","?","$","?","E","R","M","T","M","R","M","?","M","R","BOSS","M","?","?","M","?","E","R","M","T","M"],"items_purchased_type":["Card"],"build_version":"2020-12-22","purchased_purges":2,"victory":false,"max_hp_per_floor":[75,75,75,75,75,75,75,75,75,75,75,75,75,75,75,75,80,80,80,80,80,40,40,40,40,40,40,40],"card_choices":[{"not_picked":["Cold Snap","Coolheaded"],"picked":"Conserve Battery","floor":1},{"not_picked":["Conserve Battery","Streamline"],"picked":"Ball Lightning","floor":6},{"not_picked":["Cold Snap","Skim","Stack"],"picked":"SKIP","floor":8},{"not_picked":["Beam Cell","Reboot"],"picked":"Double Energy","floor":10},{"not_picked":["Compile Driver","Force Field"],"picked":"Ball Lightning","floor":12},{"not_picked":["Genetic Algorithm","Steam","Glacier"],"picked":"SKIP","floor":14},{"not_picked":["All For One","Amplify"],"picked":"Creative AI","floor":16},{"not_picked":["Leap","Cold Snap","Stack"],"picked":"SKIP","floor":18},{"not_picked":["Beam Cell+1","Darkness"],"picked":"Heatsinks+1","floor":21},{"not_picked":["Compile Driver","Coolheaded"],"picked":"Tempest","floor":23},{"not_picked":["Go for the Eyes","BootSequence","Beam Cell"],"picked":"SKIP","floor":25}],"player_experience":20862,"relics_obtained":[{"floor":6,"key":"Sundial"},{"floor":9,"key":"Shuriken"},{"floor":23,"key":"Pen Nib"},{"floor":26,"key":"Kunai"}],"event_choices":[{"cards_removed":["Strike_B"],"damage_healed":0,"gold_gain":0,"player_choice":"Card Removal","damage_taken":7,"max_hp_gain":0,"max_hp_loss":0,"event_name":"Golden Wing","floor":2,"gold_loss":0},{"damage_healed":0,"gold_gain":0,"cards_transformed":["Strike_B"],"player_choice":"Change","damage_taken":0,"max_hp_gain":0,"max_hp_loss":0,"event_name":"Living Wall","floor":3,"gold_loss":0,"cards_obtained":["Hello World"]},{"cards_removed":["Defend_B"],"damage_healed":0,"gold_gain":0,"player_choice":"Card Removal","damage_taken":0,"max_hp_gain":0,"max_hp_loss":0,"event_name":"The Cleric","floor":5,"gold_loss":50},{"damage_healed":0,"gold_gain":0,"cards_transformed":["Defend_B","Strike_B"],"player_choice":"Became Test Subject","damage_taken":0,"max_hp_gain":0,"max_hp_loss":0,"event_name":"Drug Dealer","floor":19,"gold_loss":0,"cards_obtained":["Biased Cognition","Gash"]},{"damage_healed":0,"gold_gain":0,"player_choice":"Ignored","damage_taken":0,"max_hp_gain":0,"max_hp_loss":0,"event_name":"Vampires","floor":20,"gold_loss":0},{"damage_healed":0,"gold_gain":0,"player_choice":"Became a Ghost","damage_taken":0,"max_hp_gain":0,"max_hp_loss":40,"event_name":"Ghosts","floor":22,"gold_loss":0,"cards_obtained":["Ghostly","Ghostly","Ghostly","Ghostly","Ghostly"]}],"is_beta":false,"boss_relics":[{"not_picked":["Fusion Hammer","Runic Dome"],"picked":"Tiny House"}],"items_purged_floors":[4,13],"is_endless":false,"potions_floor_spawned":[6,10,12,18,21,25],"killed_by":"Centurion and Healer","ascension_level":0}}