{"host":"8ztb9kwpjc2zof9s","time":1613192413,"event":{"mods":["BaseMod","Block Reminder","Curses Come First","Minty Spire (QoL Compilation)","Relic Stats","StSLib"],"gold_per_floor":[110,123,139,139,159,159,170,170,194,231,267,279,15,56,56,177,177,192,215,44,134,157,180,180,205,205,39,39,82,101,101,101],"floor_reached":31,"language":"ENG","playtime":7090,"items_purged":["Strike_G","Strike_G","Strike_G"],"score":405,"play_id":"dbf57934-804d-4b2e-986d-1579f4051c7c","local_time":"20210212210013","is_ascension_mode":true,"campfire_choices":[{"floor":6,"key":"REST"},{"floor":12,"key":"REST"},{"data":"Neutralize","floor":15,"key":"SMITH"},{"floor":24,"key":"REST"}],"circlet_count":0,"master_deck":["AscendersBane","Strike_G","Strike_G","Defend_G","Defend_G","Defend_G","Defend_G","Defend_G","Survivor","Neutralize+1","Cloak And Dagger","Accuracy","Footwork","Backflip","Blade Dance","Accuracy","Blade Dance","Footwork","Burst","Infinite Blades","Footwork","Catalyst","Infinite Blades","Accuracy","Choke"],"relics":["Ring of the Snake","Mango","Golden Idol","MawBank","Oddly Smooth Stone","Happy Flower","Black Star","Kunai","Akabeko","Gremlin Horn"],"acts_visited":["Exordium","TheCity"],"potions_floor_usage":[5,10,16,25],"damage_taken":[{"damage":39,"enemies":"Cultist","floor":1,"turns":8},{"damage":5,"enemies":"2 Louse","floor":2,"turns":4},{"damage":8,"enemies":"Jaw Worm","floor":3,"turns":6},{"damage":11,"enemies":"Gremlin Gang","floor":5,"turns":7},{"damage":0,"enemies":"Blue Slaver","floor":7,"turns":5},{"damage":0,"enemies":"2 Fungi Beasts","floor":10,"turns":4},{"damage":6,"enemies":"Exordium Wildlife","floor":11,"turns":5},{"damage":1,"enemies":"Lagavulin","floor":14,"turns":5},{"damage":6,"enemies":"The Guardian","floor":16,"turns":10},{"damage":10,"enemies":"Spheric Guardian","floor":18,"turns":7},{"damage":9,"enemies":"Shell Parasite","floor":19,"turns":7},{"damage":18,"enemies":"3 Cultists","floor":22,"turns":7},{"damage":6,"enemies":"Shelled Parasite and Fungi","floor":23,"turns":7},{"damage":9,"enemies":"Centurion and Healer","floor":25,"turns":8},{"damage":37,"enemies":"Gremlin Leader","floor":29,"turns":7},{"damage":19,"enemies":"Cultist and Chosen","floor":30,"turns":7},{"damage":25,"enemies":"Snake Plant","floor":31,"turns":4}],"seed_played":"6533371423411175176","potions_obtained":[{"floor":1,"key":"Explosive Potion"},{"floor":5,"key":"Strength Potion"},{"floor":7,"key":"SkillPotion"},{"floor":14,"key":"Block Potion"},{"floor":18,"key":"FairyPotion"},{"floor":23,"key":"Regen Potion"},{"floor":30,"key":"FearPotion"}],"is_trial":false,"path_per_floor":["M","M","M","?","M","R","M","?","T","M","M","R","$","E","R","B",null,"M","M","$","?","M","M","R","M","T","$","?","E","M","M"],"character_chosen":"THE_SILENT","items_purchased":["Blade Dance","Oddly Smooth Stone","Footwork","Infinite Blades"],"campfire_rested":3,"item_purchase_floors":[13,13,20,27],"current_hp_per_floor":[38,33,25,25,14,39,39,39,39,39,33,56,56,55,55,49,71,61,52,52,40,22,16,39,45,45,45,45,8,23,0,0],"gold":101,"neow_bonus":"ONE_RARE_RELIC","is_daily":false,"chose_seed":false,"campfire_upgraded":1,"win_rate":0.0,"timestamp":1613192413,"path_taken":["M","M","M","?","M","R","M","?","T","M","M","R","$","E","R","BOSS","M","M","$","?","M","?","R","M","T","$","?","E","M","M"],"items_purchased_type":["Card","Relic","Card","Card"],"build_version":"2020-12-22","purchased_purges":3,"victory":false,"max_hp_per_floor":[84,84,84,84,84,84,84,78,78,78,78,78,78,78,78,78,78,78,78,78,78,78,78,78,78,78,78,78,78,78,78,78],"relic_stats":{"Happy Flower":[21],"Gremlin Horn":[1,1],"counters":[17,108],"Golden Idol":78,"Black Star":1,"Kunai":[11],"MawBank":48,"obtain_stats":[{"Happy Flower":14,"Gremlin Horn":29,"Golden Idol":8,"Oddly Smooth Stone":13,"Mango":0,"Black Star":17,"Kunai":26,"MawBank":9,"Akabeko":29,"Ring of the Snake":0},{"Happy Flower":8,"Gremlin Horn":15,"Golden Idol":5,"Oddly Smooth Stone":7,"Mango":0,"Black Star":9,"Kunai":14,"MawBank":5,"Akabeko":15,"Ring of the Snake":0},{"Happy Flower":44,"Gremlin Horn":97,"Golden Idol":30,"Oddly Smooth Stone":39,"Mango":0,"Black Star":54,"Kunai":90,"MawBank":30,"Akabeko":97,"Ring of the Snake":0}],"Ring of the Snake":[34]},"card_choices":[{"not_picked":["Caltrops","Sucker Punch","Underhanded Strike"],"picked":"SKIP","floor":1},{"not_picked":["Bane","Flying Knee"],"picked":"Cloak And Dagger","floor":2},{"not_picked":["Slice","Backflip"],"picked":"Accuracy","floor":3},{"not_picked":["Flechettes","After Image"],"picked":"Footwork","floor":5},{"not_picked":["Dagger Spray","Sucker Punch"],"picked":"Backflip","floor":7},{"not_picked":["Backflip","Dagger Throw"],"picked":"Blade Dance","floor":10},{"not_picked":["Blade Dance","Riddle With Holes"],"picked":"Accuracy","floor":11},{"not_picked":["Sucker Punch","Burst"],"picked":"Footwork","floor":14},{"not_picked":["Night Terror","Doppelganger"],"picked":"Burst","floor":16},{"not_picked":["Flying Knee+1","Flechettes","Outmaneuver+1"],"picked":"SKIP","floor":18},{"not_picked":["Outmaneuver","Bane+1"],"picked":"Infinite Blades","floor":19},{"not_picked":["Distraction+1","Dagger Spray+1","Expertise+1"],"picked":"SKIP","floor":22},{"not_picked":["Concentrate+1","Quick Slash","Poisoned Stab"],"picked":"SKIP","floor":23},{"not_picked":["Deflect","Backflip"],"picked":"Catalyst","floor":25},{"not_picked":["Bane","Masterful Stab","Flying Knee"],"picked":"SKIP","floor":29},{"not_picked":["Reflex","Calculated Gamble"],"picked":"Choke","floor":30}],"player_experience":307106,"relics_obtained":[{"floor":9,"key":"MawBank"},{"floor":14,"key":"Happy Flower"},{"floor":26,"key":"Kunai"},{"floor":29,"key":"Akabeko"},{"floor":29,"key":"Gremlin Horn"}],"event_choices":[{"cards_removed":["Pain"],"damage_healed":0,"gold_gain":0,"player_choice":"Forget","damage_taken":0,"max_hp_gain":0,"max_hp_loss":0,"event_name":"Living Wall","floor":4,"gold_loss":0},{"damage_healed":0,"gold_gain":0,"player_choice":"Lose Max HP","damage_taken":0,"relics_obtained":["Golden Idol"],"max_hp_gain":0,"max_hp_loss":6,"event_name":"Golden Idol","floor":8,"gold_loss":0},{"damage_healed":0,"gold_gain":90,"player_choice":"GOLD ","damage_taken":12,"max_hp_gain":0,"max_hp_loss":0,"event_name":"Knowing Skull","floor":21,"potions_obtained":[],"gold_loss":0,"cards_obtained":[]},{"damage_healed":0,"gold_gain":0,"player_choice":"Copied","damage_taken":0,"max_hp_gain":0,"max_hp_loss":0,"event_name":"Duplicator","floor":28,"gold_loss":0,"cards_obtained":["Accuracy"]}],"is_beta":false,"boss_relics":[{"not_picked":["Astrolabe","SacredBark"],"picked":"Black Star"}],"items_purged_floors":[13,20,27],"is_endless":false,"potions_floor_spawned":[1,5,7,14,18,22,23,30],"killed_by":"Snake Plant","ascension_level":11}}