{"host":"cepa1iaiubs928mn","time":1613244035,"event":{"mods":["Bard","BaseMod","Beaked The Cultist","Conspire","Gremlin Mod","Hermit","Hubris","KinomotoSakuraMod(ÙÊñýÜâ?)","Luminous","Marisa£¨Ùöéë¡¡Øª×âÞÞ£©","Mimic Mod","Minty Spire (QoL Compilation)","Quick Restart","Replay The Spire","Robot Space Explorer","Shop Mod","StSLib","Td1madao Mod","The Animator","The Bladedancer","The Bug Knight","The Construct","The Cursed","The Disciple","The Dragon Tamer","The Gatherer","The Hierophant","The Mystic","The Necromancer","The Poker Player","The Runesmith","The Senshi","The Servant 0.9.4","The Witch","Waifu the Spire","Youmu£¨ûëÛÞèí?£©","Yuri Mod"],"gold_per_floor":[111,111,131,146,146,146,71,71,105,150,150,150,160,160,174,188,188,293,293,310,310,329,329,184,184,184,184,196,196,196,196,209,209,209,228,228,332,332,348,361,374,388,388,388],"floor_reached":43,"language":"KOR","playtime":1608,"items_purged":["construct:Defend_Gold","Decay","construct:ElectricArmor"],"score":545,"play_id":"3b97ee24-8044-4f90-8550-ca97554233ec","local_time":"20210214042035","is_ascension_mode":false,"campfire_choices":[{"data":"construct:Synchronize","floor":6.0,"key":"SMITH"},{"data":"construct:Strike_Gold","floor":8.0,"key":"SMITH"},{"data":"construct:VentSteam","floor":14.0,"key":"SMITH"},{"floor":17.0,"key":"REST"},{"floor":27.0,"key":"REST"},{"floor":31,"key":"REST"},{"floor":34,"key":"REST"},{"data":"construct:LaserCore","floor":36,"key":"SMITH"}],"circlet_count":0,"master_deck":["construct:Strike_Gold+1","construct:Strike_Gold+1","construct:Strike_Gold+1","construct:Strike_Gold+1","construct:Strike_Gold+1","construct:Defend_Gold","construct:Defend_Gold","construct:Defend_Gold","construct:Defend_Gold","construct:AttackMode","construct:Synchronize+1","construct:ShiftStrike","construct:VentSteam+1","construct:Zapper","construct:Autoturret","construct:LaserCore+1","construct:Autoturret+1"],"relics":["construct:Cogwheel","NeowsBlessing","Replay:Baseball","construct:FoamFinger","Painkiller Herb","hubris:EvacipatedBox","Ring of Peace","Replay:Bottled Eggs","hubris:Backtick","Replay:Antivirus Software"],"acts_visited":["Exordium","TheCity","TheBeyond"],"potions_floor_usage":[41,42,42,42,43,43],"damage_taken":[{"damage":0.0,"enemies":"Small Slimes","floor":1.0,"turns":1.0},{"damage":0.0,"enemies":"Cultist","floor":3.0,"turns":1.0},{"damage":1.0,"enemies":"Jaw Worm","floor":4.0,"turns":2.0},{"damage":4.0,"enemies":"Exordium Thugs","floor":9.0,"turns":6.0},{"damage":5.0,"enemies":"Exordium Thugs","floor":13.0,"turns":3.0},{"damage":11.0,"enemies":"2 Fungi Beasts","floor":15.0,"turns":3.0},{"damage":2.0,"enemies":"3 Louse","floor":16.0,"turns":3.0},{"damage":38.0,"enemies":"The Guardian","floor":18.0,"turns":5.0},{"damage":20.0,"enemies":"Spheric Guardian","floor":20.0,"turns":4.0},{"damage":5.0,"enemies":"3 Byrds","floor":22.0,"turns":3.0},{"damage":14.0,"enemies":"Cultist and Chosen","floor":28.0,"turns":5.0},{"damage":22,"enemies":"Snake Plant","floor":32,"turns":4},{"damage":4,"enemies":"3 Cultists","floor":35,"turns":3},{"damage":37,"enemies":"Pondfish","floor":37,"turns":9},{"damage":11,"enemies":"Orb Walker","floor":39,"turns":4},{"damage":14,"enemies":"3 Shapes","floor":40,"turns":4},{"damage":32,"enemies":"Maw","floor":41,"turns":6},{"damage":21,"enemies":"Spire Growth","floor":42,"turns":4},{"damage":7,"enemies":"4 Shapes","floor":43,"turns":3}],"seed_played":"6714350953796661511","potions_obtained":[{"floor":4.0,"key":"ColorlessPotion"},{"floor":13.0,"key":"Energy Potion"},{"floor":15.0,"key":"Explosive Potion"},{"floor":22.0,"key":"EssenceOfSteel"},{"floor":35,"key":"Milkshake"},{"floor":37,"key":"EntropicBrew"},{"floor":39,"key":"PowerPotion"},{"floor":42,"key":"SkillPotion"}],"is_trial":false,"path_per_floor":["M","?","M","M","?","R","$","R","MIM","?","PTL","PTL","M","R","M","M","R","B",null,"?","?","?","T","T","PTL","PTL","T","?","?","T","T","?","?","T","?","T","B",null,"?","?","?","?","?"],"character_chosen":"THE_CONSTRUCT_MOD","items_purchased":["hubris:EvacipatedBox","construct:Autoturret"],"campfire_rested":4,"item_purchase_floors":[23,24],"current_hp_per_floor":[85,85,85,84,84,84,84,84,80,59,59,59,54,54,43,41,66,28,85,65,65,60,36,36,36,36,61,47,47,47,72,50,50,74,70,70,33,81,70,56,24,3,0,0],"gold":388,"neow_bonus":"THREE_ENEMY_KILL","is_daily":false,"chose_seed":false,"campfire_upgraded":4,"win_rate":0.0,"timestamp":1613244035,"path_taken":["M","?","?","M","?","R","?","R","MIM","?","PTL","PTL","M","R","M","M","R","BOSS","?","?","?","?","T","PTL","PTL","T","?","?","T","T","?","?","T","?","T","BOSS","?","?","?","?","?"],"items_purchased_type":["Relic","Card"],"build_version":"2020-12-22","purchased_purges":3,"victory":false,"max_hp_per_floor":[85,85,85,85,85,85,85,85,85,85,85,85,85,85,85,85,85,85,85,85,85,85,85,85,85,85,85,85,85,85,85,85,81,81,81,81,81,81,81,81,81,81,81,81],"card_choices":[{"not_picked":["construct:Anticipate","construct:FierceBash"],"picked":"construct:Synchronize","floor":1.0},{"not_picked":["construct:VentSteam","construct:PointDefense"],"picked":"construct:ElectricArmor","floor":3.0},{"not_picked":["construct:OneWayMirror","construct:MetalShell","construct:UnbalancingBlast"],"picked":"SKIP","floor":4.0},{"not_picked":["construct:Impenetrable","construct:ModeShift"],"picked":"construct:ShiftStrike","floor":9.0},{"not_picked":["construct:ClusterMines","construct:Anticipate"],"picked":"construct:VentSteam","floor":10.0},{"not_picked":["construct:Analyze","construct:Forcefield","construct:PowerUp"],"picked":"SKIP","floor":13.0},{"not_picked":["construct:HeavyBolt","construct:ShiftStrike","construct:Impenetrable"],"picked":"SKIP","floor":15.0},{"not_picked":["construct:Accumulate","construct:ClusterMines"],"picked":"construct:Zapper","floor":16.0},{"not_picked":["construct:Hazardproof","construct:Disrupt+1","construct:Boost"],"picked":"SKIP","floor":20.0},{"not_picked":["construct:Accumulate","construct:ScrapCannon","construct:Reinforce"],"picked":"SKIP","floor":22.0},{"not_picked":["construct:SweepLaser","construct:ModeShift","construct:Disrupt+1"],"picked":"SKIP","floor":28.0},{"not_picked":["construct:SyphonStrike","construct:FierceBash"],"picked":"construct:LaserCore","floor":32},{"not_picked":["construct:Anticipate+1","construct:Reinforce+1","construct:SweepLaser"],"picked":"SKIP","floor":35},{"not_picked":["construct:SyphonStrike","construct:HeavyBolt+1","construct:Boost"],"picked":"SKIP","floor":39},{"not_picked":["construct:SaveState+1","construct:Anticipate+1"],"picked":"construct:Autoturret+1","floor":40},{"not_picked":["construct:OmegaCannon+1","construct:LongRangeLance","construct:CripplingShot"],"picked":"SKIP","floor":41},{"not_picked":["construct:FocusedBeam","construct:Backup+1","construct:SyphonStrike+1"],"picked":"SKIP","floor":42}],"player_experience":8446,"relics_obtained":[{"floor":9.0,"key":"Replay:Baseball"},{"floor":10.0,"key":"construct:FoamFinger"},{"floor":29,"key":"Ring of Peace"},{"floor":30,"key":"Replay:Bottled Eggs"}],"event_choices":[{"damage_healed":0.0,"max_hp_gain":0.0,"max_hp_loss":0.0,"gold_gain":0.0,"event_name":"The Woman in Blue","player_choice":"Bought 0 Potions","floor":2.0,"gold_loss":0.0,"damage_taken":0.0},{"cards_removed":["construct:DefenseMode"],"damage_healed":0.0,"max_hp_gain":0.0,"max_hp_loss":0.0,"gold_gain":0.0,"event_name":"Bonfire Elementals","player_choice":"Offered Basic","floor":5.0,"gold_loss":0.0,"damage_taken":0.0},{"damage_healed":0.0,"max_hp_gain":0.0,"max_hp_loss":0.0,"gold_gain":0.0,"event_name":"Wheel of Change","player_choice":"Cursed","floor":21.0,"gold_loss":0.0,"damage_taken":0.0,"cards_obtained":["Decay"]}],"is_beta":false,"boss_relics":[{"not_picked":["Ectoplasm","Astrolabe"],"picked":"Painkiller Herb"},{"not_picked":["ReplayTheSpireMod:DimensionalGlitch","hubris:CrackedHourglass","Honey Jar"],"picked":"hubris:Backtick"}],"items_purged_floors":[7,23,24],"is_endless":false,"potions_floor_spawned":[4,13,15,22,35,37,39,42],"killed_by":"4 Shapes","ascension_level":0}}