{"host":"ming","time":1613212427,"event":{"mods":["BaseMod","Hermit","KinomotoSakuraMod(Ä¾Ö®±¾Ó£)","Minty Spire (QoL Compilation)","Replay The Spire","StSLib","The Bug Knight","The Senshi"],"gold_per_floor":[116,127,127,402,419,419,429,429,429,444,477,488,488,514,514,613,613,632,323,323,323,354,354,396,82,82,82,133,155,184,31,31,151,151,176,197,1196,531,587,587,625,685,733,743,743],"floor_reached":44,"language":"ZHS","playtime":2740,"items_purged":["Normality"],"score":588,"play_id":"0b5be96f-91d6-4425-bca5-f7806a089ebb","local_time":"20210213183347","is_ascension_mode":false,"campfire_choices":[{"data":"hermit:Shortfuse","floor":6,"key":"SMITH"},{"data":"hermit:Combo","floor":8,"key":"SMITH"},{"data":"hermit:Snipe","floor":13,"key":"SMITH"},{"data":"hermit:Covet","floor":15,"key":"SMITH"},{"floor":23,"key":"REST"},{"floor":27,"key":"REST"},{"data":"hermit:TakeAim","floor":32,"key":"SMITH"},{"floor":40,"key":"REST"}],"circlet_count":0,"master_deck":["hermit:Strike_Hermit+1","hermit:Strike_Hermit","hermit:Strike_Hermit+1","hermit:Strike_Hermit","hermit:Defend_Hermit","hermit:Defend_Hermit","hermit:Defend_Hermit","hermit:Defend_Hermit","hermit:Snapshot+1","hermit:Covet+1","hermit:Shortfuse+1","hermit:GoldenBullet+1","Regret","hermit:Combo+1","hermit:Snipe+1","hermit:Magnum+1","Necronomicurse","hermit:TakeAim+1","hermit:Vantage+1","hermit:Adapt","hermit:NoHoldsBarred+1","Normality","ReplayTheSpireMod:Faulty Equipment","ReplayUltimateDefense","ReplayTheSpireMod:Splinters","hermit:EyeOfTheStorm","hermit:BodyArmor+1"],"relics":["hermit:Momento","Bottled Flame","Replay:Bottled Steam","Boot","Replay:Grab Bag","Busted Crown","Philosopher\u0027s Stone","hermit:BartenderGlass","Replay:Bandana","Guide Book","Necronomicon","Mirror","Whetstone","theSenshi:SailorFukuRelic","Lee\u0027s Waffle","Replay:Bronze Core","Du-Vu Doll","Ornamental Fan","ReplayTheSpireMod:CursedCoin","ReplayTheSpireMod:Ninjato","Counterbalance","Potion Belt"],"acts_visited":["Exordium","TheCity","TheBeyond"],"potions_floor_usage":[11,11,18,18,24,24,29,30,33,33,36,42,42,42,44],"damage_taken":[{"damage":6,"enemies":"Jaw Worm","floor":1,"turns":5},{"damage":0,"enemies":"2 Louse","floor":2,"turns":1},{"damage":0,"enemies":"Cultist","floor":5,"turns":4},{"damage":0,"enemies":"Exordium Wildlife","floor":7,"turns":3},{"damage":11,"enemies":"Large Slime","floor":10,"turns":5},{"damage":1,"enemies":"3 Sentries","floor":11,"turns":8},{"damage":8,"enemies":"Lots of Slimes","floor":12,"turns":3},{"damage":8,"enemies":"Gremlin Nob","floor":14,"turns":3},{"damage":45,"enemies":"Fading Forest","floor":16,"turns":11},{"damage":53,"enemies":"3 Byrds","floor":18,"turns":4},{"damage":12,"enemies":"Chosen","floor":22,"turns":3},{"damage":0,"enemies":"Centurion and Healer","floor":24,"turns":3},{"damage":24,"enemies":"Replay:Snechameleon","floor":28,"turns":6},{"damage":0,"enemies":"Snake Plant","floor":29,"turns":1},{"damage":44,"enemies":"Cultist and Chosen","floor":30,"turns":7},{"damage":44,"enemies":"Champ","floor":33,"turns":7},{"damage":23,"enemies":"3 Shapes","floor":35,"turns":7},{"damage":48,"enemies":"3 Darklings","floor":36,"turns":8},{"damage":6,"enemies":"Sphere and 2 Shapes","floor":41,"turns":1},{"damage":24,"enemies":"2 Orb Walkers","floor":42,"turns":4},{"damage":16,"enemies":"Spire Growth","floor":44,"turns":2}],"seed_played":"-5220763409174848873","potions_obtained":[{"floor":1,"key":"hermit:Eclipse"},{"floor":7,"key":"Strength Potion"},{"floor":10,"key":"LifebloodPotion"},{"floor":12,"key":"Fire Potion"},{"floor":21,"key":"BlessingOfTheForge"},{"floor":21,"key":"LiquidBronze"},{"floor":21,"key":"SkillPotion"},{"floor":22,"key":"Regen Potion"},{"floor":24,"key":"FairyPotion"},{"floor":33,"key":"ColorlessPotion"},{"floor":39,"key":"FearPotion"}],"is_trial":false,"path_per_floor":["M","M","?","?","M","R","M","R","T","M","E","M","R","E","R","B",null,"M","$","?","?","M","R","M","$","T","R","E","M","M","$","R","B",null,"M","M","?","$","?","R","M","?","T","M"],"character_chosen":"HERMIT","items_purchased":["Replay:Bandana","Guide Book","hermit:TakeAim","Mirror","Lee\u0027s Waffle","Du-Vu Doll","Ornamental Fan","ReplayTheSpireMod:CursedCoin","ReplayUltimateDefense"],"campfire_rested":3,"item_purchase_floors":[19,19,25,25,31,38,38,38,38],"current_hp_per_floor":[76,76,76,76,76,76,76,76,76,65,64,56,56,48,48,3,82,29,29,13,13,1,25,34,34,34,58,34,34,24,89,89,45,89,66,18,18,18,18,44,38,14,14,0,0],"gold":743,"neow_bonus":"TEN_PERCENT_HP_BONUS","is_daily":false,"chose_seed":false,"campfire_upgraded":5,"win_rate":0.0,"timestamp":1613212427,"path_taken":["M","M","?","?","?","R","M","R","T","M","E","M","R","E","R","BOSS","M","$","?","?","?","R","M","?","T","R","E","M","M","$","R","BOSS","M","?","?","$","?","R","M","?","T","?"],"items_purchased_type":["Relic","Relic","Card","Relic","Relic","Relic","Relic","Relic","Card"],"build_version":"2020-12-18","purchased_purges":1,"victory":false,"max_hp_per_floor":[82,82,82,82,82,82,82,82,82,82,82,82,82,82,82,82,82,82,82,82,82,82,82,82,82,82,82,82,82,82,89,89,89,89,89,89,89,89,89,89,89,89,89,89,89],"card_choices":[{"not_picked":["hermit:Manifest","hermit:Ricochet"],"picked":"hermit:Shortfuse","floor":1},{"not_picked":["hermit:Glare","hermit:SprayPray"],"picked":"hermit:GoldenBullet","floor":2},{"not_picked":["hermit:LowProfile","hermit:SprayPray","hermit:Spite"],"picked":"SKIP","floor":5},{"not_picked":["hermit:BodyArmor","hermit:Coalescence"],"picked":"hermit:Combo","floor":7},{"not_picked":["hermit:ItchyTrigger","hermit:HoleUp","hermit:GoldenBullet"],"picked":"SKIP","floor":10},{"not_picked":["hermit:Grudge","hermit:Coalescence","hermit:TrackingShot"],"picked":"SKIP","floor":11},{"not_picked":["hermit:LuckOfTheDraw","hermit:LowProfile"],"picked":"hermit:Snipe","floor":12},{"not_picked":["hermit:Roulette","hermit:ShadowCloak","hermit:HighCaliber"],"picked":"SKIP","floor":14},{"not_picked":["hermit:Reprieve","hermit:Adapt"],"picked":"hermit:Magnum","floor":16},{"not_picked":["hermit:TrackingShot"],"picked":"SKIP","floor":18},{"not_picked":["hermit:Grudge"],"picked":"SKIP","floor":22},{"not_picked":["hermit:Snipe"],"picked":"SKIP","floor":24},{"not_picked":[],"picked":"hermit:Vantage+1","floor":28},{"not_picked":["hermit:HoleUp"],"picked":"SKIP","floor":29},{"not_picked":["hermit:Misfire"],"picked":"SKIP","floor":30},{"not_picked":[],"picked":"hermit:Adapt","floor":33},{"not_picked":[],"picked":"hermit:NoHoldsBarred+1","floor":35},{"not_picked":["hermit:HighCaliber+1"],"picked":"SKIP","floor":36},{"not_picked":[],"picked":"hermit:EyeOfTheStorm","floor":41},{"not_picked":[],"picked":"hermit:BodyArmor+1","floor":42}],"player_experience":714873,"relics_obtained":[{"floor":9,"key":"Bottled Flame"},{"floor":11,"key":"Replay:Bottled Steam"},{"floor":14,"key":"Boot"},{"floor":20,"key":"Necronomicon"},{"floor":26,"key":"Whetstone"},{"floor":28,"key":"theSenshi:SailorFukuRelic"},{"floor":39,"key":"ReplayTheSpireMod:Ninjato"},{"floor":42,"key":"Counterbalance"},{"floor":43,"key":"Potion Belt"}],"event_choices":[{"damage_healed":0,"gold_gain":275,"player_choice":"Desecrate","damage_taken":0,"max_hp_gain":0,"max_hp_loss":0,"event_name":"Golden Shrine","floor":4,"gold_loss":0,"cards_obtained":["Regret"]},{"damage_healed":0,"gold_gain":0,"player_choice":"Obtained Book","damage_taken":16,"max_hp_gain":0,"max_hp_loss":0,"event_name":"Cursed Tome","floor":20,"gold_loss":0},{"damage_healed":0,"gold_gain":0,"player_choice":"Got Potions","damage_taken":0,"max_hp_gain":0,"max_hp_loss":0,"event_name":"Lab","floor":21,"gold_loss":0},{"damage_healed":0,"gold_gain":999,"player_choice":"Gold","damage_taken":0,"max_hp_gain":0,"max_hp_loss":0,"event_name":"MindBloom","floor":37,"gold_loss":0,"cards_obtained":["Normality","Normality"]},{"damage_healed":0,"gold_gain":0,"player_choice":"Fight","damage_taken":0,"max_hp_gain":0,"max_hp_loss":0,"event_name":"Mysterious Sphere","floor":42,"gold_loss":0}],"is_beta":true,"boss_relics":[{"not_picked":["SlaversCollar","Honey Jar"],"picked":"Replay:Grab Bag"},{"not_picked":["Runic Dome","Sozu"],"picked":"Busted Crown"},{"not_picked":["Fusion Hammer","Velvet Choker"],"picked":"Philosopher\u0027s Stone"},{"not_picked":["hermit:ClaspedLocket","Tiny House"],"picked":"hermit:BartenderGlass"},{"not_picked":["ReplayTheSpireMod:Onyx Gauntlets","Replay:Wanted Poster"],"picked":"Replay:Bronze Core"}],"items_purged_floors":[38],"is_endless":false,"potions_floor_spawned":[1,7,10,12,22,24,28,33],"killed_by":"Spire Growth","ascension_level":0}}