{"host":"313mh4uoe5sucao3","time":1613222721,"event":{"mods":["BaseMod","Dota2Spire","Downfall","Good Game Mod","Hero for Fun","LagranYue(拉格朗・月)","Minty Spire (QoL Compilation)","Quick Restart","Reimu（博丽灵梦）","Remilia（蕾米莉亚）","Ryuuou龙王","Shop Mod","Spicy Shops","StSLib","Td1madao Mod","The Bladedancer","The Invoker Mod","UnlockEverythingMod","WarShipGirlsR/战舰少女R mod","[IsaacMod]以撒尖塔","noobMod"],"gold_per_floor":[117,134,134,30,30,55,71,105,105,116,76,1,1,18,18,120,120,139,154,168,183,183,183,211,226,226,251,251,268,294,309,309,410,410,428,428,190,204,214,241,241,241,288,317,317,336,368,368,368,368,368,368,72,101,101,101],"floor_reached":55,"language":"ZHS","playtime":4572,"items_purged":["rmod:circuitoustactics"],"score":1052,"play_id":"64e6d72f-74fd-42ea-a8da-6e5887d4c175","local_time":"20210213212521","is_ascension_mode":false,"campfire_choices":[{"data":"EpicFetus","floor":13.0,"key":"SMITH"},{"floor":15.0,"key":"RECALL"},{"floor":23.0,"key":"REST"},{"floor":28.0,"key":"REST"},{"floor":32,"key":"REST"},{"data":"EpicFetus","floor":41,"key":"SMITH"},{"data":"rmod:acesubmarine","floor":49,"key":"SMITH"},{"data":"rmod:fletcher","floor":52,"key":"SMITH"}],"circlet_count":0,"master_deck":["rmod:strick","rmod:strick","rmod:strick","rmod:strick","rmod:defend","rmod:defend","rmod:defend","rmod:defend","rmod:basicallowance","EpicFetus+1","Core Surge","rmod:aluminumsupply","rmod:diamondstrike","rmod:acesubmarine+1","rmod:fuelsupply","rmod:ammunitionsupply","rmod:windflower","rmod:fletcherpendant","rmod:expedition","rmod:ammunitionsupply+1","rmod:salvage+1","rmod:maintain+1","rmod:fletcherpendant","rmod:fletcherpendant+1","rmod:fletcherpendant","rmod:openingtorpedo","rmod:steelsupply","rmod:fletcherpendant+1","rmod:fletcher+1","rmod:luckystar+1","EpicFetus+1","rmod:aluminumsupply+1","rmod:maintain","rmod:fletcher+1","rmod:firesupport"],"relics":["rmod:firstchargereward","REME:ComplimentaryCards","HushsDoor","ice","Leech","Blue Candle","Dota2Spire:PhaseBoots","DoctorsRemote","PaintedHorse:ReiMu","Dota2Spire:Bloodstone","Blood Vial","Oddly Smooth Stone","D6","Black Star","MerchantsRug","Dota2Spire:PowerTreads","Matryoshka","Dota2Spire:MonkeyKingBar","Strawberry","Orichalcum","GuppysHead","rmod:extraamm","Happy Flower","Toolbox","YumHeart","Bottled Flame"],"acts_visited":["Exordium","TheCity","TheBeyond","TheEnding"],"potions_floor_usage":[40,40,47,55,55,55,55],"damage_taken":[{"damage":0.0,"enemies":"Cultist","floor":1.0,"turns":3.0},{"damage":0.0,"enemies":"Jaw Worm","floor":2.0,"turns":4.0},{"damage":0.0,"enemies":"Gremlin Nob","floor":6.0,"turns":3.0},{"damage":0.0,"enemies":"Small Slimes","floor":7.0,"turns":3.0},{"damage":9.0,"enemies":"3 Sentries","floor":8.0,"turns":4.0},{"damage":6.0,"enemies":"3 Louse","floor":10.0,"turns":3.0},{"damage":15.0,"enemies":"2 Fungi Beasts","floor":14.0,"turns":3.0},{"damage":0.0,"enemies":"Slime Boss","floor":16.0,"turns":4.0},{"damage":4.0,"enemies":"Chosen","floor":18.0,"turns":4.0},{"damage":24.0,"enemies":"2 Thieves","floor":19.0,"turns":4.0},{"damage":8.0,"enemies":"Centurion and Healer","floor":20.0,"turns":4.0},{"damage":2.0,"enemies":"Snecko","floor":21.0,"turns":4.0},{"damage":22.0,"enemies":"Gremlin Leader","floor":24.0,"turns":4.0},{"damage":0.0,"enemies":"Sentry and Sphere","floor":25.0,"turns":4.0},{"damage":25.0,"enemies":"Slavers","floor":27.0,"turns":4.0},{"damage":35,"enemies":"Snake Plant","floor":29,"turns":3},{"damage":0,"enemies":"Gremlin Leader","floor":30,"turns":4},{"damage":0,"enemies":"3 Cultists","floor":31,"turns":3},{"damage":5,"enemies":"Collector","floor":33,"turns":5},{"damage":7,"enemies":"3 Darklings","floor":35,"turns":3},{"damage":0,"enemies":"Orb Walker","floor":38,"turns":4},{"damage":0,"enemies":"Transient","floor":39,"turns":6},{"damage":34,"enemies":"Reptomancer","floor":40,"turns":4},{"damage":10,"enemies":"Nemesis","floor":44,"turns":4},{"damage":8,"enemies":"Writhing Mass","floor":46,"turns":3},{"damage":12,"enemies":"Reptomancer","floor":47,"turns":3},{"damage":30,"enemies":"Donu and Deca","floor":50,"turns":4},{"damage":27,"enemies":"Shield and Spear","floor":54,"turns":3},{"damage":421,"enemies":"LittleHush","floor":55,"turns":16}],"seed_played":"7063910680865642089","potions_obtained":[{"floor":6.0,"key":"Regen Potion"},{"floor":7.0,"key":"champ:CounterPotion"},{"floor":10.0,"key":"GamblersBrew"},{"floor":19.0,"key":"Swift Potion"},{"floor":29,"key":"PowerPotion"},{"floor":30,"key":"ZuzhouPotion:ReiMu"},{"floor":31,"key":"SmokeBomb"},{"floor":42,"key":"Energy Potion"},{"floor":42,"key":"PowerPotion"},{"floor":46,"key":"Fire Potion"},{"floor":47,"key":"BlessingOfTheForge"},{"floor":54,"key":"LiquidMemories"}],"is_trial":false,"path_per_floor":["M","M","?","$","?","E","M","E","T","M","?","$","R","M","R","B",null,"M","M","M","M","?","R","E","M","T","E","R","M","E","M","R","B",null,"M","?","$","M","M","E","R","?","T","E","?","M","E","?","R","B",null,"R","$","E","B"],"character_chosen":"PRAEFECT","items_purchased":["rmod:fuelsupply","EpicFetus","MerchantsRug","Happy Flower","Toolbox"],"campfire_rested":3,"item_purchase_floors":[4,37,37,53,53],"current_hp_per_floor":[82,82,82,82,82,82,82,73,73,69,69,69,69,56,56,59,82,80,59,54,55,55,79,60,63,63,43,67,36,41,46,70,71,82,75,75,75,80,82,50,50,50,50,89,89,82,74,74,74,49,89,89,89,63,0,0],"gold":101,"neow_bonus":"TEN_PERCENT_HP_BONUS","is_daily":false,"chose_seed":false,"campfire_upgraded":4,"win_rate":0.0,"timestamp":1613222721,"path_taken":["M","?","?","$","?","E","M","E","T","?","?","?","R","?","R","BOSS","M","M","M","M","?","R","E","M","T","E","R","M","E","M","R","BOSS","M","?","$","M","M","E","R","?","T","E","?","M","E","?","R","BOSS","R","$","E","BOSS"],"items_purchased_type":["Card","Card","Relic","Relic","Relic"],"build_version":"2020-12-22","purchased_purges":1,"victory":false,"max_hp_per_floor":[82,82,82,82,82,82,82,82,82,82,82,82,82,82,82,82,82,82,82,82,82,82,82,82,82,82,82,82,82,82,82,82,82,82,82,82,82,82,82,82,82,82,82,89,89,89,89,89,89,89,89,89,89,89,687,687],"card_choices":[{"not_picked":[],"picked":"EpicFetus","floor":0.0},{"not_picked":["rmod:advancebysurprise","Bomb"],"picked":"rmod:aluminumsupply","floor":1.0},{"not_picked":["rmod:circuitoustactics","rmod:tearstotiara"],"picked":"rmod:diamondstrike","floor":2.0},{"not_picked":[],"picked":"rmod:acesubmarine","floor":5.0},{"not_picked":["rmod:ring","rmod:intelligenceanalysis"],"picked":"rmod:fuelsupply","floor":6.0},{"not_picked":["rmod:bulid","rmod:unsinkable","rmod:aviationdawn"],"picked":"SKIP","floor":7.0},{"not_picked":["rmod:u235","rmod:guardianhero","rmod:lonelyqueen"],"picked":"SKIP","floor":8.0},{"not_picked":["rmod:diamondstrike","rmod:launchingtorpedo"],"picked":"rmod:ammunitionsupply","floor":10.0},{"not_picked":["rmod:goodfighter","rmod:unsinkable","rmod:lonelyqueen"],"picked":"SKIP","floor":14.0},{"not_picked":["rmod:expeditionaryescort","rmod:secretscript"],"picked":"rmod:windflower","floor":16.0},{"not_picked":["rmod:wolves+1","rmod:ring"],"picked":"rmod:fletcherpendant","floor":18.0},{"not_picked":["rmod:circuitoustactics","rmod:wife"],"picked":"rmod:expedition","floor":19.0},{"not_picked":["rmod:fletcherpendant","rmod:fuelsupply"],"picked":"rmod:ammunitionsupply+1","floor":20.0},{"not_picked":["rmod:heivgo","rmod:guardianhero"],"picked":"rmod:salvage+1","floor":21.0},{"not_picked":["rmod:gendarmerie","rmod:ridicule"],"picked":"rmod:maintain+1","floor":24.0},{"not_picked":["rmod:sl","rmod:unsinkable"],"picked":"rmod:fletcherpendant","floor":25.0},{"not_picked":["rmod:supportescort","rmod:diamondstrike"],"picked":"rmod:fletcherpendant","floor":27.0},{"not_picked":["rmod:wolves","rmod:diamondstrike"],"picked":"rmod:openingtorpedo","floor":29},{"not_picked":["rmod:generalist+1","rmod:bulid"],"picked":"rmod:steelsupply","floor":30},{"not_picked":["rmod:generalist+1","rmod:heivgo+1"],"picked":"rmod:fletcherpendant+1","floor":31},{"not_picked":["rmod:circuitoustactics+1","rmod:ammunitionsupply"],"picked":"rmod:luckystar+1","floor":35},{"not_picked":["rmod:gendarmerie+1","rmod:intelligenceanalysis","rmod:heivgo"],"picked":"SKIP","floor":38},{"not_picked":["rmod:rockthrower","rmod:ring","rmod:luckystar"],"picked":"SKIP","floor":39},{"not_picked":["rmod:smokecover","rmod:salvage+1","rmod:wolves+1"],"picked":"SKIP","floor":40},{"not_picked":["rmod:aviationdawn+1","rmod:acesubmarine","rmod:gendarmerie+1"],"picked":"SKIP","floor":44},{"not_picked":["rmod:diaomin+1","rmod:aviationdawn"],"picked":"rmod:aluminumsupply+1","floor":46},{"not_picked":["rmod:tearstotiara+1","rmod:goodsister"],"picked":"rmod:maintain","floor":47},{"not_picked":["rmod:launchingtorpedo+1","rmod:ring+1"],"picked":"rmod:firesupport","floor":54}],"player_experience":59706,"relics_obtained":[{"floor":6.0,"key":"Blue Candle"},{"floor":8.0,"key":"Dota2Spire:PhaseBoots"},{"floor":9.0,"key":"DoctorsRemote"},{"floor":24.0,"key":"Potion Belt"},{"floor":26.0,"key":"Blood Vial"},{"floor":27.0,"key":"Oddly Smooth Stone"},{"floor":30,"key":"D6"},{"floor":40,"key":"Dota2Spire:PowerTreads"},{"floor":40,"key":"Matryoshka"},{"floor":43,"key":"Dota2Spire:MonkeyKingBar"},{"floor":44,"key":"Strawberry"},{"floor":44,"key":"Orichalcum"},{"floor":47,"key":"GuppysHead"},{"floor":47,"key":"rmod:extraamm"},{"floor":54,"key":"YumHeart"},{"floor":54,"key":"Bottled Flame"}],"event_choices":[{"damage_healed":0.0,"max_hp_gain":0.0,"max_hp_loss":0.0,"gold_gain":0.0,"cards_transformed":["rmod:maingunfire"],"event_name":"Living Wall","player_choice":"Change","floor":3.0,"gold_loss":0.0,"damage_taken":0.0,"cards_obtained":["rmod:circuitoustactics"]},{"damage_healed":0.0,"max_hp_gain":0.0,"max_hp_loss":0.0,"gold_gain":0.0,"event_name":"yidonshenshe","player_choice":"塞钱","floor":11.0,"gold_loss":40.0,"damage_taken":0.0,"relics_obtained":["PaintedHorse:ReiMu"]},{"damage_healed":0.0,"max_hp_gain":0.0,"max_hp_loss":0.0,"gold_gain":0.0,"event_name":"Beggar","player_choice":"Ignored","floor":22.0,"gold_loss":0.0,"damage_taken":0.0},{"damage_healed":0,"gold_gain":0,"player_choice":"Got Potions","damage_taken":0,"max_hp_gain":0,"max_hp_loss":0,"event_name":"Lab","floor":42,"gold_loss":0},{"cards_removed":["rmod:fuelsupply"],"damage_healed":0,"gold_gain":0,"player_choice":"Removed Skill","damage_taken":0,"max_hp_gain":0,"max_hp_loss":0,"event_name":"Falling","floor":45,"gold_loss":0},{"damage_healed":0,"gold_gain":0,"player_choice":"Ignored","damage_taken":0,"max_hp_gain":0,"max_hp_loss":0,"event_name":"Tomb of Lord Red Mask","floor":48,"gold_loss":0}],"is_beta":false,"boss_relics":[{"not_picked":["ChampionBelt","Runic Pyramid"],"picked":"Dota2Spire:Bloodstone"},{"not_picked":[]},{"not_picked":["Pandora\u0027s Box","Empty Cage"],"picked":"Black Star"},{"not_picked":[]}],"items_purged_floors":[12],"is_endless":false,"potions_floor_spawned":[6,7,10,19,20,29,30,31,33,46,47,54],"killed_by":"LittleHush","ascension_level":0}}