{"host":"3y2rtlgteqp2nuo3","time":1613232710,"event":{"mods":["2.2 Compatiblity","AchievementEnabler","BaseMod","Colored Map","DeckTracker","Highlight Path","Keyboard Shortcuts","Minty Spire (QoL Compilation)","Permanent Neow","Quick Restart","StSLib","SuperFastMode","everything is the same but u backflip on backflip"],"gold_per_floor":[111,111,128,143,153,153,181,181,181,23,23,23,56,75,75,154,154,173,185,185,200,200,200],"floor_reached":22,"language":"KOR","playtime":408,"items_purged":["Strike_P"],"score":392,"play_id":"76baa981-8d0a-4b1a-ad65-4465c4c3f1a5","local_time":"20210214011150","is_ascension_mode":true,"campfire_choices":[{"data":"Eruption","floor":6.0,"key":"SMITH"},{"data":"Wallop","floor":8.0,"key":"SMITH"},{"data":"Tantrum","floor":11.0,"key":"SMITH"},{"data":"MentalFortress","floor":15.0,"key":"SMITH"}],"circlet_count":0,"master_deck":["AscendersBane","Strike_P","Strike_P","Defend_P","Defend_P","Defend_P","Defend_P","Eruption+1","Vigilance","InnerPeace","Tantrum+1","Wallop+1","MentalFortress+1","Vault","TalkToTheHand"],"relics":["PureWater","Bronze Scales","Matryoshka","Thread and Needle","SlaversCollar"],"acts_visited":["Exordium","TheCity"],"potions_floor_usage":[21],"damage_taken":[{"damage":7.0,"enemies":"2 Louse","floor":1.0,"turns":3.0},{"damage":10.0,"enemies":"Small Slimes","floor":3.0,"turns":3.0},{"damage":1.0,"enemies":"Cultist","floor":4.0,"turns":4.0},{"damage":0.0,"enemies":"Blue Slaver","floor":5.0,"turns":1.0},{"damage":8.0,"enemies":"3 Sentries","floor":7.0,"turns":6.0},{"damage":11.0,"enemies":"Lagavulin","floor":13.0,"turns":4.0},{"damage":0.0,"enemies":"Large Slime","floor":14.0,"turns":4.0},{"damage":17.0,"enemies":"The Guardian","floor":16.0,"turns":9.0},{"damage":18.0,"enemies":"2 Thieves","floor":18.0,"turns":4.0},{"damage":9.0,"enemies":"Chosen","floor":19.0,"turns":5.0},{"damage":20,"enemies":"Shelled Parasite and Fungi","floor":21,"turns":4},{"damage":12,"enemies":"Snecko","floor":22,"turns":3}],"seed_played":"-3101678546672277181","potions_obtained":[{"floor":1.0,"key":"LiquidMemories"},{"floor":13.0,"key":"FearPotion"},{"floor":14.0,"key":"ColorlessPotion"},{"floor":18.0,"key":"SpeedPotion"},{"floor":19.0,"key":"Fire Potion"}],"is_trial":false,"path_per_floor":["M","?","M","M","M","R","E","R","T","$","R","?","E","M","R","B",null,"M","M","?","M","M"],"character_chosen":"WATCHER","items_purchased":["MentalFortress"],"campfire_rested":0,"item_purchase_floors":[10],"current_hp_per_floor":[54,54,44,43,43,43,35,35,35,35,35,35,24,24,24,7,53,35,26,26,6,0,0],"gold":200,"neow_bonus":"REMOVE_CARD","is_daily":false,"chose_seed":false,"campfire_upgraded":4,"win_rate":0.0,"timestamp":1613232710,"path_taken":["M","?","M","M","M","R","E","R","T","$","R","?","E","M","R","BOSS","M","M","?","M","M"],"items_purchased_type":["Card"],"build_version":"2020-12-22","purchased_purges":1,"victory":false,"max_hp_per_floor":[68,68,68,68,68,68,68,68,68,68,68,68,68,68,68,68,68,68,68,68,68,68,68],"card_choices":[{"not_picked":["Sanctity","ThirdEye"],"picked":"InnerPeace","floor":1.0},{"not_picked":["Prostrate","PathToVictory"],"picked":"Tantrum","floor":3.0},{"not_picked":["WheelKick","SashWhip","BowlingBash"],"picked":"SKIP","floor":4.0},{"not_picked":["Vengeance","Evaluate"],"picked":"Wallop","floor":5.0},{"not_picked":["ForeignInfluence","Collect","Pray"],"picked":"SKIP","floor":7.0},{"not_picked":["SashWhip","Protect","Wallop"],"picked":"SKIP","floor":13.0},{"not_picked":["Collect","EmptyBody","Devotion"],"picked":"SKIP","floor":14.0},{"not_picked":["Judgement","Blasphemy"],"picked":"Vault","floor":16.0},{"not_picked":["FlurryOfBlows","SignatureMove","FearNoEvil"],"picked":"SKIP","floor":18.0},{"not_picked":["CrushJoints","Prostrate","Wireheading"],"picked":"SKIP","floor":19.0},{"not_picked":["CutThroughFate","Pray"],"picked":"TalkToTheHand","floor":21}],"player_experience":782179,"relics_obtained":[{"floor":7.0,"key":"Bronze Scales"},{"floor":9.0,"key":"Matryoshka"},{"floor":13.0,"key":"Thread and Needle"}],"event_choices":[{"damage_healed":0.0,"max_hp_gain":0.0,"max_hp_loss":0.0,"gold_gain":0.0,"event_name":"Shining Light","player_choice":"Ignored","floor":2.0,"gold_loss":0.0,"damage_taken":0.0},{"damage_healed":0.0,"max_hp_gain":0.0,"max_hp_loss":0.0,"gold_gain":0.0,"event_name":"Golden Idol","player_choice":"Ignored","floor":12.0,"gold_loss":0.0,"damage_taken":0.0},{"damage_healed":0.0,"max_hp_gain":0.0,"max_hp_loss":0.0,"gold_gain":0.0,"event_name":"Cursed Tome","player_choice":"Ignored","floor":20.0,"gold_loss":0.0,"damage_taken":0.0}],"is_beta":false,"boss_relics":[{"not_picked":["Busted Crown","Cursed Key"],"picked":"SlaversCollar"}],"items_purged_floors":[10],"is_endless":false,"potions_floor_spawned":[1,13,14,18,19],"killed_by":"Snecko","ascension_level":20}}