{"host":"nsc6ozq3atyrdr3m","time":1613232202,"event":{"mods":["BaseMod","Colored Map","Minty Spire (QoL Compilation)"],"gold_per_floor":[115,126,139,154,174,174,92,92,92,92,92,92,105,131,131,226,226,246,246,246,260,37,37,73,73,97,97,97],"floor_reached":27,"language":"FRA","playtime":601,"items_purged":["Shame"],"score":266,"play_id":"323cc8a4-dda6-490f-b204-89a45384f8f1","local_time":"20210213170322","is_ascension_mode":true,"campfire_choices":[{"data":"Doom and Gloom","floor":6,"key":"SMITH"},{"data":"Defragment","floor":12,"key":"SMITH"},{"floor":15,"key":"REST"},{"data":"Loop","floor":23,"key":"SMITH"},{"floor":25,"key":"REST"}],"circlet_count":0,"master_deck":["Strike_B+1","Strike_B","Strike_B","Strike_B","Defend_B","Defend_B","Defend_B+1","Defend_B","Zap","Dualcast","Redo","Doom and Gloom+1","Conserve Battery","Cold Snap","Defragment+1","Loop","Loop+1","Core Surge","Reinforced Body","Skim"],"relics":["Cracked Core","NeowsBlessing","Ice Cream","Pear","Emotion Chip","Runic Dome","Bird Faced Urn","Bag of Preparation","Regal Pillow","CeramicFish","Boot"],"acts_visited":["Exordium","TheCity"],"potions_floor_usage":[16,27],"damage_taken":[{"damage":0,"enemies":"Cultist","floor":1,"turns":1},{"damage":0,"enemies":"Jaw Worm","floor":2,"turns":1},{"damage":0,"enemies":"2 Louse","floor":3,"turns":1},{"damage":12,"enemies":"2 Fungi Beasts","floor":4,"turns":3},{"damage":20,"enemies":"Lots of Slimes","floor":5,"turns":4},{"damage":1,"enemies":"Exordium Wildlife","floor":13,"turns":3},{"damage":30,"enemies":"Lagavulin","floor":14,"turns":5},{"damage":5,"enemies":"Slime Boss","floor":16,"turns":5},{"damage":22,"enemies":"2 Thieves","floor":18,"turns":3},{"damage":16,"enemies":"Spheric Guardian","floor":21,"turns":4},{"damage":29,"enemies":"Book of Stabbing","floor":24,"turns":8},{"damage":84,"enemies":"Gremlin Leader","floor":27,"turns":7}],"seed_played":"5899159207724797175","potions_obtained":[{"floor":5,"key":"FocusPotion"},{"floor":11,"key":"Explosive Potion"},{"floor":11,"key":"FearPotion"},{"floor":16,"key":"AttackPotion"}],"is_trial":false,"path_per_floor":["M","M","M","M","M","R","$","?","T","?","?","R","M","E","R","B",null,"M","?","T","M","$","R","E","R","T","E"],"character_chosen":"DEFECT","items_purchased":["Defragment","Regal Pillow"],"campfire_rested":2,"item_purchase_floors":[7,22],"current_hp_per_floor":[75,75,75,63,43,43,43,28,28,35,35,35,34,4,29,24,85,63,63,63,53,53,53,30,70,70,0,0],"gold":97,"neow_bonus":"THREE_ENEMY_KILL","is_daily":false,"chose_seed":false,"campfire_upgraded":3,"win_rate":0.0,"timestamp":1613232202,"path_taken":["M","M","?","M","?","R","$","?","T","?","?","R","?","E","R","BOSS","M","?","?","M","$","R","E","R","T","E"],"items_purchased_type":["Card","Relic"],"build_version":"2020-12-22","purchased_purges":1,"victory":false,"max_hp_per_floor":[75,75,75,75,75,75,75,75,75,85,85,85,85,85,85,85,85,85,85,85,85,85,85,85,85,85,85,85],"card_choices":[{"not_picked":["Beam Cell","Steam"],"picked":"Redo","floor":1},{"not_picked":["Hologram","Tempest"],"picked":"Doom and Gloom","floor":2},{"not_picked":["Fusion","Rebound"],"picked":"Conserve Battery","floor":3},{"not_picked":["Aggregate","Conserve Battery"],"picked":"Cold Snap","floor":4},{"not_picked":["Compile Driver","Redo","Go for the Eyes"],"picked":"SKIP","floor":5},{"not_picked":["All For One","Stack"],"picked":"Loop","floor":13},{"not_picked":["Fission","Gash"],"picked":"Loop","floor":14},{"not_picked":["Fission","Reboot"],"picked":"Core Surge","floor":16},{"not_picked":["Go for the Eyes","Cold Snap","Rip and Tear"],"picked":"SKIP","floor":18},{"not_picked":["Double Energy","Hologram"],"picked":"Reinforced Body","floor":21},{"not_picked":["Cold Snap","Steam"],"picked":"Skim","floor":24}],"player_experience":407681,"relics_obtained":[{"floor":9,"key":"Ice Cream"},{"floor":14,"key":"Emotion Chip"},{"floor":20,"key":"Bag of Preparation"},{"floor":24,"key":"CeramicFish"},{"floor":26,"key":"Boot"}],"event_choices":[{"damage_healed":0,"gold_gain":0,"player_choice":"Entered Light","damage_taken":15,"max_hp_gain":0,"max_hp_loss":0,"event_name":"Shining Light","floor":8,"gold_loss":0,"cards_upgraded":["Defend_B","Strike_B"]},{"damage_healed":0,"gold_gain":0,"player_choice":"Success","damage_taken":3,"relics_obtained":["Pear"],"max_hp_gain":0,"max_hp_loss":0,"event_name":"Scrap Ooze","floor":10,"gold_loss":0},{"damage_healed":0,"gold_gain":0,"player_choice":"Got Potions","damage_taken":0,"max_hp_gain":0,"max_hp_loss":0,"event_name":"Lab","floor":11,"gold_loss":0},{"damage_healed":0,"gold_gain":0,"player_choice":"Stole Relic","damage_taken":0,"relics_obtained":["Bird Faced Urn"],"max_hp_gain":0,"max_hp_loss":0,"event_name":"Addict","floor":19,"gold_loss":0,"cards_obtained":["Shame"]}],"is_beta":false,"boss_relics":[{"not_picked":["Tiny House","Fusion Hammer"],"picked":"Runic Dome"}],"items_purged_floors":[22],"is_endless":false,"potions_floor_spawned":[5,14,16],"killed_by":"Gremlin Leader","ascension_level":3}}