{"host":"df48i9djcn92c5sx","time":1613223243,"event":{"mods":["Act Like it!","Arknights","BaseMod","Decade(王小明)","Downfall","Gensokyo","Marisa（F雨　魔理沙）","Minty Spire (QoL Compilation)","READ ME - Guardian Mod","READ ME - Snecko Mod","Reimu（博丽灵梦）","Remilia（蕾米莉亚）","Shop Mod","StSLib","The Jungle","The Servant 0.9.4"],"gold_per_floor":[99,116,126,144,144,144,144,144,179,179,194,194,194,194,205,302,302,302,313,4,4,4,4],"floor_reached":22,"language":"ZHS","playtime":964,"items_purged":[],"score":234,"play_id":"f96e53b0-629b-4e58-b499-63d7e3124f11","local_time":"20210213213403","is_ascension_mode":true,"campfire_choices":[{"data":"ats:Emotion Absorption","floor":1,"key":"SMITH"},{"data":"ats:Collapsing Strike","floor":6,"key":"SMITH"},{"data":"ats:Shell Defense","floor":8,"key":"SMITH"},{"data":"ats:Curse Doll","floor":10,"key":"SMITH"},{"data":"ats:Magnetic Hammer","floor":12,"key":"SMITH"},{"data":"ats:Shadow Assault","floor":18,"key":"SMITH"}],"circlet_count":0,"master_deck":["ats:Strike C","ats:Strike G","ats:Strike S","ats:Strike V","ats:Armor Crushing Shot","ats:Defend","ats:Defend","ats:Defend","ats:Emotion Absorption+1","ats:Collapsing Strike+1","ats:Shell Defense+1","ats:Guard Mode","ats:Curse Doll+1","ats:Magnetic Hammer+1","ats:Revitalization","ats:Shadow Assault+1","CurseOfTheBell","ats:Serious Mode","ats:Apocalypse"],"relics":["ats:Sanity","ats:Bonebreaker","ats:Originium","Darkstone Periapt","Calling Bell","Blood Vial","Tea:ReiMu","Girya","Lee\u0027s Waffle","Juzu Bracelet"],"acts_visited":["Exordium","TheCity"],"potions_floor_usage":[9,16,19],"damage_taken":[{"damage":1,"enemies":"Cultist","floor":2,"turns":4},{"damage":0,"enemies":"Small Slimes","floor":3,"turns":3},{"damage":6,"enemies":"2 Louse","floor":4,"turns":4},{"damage":16,"enemies":"3 Sentries","floor":9,"turns":12},{"damage":32,"enemies":"Lots of Slimes","floor":11,"turns":6},{"damage":3,"enemies":"3 Louse","floor":15,"turns":3},{"damage":99,"enemies":"WA_ARCHETYPE_RETAIN","floor":16,"turns":23},{"damage":79,"enemies":"3 Byrds","floor":19,"turns":5},{"damage":0,"enemies":"downfall:FleeingMerchant","floor":20,"turns":4}],"seed_played":"-5045372326227049657","potions_obtained":[{"floor":4,"key":"SteroidPotion"},{"floor":15,"key":"GamblersBrew"},{"floor":16,"key":"Fruit Juice"}],"is_trial":false,"path_per_floor":["R","M","M","M","T","R","T","R","E","R","M","R","?","?","M","B",null,"R","M","$","?","?"],"character_chosen":"DOCTOR_CLASS","items_purchased":["Lee\u0027s Waffle","Juzu Bracelet"],"campfire_rested":0,"item_purchase_floors":[20,20],"current_hp_per_floor":[79,78,78,74,74,74,74,74,64,64,35,35,35,35,32,9,85,85,14,97,97,97,97],"gold":4,"neow_bonus":"TEN_PERCENT_HP_BONUS","is_daily":false,"chose_seed":false,"campfire_upgraded":6,"win_rate":0.0,"timestamp":1613223243,"path_taken":["R","M","M","M","?","R","T","R","E","R","M","R","?","?","M","BOSS","R","M","?","?","?"],"items_purchased_type":["Relic","Relic"],"build_version":"2020-12-22","purchased_purges":0,"victory":false,"max_hp_per_floor":[79,79,79,79,79,79,79,79,79,79,79,79,79,79,79,79,85,85,90,97,97,97,97],"card_choices":[{"not_picked":["ats:Powerful Strike","ats:Poison Spread"],"picked":"ats:Collapsing Strike","floor":2},{"not_picked":["ats:Literary Storm","ats:Very Hot Blade"],"picked":"ats:Shell Defense","floor":3},{"not_picked":["ats:Spore Proliferation","ats:Revitalization"],"picked":"ats:Guard Mode","floor":4},{"not_picked":["ats:Guard Mode","ats:Composite Medical Shells"],"picked":"ats:Curse Doll","floor":9},{"not_picked":["ats:Composite Medical Shells","ats:Leaping Hammer"],"picked":"ats:Magnetic Hammer","floor":11},{"not_picked":["ats:Guard Mode","ats:Very Hot Blade"],"picked":"ats:Revitalization","floor":15},{"not_picked":["ats:Calcification","ats:Soul Rend"],"picked":"ats:Shadow Assault","floor":16},{"not_picked":["ats:Counter Healing Mode+1","ats:Consecutive Shot Auto"],"picked":"ats:Serious Mode","floor":19},{"not_picked":["ats:Guard Mode","ats:Revitalization+1"],"picked":"ats:Apocalypse","floor":20}],"player_experience":1543741,"relics_obtained":[{"floor":5,"key":"ats:Bonebreaker"},{"floor":9,"key":"ats:Originium"},{"floor":9,"key":"Darkstone Periapt"},{"floor":17,"key":"Blood Vial"},{"floor":17,"key":"Tea:ReiMu"},{"floor":17,"key":"Girya"}],"event_choices":[{"cards_removed":["ats:Defend"],"damage_healed":0,"gold_gain":0,"player_choice":"Card Removal","damage_taken":0,"max_hp_gain":0,"max_hp_loss":0,"event_name":"Wheel of Change","floor":14,"gold_loss":0}],"is_beta":false,"boss_relics":[{"not_picked":["expansioncontent:StudyCardRelic","Empty Cage"],"picked":"Calling Bell"}],"items_purged_floors":[],"is_endless":false,"potions_floor_spawned":[4,15,16],"ascension_level":3}}