{"host":"Justin","time":1613198853,"event":{"mods":["Aspiration","Astrologer","Bard","BaseMod","Beaked The Cultist","Bossed Relics","Clockwork Mod","Conspire","Downfall","Duelist Mod","Energized Spire","Glutton Mod","Halation","Hubris","Infinite Spire","Mad Scientist","Marisa????????","Mimic Mod","Minty Spire (QoL Compilation)","READ ME - Guardian Mod","Reliquary","Replay The Spire","Shop Mod","Somnambulant","Spikes Relics","StSLib","The Administrix","The Bladedancer","The Bug Knight","The Clintock","The Construct","The Cursed","The Disciple","The Druid","The Elementalist","The Jungle","The Marked","The Mystic","The Necromancer","The Poker Player","The Runesmith","The Sage","The Servant 0.9.4","The Spell Scribe","The Trickster","The Valiant","The Witch","Trackpad"],"gold_per_floor":[109,109,109,124,124,155,165,165,165,165,165,178,188,204,55,87,87,190,190,209,209,209,209],"floor_reached":22,"language":"ENG","playtime":1117,"items_purged":["NighInvulnerability"],"score":244,"play_id":"59f292a1-e4b1-416b-8231-3e7603c70326","local_time":"20210212224733","is_ascension_mode":false,"campfire_choices":[{"data":"beaked:StickSmack","floor":10,"key":"SMITH"},{"floor":17,"key":"REST"}],"circlet_count":0,"master_deck":["beaked:Strike_Y","beaked:Strike_Y","beaked:Strike_Y","beaked:Strike_Y","beaked:Strike_Y","beaked:Strike_Y","beaked:Defend_Y","beaked:Defend_Y","beaked:Defend_Y","beaked:Defend_Y","beaked:Ceremony","beaked:Ceremony","beaked:Ceremony","beaked:StickSmack+1","beaked:MimicHuntress","Decay","beaked:RitualOfBody","beaked:StickSmack","beaked:StunningBlow","beaked:Evade","beaked:LiftOff","beaked:DesperateSwing","beaked:DesperateSwing","beaked:DarkPact","infinitespire:Execution"],"relics":["bard:BagPipes","NeowsBlessing","infinitespire:Cubic Diamond","Winged Necklace","trackpad:ByrdCharm","ReplayTheSpireMod:CursedCoin","reliquary:SilkGlove","Incense Burner","ChewingGum"],"acts_visited":["Exordium","TheCity"],"potions_floor_usage":[14,22],"damage_taken":[{"damage":0,"enemies":"2 Louse","floor":1,"turns":1},{"damage":0,"enemies":"Jaw Worm","floor":4,"turns":1},{"damage":0,"enemies":"3 Sentries","floor":6,"turns":1},{"damage":6,"enemies":"Cultist","floor":7,"turns":4},{"damage":14,"enemies":"Exordium Wildlife","floor":12,"turns":5},{"damage":8,"enemies":"Large Slime","floor":13,"turns":6},{"damage":12,"enemies":"Red Slaver","floor":14,"turns":1},{"damage":0,"enemies":"Lagavulin","floor":16,"turns":8},{"damage":18,"enemies":"Fading Forest","floor":18,"turns":11},{"damage":31,"enemies":"Shell Parasite","floor":20,"turns":7},{"damage":8,"enemies":"Centurion and Healer","floor":22,"turns":3}],"seed_played":"8308057536756768511","potions_obtained":[{"floor":4,"key":"Fire Potion"},{"floor":13,"key":"Death Potion"},{"floor":14,"key":"BlessingOfTheForge"},{"floor":16,"key":"sneckomod:MuddlingPotion"}],"is_trial":false,"path_per_floor":["M","?","?","M","?","E","M","PTL","PTL","R","T","M","M","M","$","E","R","B",null,"M","?","M"],"character_chosen":"BEAKED_THE_CULTIST","items_purchased":["beaked:DesperateSwing","ReplayTheSpireMod:CursedCoin","reliquary:SilkGlove"],"campfire_rested":1,"item_purchase_floors":[15,15,15],"current_hp_per_floor":[50,50,50,50,50,50,44,44,44,44,44,30,22,10,10,10,25,17,50,19,7,0,0],"gold":209,"neow_bonus":"THREE_ENEMY_KILL","is_daily":false,"chose_seed":false,"campfire_upgraded":1,"win_rate":0.0,"timestamp":1613198853,"path_taken":["M","?","?","?","?","E","?","PTL","PTL","R","T","M","M","M","$","E","R","BOSS","M","?","M"],"items_purchased_type":["Card","Relic","Relic"],"build_version":"2020-12-18","purchased_purges":1,"victory":false,"max_hp_per_floor":[50,50,50,50,50,50,50,50,50,50,50,50,50,50,50,50,50,50,50,50,50,50,50],"card_choices":[{"not_picked":["beaked:DigDeep","beaked:Resilience"],"picked":"beaked:StickSmack","floor":1},{"not_picked":["beaked:BounceBack","beaked:CursingBlood"],"picked":"beaked:MimicHuntress","floor":4},{"not_picked":["beaked:MachineEssence","beaked:Resilience"],"picked":"beaked:RitualOfBody","floor":6},{"not_picked":["beaked:BloodForTheGods","beaked:Poke"],"picked":"beaked:StickSmack","floor":7},{"not_picked":["beaked:Tweet","beaked:Struggle"],"picked":"beaked:StunningBlow","floor":12},{"not_picked":["beaked:Poke","ReplayTheSpireMod:Wings of Steel"],"picked":"beaked:Evade","floor":13},{"not_picked":["beaked:BarbedWire","beaked:Negation"],"picked":"beaked:LiftOff","floor":14},{"not_picked":["beaked:WarriorEssence","beaked:HuntressEssence"],"picked":"beaked:DesperateSwing","floor":16},{"not_picked":["beaked:ScreechingChant","beaked:Brainwash"],"picked":"beaked:DarkPact","floor":18},{"not_picked":["beaked:Tradeoff+1","beaked:BloodRitual","beaked:Recite+1"],"picked":"SKIP","floor":20},{"not_picked":["infinitespire:Starlight","infinitespire:Menacing"],"picked":"infinitespire:Execution","floor":21}],"player_experience":28192,"relics_obtained":[{"floor":6,"key":"Winged Necklace"},{"floor":11,"key":"trackpad:ByrdCharm"},{"floor":16,"key":"Incense Burner"}],"event_choices":[{"damage_healed":0,"gold_gain":0,"player_choice":"Bought 0 Potions","damage_taken":0,"max_hp_gain":0,"max_hp_loss":0,"event_name":"The Woman in Blue","floor":3,"gold_loss":0},{"damage_healed":0,"gold_gain":0,"player_choice":"Cursed","damage_taken":0,"max_hp_gain":0,"max_hp_loss":0,"event_name":"Wheel of Change","floor":5,"gold_loss":0,"cards_obtained":["Decay"]}],"is_beta":true,"boss_relics":[{"not_picked":["Replay:Bronze Core","Replay:Drink Me"],"picked":"ChewingGum"}],"items_purged_floors":[15],"is_endless":false,"potions_floor_spawned":[4,13,14,16],"killed_by":"Centurion and Healer","ascension_level":0}}