{"host":"8d3fefv2347kqkpz","time":1613252395,"event":{"mods":["AchievementEnabler","Act Like it!","BaseMod","Better Vampires","Colored Map","Colored Powertips","Downfall","GifTheSpireLib","Highlight Path","Minty Spire (QoL Compilation)","Quick Restart","Rare Cards Sparkle","Relic Stats","Replay The Spire","Spicy Shops","StSLib","Waifu the Spire"],"gold_per_floor":[111,122,137,137,150,150,19,38,84,99,99,119,12,29,29,125,125,141,240,240,240,240],"floor_reached":21,"language":"ZHS","playtime":664,"items_purged":["Strike_R"],"score":173,"play_id":"8e7a3a25-f64a-4119-9502-4879b5b14f5b","local_time":"20210214053955","is_ascension_mode":false,"campfire_choices":[{"data":"Sentinel","floor":6,"key":"SMITH"},{"data":"Bash","floor":11,"key":"SMITH"},{"data":"True Grit","floor":15,"key":"SMITH"}],"circlet_count":0,"master_deck":["Strike_R","Strike_R","Strike_R","Defend_R","Defend_R","Defend_R","Bash+1","Shrug It Off","Sentinel+1","Evolve","Reckless Charge","Reckless Charge","True Grit+1","Whirlwind","Dark Embrace+1"],"relics":["Burning Blood","King of Hearts","Empty Cage"],"acts_visited":["Exordium","TheCity"],"potions_floor_usage":[16,16,16],"damage_taken":[{"damage":1,"enemies":"Cultist","floor":1,"turns":3},{"damage":1,"enemies":"2 Louse","floor":2,"turns":3},{"damage":2,"enemies":"Small Slimes","floor":3,"turns":3},{"damage":4,"enemies":"3 Louse","floor":5,"turns":6},{"damage":8,"enemies":"Red Slaver","floor":8,"turns":5},{"damage":11,"enemies":"Looter","floor":10,"turns":5},{"damage":5,"enemies":"2 Fungi Beasts","floor":12,"turns":4},{"damage":12,"enemies":"3 Louse","floor":14,"turns":5},{"damage":52,"enemies":"Hexaghost","floor":16,"turns":13},{"damage":22,"enemies":"Chosen","floor":18,"turns":6},{"damage":7,"enemies":"Shell Parasite","floor":21,"turns":7}],"seed_played":"8013152977269023517","potions_obtained":[{"floor":3,"key":"Dexterity Potion"},{"floor":10,"key":"Fire Potion"},{"floor":14,"key":"SteroidPotion"},{"floor":16,"key":"Fire Potion"}],"is_trial":false,"path_per_floor":["M","M","M","?","M","R","$","M","T","M","R","M","$","M","R","B",null,"M","?","?","M"],"character_chosen":"IRONCLAD","items_purchased":["Evolve","Reckless Charge","True Grit"],"campfire_rested":0,"item_purchase_floors":[7,13,13],"current_hp_per_floor":[88,88,88,88,88,88,88,86,86,81,81,82,82,76,76,30,88,72,72,72,65,65],"gold":240,"neow_bonus":"TEN_PERCENT_HP_BONUS","is_daily":false,"chose_seed":false,"campfire_upgraded":3,"win_rate":0.0,"timestamp":1613252395,"path_taken":["M","M","?","?","M","R","?","M","T","M","R","M","$","M","R","BOSS","M","?","?","?"],"items_purchased_type":["Card","Card","Card"],"build_version":"2020-12-22","purchased_purges":1,"victory":false,"max_hp_per_floor":[88,88,88,88,88,88,88,88,88,88,88,88,88,88,88,88,88,88,88,88,88,88],"relic_stats":{"counters":[11,60],"obtain_stats":[{"King of Hearts":9,"Empty Cage":17,"Burning Blood":0},{"King of Hearts":5,"Empty Cage":9,"Burning Blood":0},{"King of Hearts":20,"Empty Cage":47,"Burning Blood":0}],"Burning Blood":44},"card_choices":[{"not_picked":["Body Slam","Twin Strike"],"picked":"Pummel","floor":1},{"not_picked":["Run Through","Wild Strike","Life Link"],"picked":"SKIP","floor":2},{"not_picked":["Twin Strike","Pommel Strike"],"picked":"Shrug It Off","floor":3},{"not_picked":["Shrug It Off","True Grit"],"picked":"Sentinel","floor":5},{"not_picked":["Body Slam","Exhume","Shrug It Off"],"picked":"SKIP","floor":8},{"not_picked":["Body Slam","Thunderclap","Headbutt"],"picked":"SKIP","floor":10},{"not_picked":["Replay:Undeath\u0027s Touch","Life Link","Run Through"],"picked":"SKIP","floor":12},{"not_picked":["Berserk","Body Slam"],"picked":"Whirlwind","floor":14},{"not_picked":["Burning Pact","Combust"],"picked":"Dark Embrace+1","floor":18}],"player_experience":362512,"relics_obtained":[{"floor":9,"key":"King of Hearts"}],"event_choices":[{"damage_healed":0,"gold_gain":0,"player_choice":"Ignored","damage_taken":0,"max_hp_gain":0,"max_hp_loss":0,"event_name":"NoteForYourself","floor":4,"gold_loss":0},{"damage_healed":0,"gold_gain":99,"player_choice":"Stole From Cult","damage_taken":0,"max_hp_gain":0,"max_hp_loss":0,"event_name":"Nest","floor":19,"gold_loss":0},{"cards_removed":["Pummel"],"damage_healed":0,"gold_gain":0,"player_choice":"Purged","damage_taken":0,"max_hp_gain":0,"max_hp_loss":0,"event_name":"Purifier","floor":20,"gold_loss":0}],"is_beta":false,"boss_relics":[{"not_picked":["Replay:Wanted Poster","Calling Bell"],"picked":"Empty Cage"}],"items_purged_floors":[7],"is_endless":false,"potions_floor_spawned":[3,10,14,16],"killed_by":"Shell Parasite","ascension_level":0}}