{"host":"fxrgx7wt2cpkbhka","time":1613192765,"event":{"mods":["AchievementEnabler","BaseMod","Colored Powertips","Dark Map","Minty Spire (QoL Compilation)","Permanent Neow","Quick Restart","Slay-I","StSLib","Waifu the Spire"],"gold_per_floor":[211,211,129,139,139,139,169,181,181,356,356,356,386,397,397,501,501,520,520,520,520,537,562,582,598,652,652,145,145,159,169,169,269,269,279,259,42,53,70,70,99,24,50,62,74,136,148,160,172,184],"floor_reached":51,"language":"ENG","playtime":2370,"items_purged":["Doubt"],"score":836,"play_id":"a6d9d10c-996a-478d-bc83-ad3fee0bf0b7","local_time":"20210212210605","is_ascension_mode":true,"campfire_choices":[{"data":"Eruption","floor":6,"key":"SMITH"},{"data":"BowlingBash","floor":12,"key":"SMITH"},{"data":"Blasphemy","floor":15,"key":"SMITH"},{"floor":27,"key":"REST"},{"floor":32,"key":"REST"},{"data":"Apotheosis","floor":45,"key":"SMITH"},{"floor":49,"key":"REST"}],"circlet_count":0,"master_deck":["Strike_P+1","Strike_P+1","Strike_P+1","Strike_P+1","Defend_P+1","Defend_P+1","Defend_P+1","Defend_P+1","Eruption+1","Vigilance+1","TalkToTheHand+1","SandsOfTime+1","Protect+1","BowlingBash+1","Blasphemy+1","EmptyFist+1","LessonLearned+1","Wallop+1","SashWhip","FollowUp+1","FlurryOfBlows","Swivel+1","DeusExMachina","CurseOfTheBell","FlurryOfBlows","Fasting2","Apotheosis+1","FearNoEvil+1","Vault","Perseverance+1","Writhe"],"relics":["PureWater","CaptainsWheel","Ornamental Fan","Bottled Flame","VioletLotus","Letter Opener","Centennial Puzzle","Lantern","StoneCalendar","Anchor","MutagenicStrength","Calling Bell","Boot","Meat on the Bone","Prayer Wheel","Art of War","MawBank","TungstenRod"],"acts_visited":["Exordium","TheCity","TheBeyond"],"potions_floor_usage":[7,25,33,33,38,50,50],"damage_taken":[{"damage":5,"enemies":"Small Slimes","floor":1,"turns":5},{"damage":0,"enemies":"2 Louse","floor":4,"turns":2},{"damage":28,"enemies":"3 Sentries","floor":7,"turns":8},{"damage":1,"enemies":"Jaw Worm","floor":8,"turns":3},{"damage":6,"enemies":"Gremlin Nob","floor":13,"turns":4},{"damage":2,"enemies":"Looter","floor":14,"turns":2},{"damage":0,"enemies":"Hexaghost","floor":16,"turns":9},{"damage":16,"enemies":"Spheric Guardian","floor":18,"turns":6},{"damage":5,"enemies":"Shell Parasite","floor":22,"turns":10},{"damage":3,"enemies":"Slavers","floor":23,"turns":9},{"damage":2,"enemies":"Centurion and Healer","floor":24,"turns":5},{"damage":17,"enemies":"Chosen and Byrds","floor":25,"turns":6},{"damage":0,"enemies":"Sentry and Sphere","floor":30,"turns":4},{"damage":0,"enemies":"Snecko","floor":31,"turns":4},{"damage":38,"enemies":"Collector","floor":33,"turns":10},{"damage":0,"enemies":"Orb Walker","floor":35,"turns":3},{"damage":13,"enemies":"3 Darklings","floor":38,"turns":5},{"damage":0,"enemies":"Jaw Worm Horde","floor":39,"turns":6},{"damage":53,"enemies":"Giant Head","floor":41,"turns":9},{"damage":0,"enemies":"Mind Bloom Boss Battle","floor":46,"turns":9},{"damage":54,"enemies":"Awakened One","floor":50,"turns":18}],"seed_played":"4749620636457719545","potions_obtained":[{"floor":4,"key":"EntropicBrew"},{"floor":30,"key":"Fire Potion"},{"floor":33,"key":"Energy Potion"},{"floor":36,"key":"Strength Potion"},{"floor":38,"key":"SteroidPotion"}],"is_trial":false,"path_per_floor":["M","?","$","M","?","R","E","M","T","?","?","R","E","M","R","B",null,"M","?","?","?","M","E","M","M","T","R","$","?","M","M","R","B",null,"M","?","$","M","M","$","E","$","T","?","R","?","$","?","R","B",null],"character_chosen":"WATCHER","items_purchased":["TalkToTheHand","StoneCalendar","FlurryOfBlows","Anchor","Fasting2","Apotheosis"],"campfire_rested":3,"item_purchase_floors":[3,28,28,28,37,37],"current_hp_per_floor":[67,67,67,67,67,67,39,38,38,38,24,24,18,16,16,16,72,56,56,56,56,51,48,46,29,29,50,50,50,50,50,71,33,72,72,72,72,59,59,59,18,18,18,36,36,48,48,48,69,40],"gold":196,"neow_bonus":"HUNDRED_GOLD","is_daily":false,"chose_seed":false,"campfire_upgraded":4,"win_rate":0.0,"timestamp":1613192765,"path_taken":["M","?","$","M","?","R","E","M","T","?","?","R","E","M","R","BOSS","M","?","?","?","?","E","M","M","T","R","$","?","M","M","R","BOSS","M","?","?","M","M","$","E","$","T","?","R","?","?","?","R","BOSS"],"items_purchased_type":["Card","Relic","Card","Relic","Card","Card"],"build_version":"2020-12-22","purchased_purges":1,"victory":true,"max_hp_per_floor":[72,72,72,72,72,72,72,72,72,72,72,72,72,72,72,72,72,72,72,72,72,72,72,72,72,72,72,72,72,72,72,72,72,72,72,72,72,72,72,72,72,72,72,72,72,72,72,72,72,72],"card_choices":[{"not_picked":["JustLucky","Prostrate"],"picked":"CarveReality","floor":1},{"not_picked":["Halt","Wish"],"picked":"SandsOfTime","floor":4},{"not_picked":["ThirdEye","Prostrate"],"picked":"Protect","floor":7},{"not_picked":["FlurryOfBlows","WreathOfFlame"],"picked":"BowlingBash","floor":8},{"not_picked":["EmptyMind","Protect"],"picked":"Blasphemy","floor":13},{"not_picked":["Halt","CutThroughFate"],"picked":"EmptyFist","floor":14},{"not_picked":["Brilliance","MasterReality"],"picked":"LessonLearned","floor":16},{"not_picked":["Adaptation","ThirdEye","Evaluate"],"picked":"SKIP","floor":18},{"not_picked":["Prostrate","ThirdEye","WindmillStrike+1"],"picked":"SKIP","floor":22},{"not_picked":["Halt","ClearTheMind","LessonLearned"],"picked":"SKIP","floor":23},{"not_picked":["WaveOfTheHand+1","JustLucky"],"picked":"SashWhip","floor":24},{"not_picked":["SignatureMove","Protect"],"picked":"FollowUp","floor":25},{"not_picked":["Prostrate","PathToVictory","CutThroughFate"],"picked":"SKIP","floor":30},{"not_picked":["Consecrate","EmptyFist"],"picked":"Swivel+1","floor":31},{"not_picked":["DevaForm","ConjureBlade"],"picked":"DeusExMachina","floor":33},{"not_picked":["ThirdEye","PathToVictory"],"picked":"FlurryOfBlows","floor":35},{"not_picked":["CutThroughFate","Prostrate+1","Weave"],"picked":"SKIP","floor":35},{"not_picked":["CrushJoints+1","CutThroughFate+1","Nirvana+1"],"picked":"SKIP","floor":38},{"not_picked":["Tantrum+1","Wireheading","FlyingSleeves"],"picked":"SKIP","floor":38},{"not_picked":["Evaluate+1","DeceiveReality+1"],"picked":"FearNoEvil+1","floor":39},{"not_picked":["Weave+1","PathToVictory+1"],"picked":"Vault","floor":39},{"not_picked":["FlyingSleeves","EmptyBody+1"],"picked":"Perseverance+1","floor":41}],"player_experience":778082,"relics_obtained":[{"floor":7,"key":"CaptainsWheel"},{"floor":9,"key":"Ornamental Fan"},{"floor":13,"key":"Bottled Flame"},{"floor":23,"key":"Centennial Puzzle"},{"floor":26,"key":"Lantern"},{"floor":34,"key":"Boot"},{"floor":34,"key":"Meat on the Bone"},{"floor":34,"key":"Prayer Wheel"},{"floor":41,"key":"Art of War"},{"floor":43,"key":"MawBank"},{"floor":46,"key":"TungstenRod"}],"event_choices":[{"damage_healed":0,"gold_gain":0,"player_choice":"Leave","damage_taken":0,"max_hp_gain":0,"max_hp_loss":0,"event_name":"The Cleric","floor":2,"gold_loss":0},{"damage_healed":0,"gold_gain":0,"player_choice":"Grow","damage_taken":0,"max_hp_gain":0,"max_hp_loss":0,"event_name":"Living Wall","floor":5,"gold_loss":0,"cards_upgraded":["TalkToTheHand"]},{"damage_healed":0,"gold_gain":175,"player_choice":"AGREE","damage_taken":0,"max_hp_gain":0,"max_hp_loss":0,"event_name":"Liars Game","floor":10,"gold_loss":0,"cards_obtained":["Doubt"]},{"damage_healed":0,"gold_gain":0,"player_choice":"Entered Light","damage_taken":14,"max_hp_gain":0,"max_hp_loss":0,"event_name":"Shining Light","floor":11,"gold_loss":0,"cards_upgraded":["Protect","Defend_P"]},{"damage_healed":0,"gold_gain":0,"player_choice":"Opened","damage_taken":0,"relics_obtained":["Letter Opener"],"max_hp_gain":0,"max_hp_loss":0,"event_name":"The Mausoleum","floor":19,"gold_loss":0},{"damage_healed":0,"gold_gain":0,"player_choice":"Simplicity","damage_taken":0,"max_hp_gain":0,"max_hp_loss":0,"event_name":"Back to Basics","floor":20,"gold_loss":0,"cards_upgraded":["Strike_P","Strike_P","Strike_P","Strike_P","Defend_P","Defend_P","Defend_P"]},{"damage_healed":0,"gold_gain":0,"player_choice":"Read","damage_taken":0,"max_hp_gain":0,"max_hp_loss":0,"event_name":"The Library","floor":21,"gold_loss":0,"cards_obtained":["Wallop"]},{"damage_healed":0,"gold_gain":0,"player_choice":"Inject Mutagens","damage_taken":0,"relics_obtained":["MutagenicStrength"],"max_hp_gain":0,"max_hp_loss":0,"event_name":"Drug Dealer","floor":29,"gold_loss":0},{"damage_healed":0,"gold_gain":0,"player_choice":"Bought 1 Potion","damage_taken":0,"max_hp_gain":0,"max_hp_loss":0,"event_name":"The Woman in Blue","floor":36,"gold_loss":0},{"damage_healed":18,"gold_gain":0,"player_choice":"Writhe","damage_taken":0,"max_hp_gain":0,"max_hp_loss":0,"event_name":"Winding Halls","floor":44,"gold_loss":0,"cards_obtained":["Writhe"]},{"damage_healed":0,"gold_gain":0,"player_choice":"Fight","damage_taken":0,"max_hp_gain":0,"max_hp_loss":0,"event_name":"MindBloom","floor":46,"gold_loss":0},{"cards_removed":["CarveReality"],"damage_healed":0,"gold_gain":0,"player_choice":"Removed Attack","damage_taken":0,"max_hp_gain":0,"max_hp_loss":0,"event_name":"Falling","floor":48,"gold_loss":0}],"is_beta":false,"boss_relics":[{"not_picked":["SlaversCollar","Fusion Hammer"],"picked":"VioletLotus"},{"not_picked":["Astrolabe","Tiny House"],"picked":"Calling Bell"}],"items_purged_floors":[42],"is_endless":false,"potions_floor_spawned":[4,8,14,30,33,38,41,46],"ascension_level":1}}