{"host":"gfxjwtol062e9znw","time":1613206975,"event":{"mods":["BaseMod","Colored Map","Minty Spire (QoL Compilation)","Rare Cards Sparkle","StSLib"],"gold_per_floor":[116,116,135,150,225,225,260,260,336,352,352,390,405,419,419,549,549,563,563,577,320,343,343,386,401,401,420,420,363,378,378,378,378,378],"floor_reached":33,"language":"ENG","playtime":1332,"items_purged":["Writhe"],"score":405,"play_id":"c7a64b31-4a76-424d-96e9-2dd6b2023143","local_time":"20210213200255","is_ascension_mode":true,"campfire_choices":[{"floor":6,"key":"REST"},{"floor":8,"key":"REST"},{"data":"Neutralize","floor":11,"key":"SMITH"},{"floor":15,"key":"REST"},{"floor":23,"key":"REST"},{"floor":28,"key":"REST"},{"floor":32,"key":"REST"}],"circlet_count":0,"master_deck":["Strike_G","Strike_G","Strike_G","Strike_G","Defend_G","Defend_G","Defend_G","Defend_G","Survivor","Neutralize+1","Finisher","Dagger Throw","Backstab","Slice","Dodge and Roll","Poisoned Stab","Envenom","Poisoned Stab","Deflect","Venomology","Quick Slash","All Out Attack","Footwork","Leg Sweep","Bouncing Flask","Corpse Explosion","Quick Slash+1","Deflect+1","Bane+1","PiercingWail","Cloak And Dagger","PiercingWail","Venomology","Slice"],"relics":["Ring of the Snake","Torii","Golden Idol","Snake Skull","Darkstone Periapt","Dream Catcher","Philosopher\u0027s Stone","Oddly Smooth Stone","Pear","Anchor","Frozen Egg 2"],"acts_visited":["Exordium","TheCity"],"potions_floor_usage":[7,12,22,22,24,25,25,27,30,33,33,33],"damage_taken":[{"damage":1,"enemies":"Small Slimes","floor":1,"turns":3},{"damage":1,"enemies":"Jaw Worm","floor":3,"turns":5},{"damage":0,"enemies":"Cultist","floor":4,"turns":3},{"damage":26,"enemies":"Lagavulin","floor":7,"turns":6},{"damage":1,"enemies":"Looter","floor":10,"turns":2},{"damage":7,"enemies":"3 Sentries","floor":12,"turns":7},{"damage":0,"enemies":"Exordium Wildlife","floor":13,"turns":2},{"damage":14,"enemies":"Exordium Thugs","floor":14,"turns":6},{"damage":11,"enemies":"The Guardian","floor":16,"turns":8},{"damage":9,"enemies":"Chosen","floor":18,"turns":5},{"damage":12,"enemies":"Spheric Guardian","floor":20,"turns":5},{"damage":12,"enemies":"Centurion and Healer","floor":22,"turns":5},{"damage":38,"enemies":"Slavers","floor":24,"turns":4},{"damage":0,"enemies":"3 Cultists","floor":25,"turns":2},{"damage":14,"enemies":"Sentry and Sphere","floor":27,"turns":7},{"damage":7,"enemies":"Snake Plant","floor":30,"turns":2},{"damage":80,"enemies":"Champ","floor":33,"turns":11}],"seed_played":"-4258526391657091627","potions_obtained":[{"floor":4,"key":"Fire Potion"},{"floor":7,"key":"PowerPotion"},{"floor":13,"key":"GhostInAJar"},{"floor":16,"key":"Fire Potion"},{"floor":20,"key":"FairyPotion"},{"floor":25,"key":"FearPotion"},{"floor":30,"key":"Weak Potion"}],"is_trial":false,"path_per_floor":["M","?","M","M","?","R","E","R","T","M","R","E","M","M","R","B",null,"M","?","M","$","M","R","E","M","T","M","R","?","M","?","R","B"],"character_chosen":"THE_SILENT","items_purchased":["Footwork","Leg Sweep","Bouncing Flask"],"campfire_rested":6,"item_purchase_floors":[21,21,21],"current_hp_per_floor":[62,47,46,46,40,58,32,50,50,49,49,42,42,28,46,35,56,47,53,41,41,29,49,21,21,21,7,30,30,23,23,46,0,0],"gold":378,"neow_bonus":"ONE_RARE_RELIC","is_daily":false,"chose_seed":false,"campfire_upgraded":1,"win_rate":0.0,"timestamp":1613206975,"path_taken":["M","?","M","M","?","R","E","R","T","M","R","E","M","?","R","BOSS","M","?","M","$","M","R","E","M","T","M","R","?","?","?","R","BOSS"],"items_purchased_type":["Card","Card","Card"],"build_version":"2020-12-22","purchased_purges":1,"victory":false,"max_hp_per_floor":[63,63,63,63,63,63,63,63,63,63,63,63,63,63,63,63,63,63,69,69,69,69,69,79,79,79,79,79,79,79,79,79,79,79],"card_choices":[{"not_picked":["Backflip","Deadly Poison"],"picked":"Finisher","floor":1},{"not_picked":["Blade Dance","Reflex"],"picked":"Dagger Throw","floor":3},{"not_picked":["Escape Plan","Bane"],"picked":"Backstab","floor":4},{"not_picked":["Reflex","Storm of Steel"],"picked":"Slice","floor":7},{"not_picked":["Sucker Punch","Outmaneuver"],"picked":"Dodge and Roll","floor":10},{"not_picked":["Prepared","Well Laid Plans"],"picked":"Poisoned Stab","floor":12},{"not_picked":["Poisoned Stab","Calculated Gamble"],"picked":"Envenom","floor":13},{"not_picked":["Prepared","Dodge and Roll"],"picked":"Poisoned Stab","floor":14},{"not_picked":["Flechettes","Prepared"],"picked":"Deflect","floor":15},{"not_picked":["A Thousand Cuts","Phantasmal Killer"],"picked":"Venomology","floor":16},{"not_picked":["Finisher","Slice"],"picked":"Quick Slash","floor":18},{"not_picked":["Dodge and Roll","Blur"],"picked":"All Out Attack","floor":20},{"not_picked":["Sucker Punch","Deflect+1"],"picked":"Corpse Explosion","floor":22},{"not_picked":["Deflect","Expertise"],"picked":"Quick Slash+1","floor":23},{"not_picked":["Dagger Throw","Footwork"],"picked":"Deflect+1","floor":24},{"not_picked":["Prepared","Flying Knee+1"],"picked":"Bane+1","floor":25},{"not_picked":["Slice","Dagger Spray"],"picked":"PiercingWail","floor":27},{"not_picked":["Bouncing Flask","Eviscerate"],"picked":"Cloak And Dagger","floor":28},{"not_picked":["All Out Attack","Deflect"],"picked":"PiercingWail","floor":30}],"player_experience":163925,"relics_obtained":[{"floor":7,"key":"Snake Skull"},{"floor":9,"key":"Darkstone Periapt"},{"floor":12,"key":"Dream Catcher"},{"floor":24,"key":"Pear"},{"floor":26,"key":"Anchor"}],"event_choices":[{"damage_healed":0,"gold_gain":0,"player_choice":"Take Damage","damage_taken":15,"relics_obtained":["Golden Idol"],"max_hp_gain":0,"max_hp_loss":0,"event_name":"Golden Idol","floor":2,"gold_loss":0},{"damage_healed":0,"gold_gain":75,"player_choice":"Touch","damage_taken":6,"max_hp_gain":0,"max_hp_loss":0,"event_name":"FaceTrader","floor":5,"gold_loss":0},{"damage_healed":0,"gold_gain":0,"player_choice":"Opened","damage_taken":0,"relics_obtained":["Oddly Smooth Stone"],"max_hp_gain":0,"max_hp_loss":0,"event_name":"The Mausoleum","floor":19,"gold_loss":0,"cards_obtained":["Writhe"]},{"damage_healed":0,"gold_gain":0,"player_choice":"Paid Gold","damage_taken":0,"relics_obtained":["Frozen Egg 2"],"max_hp_gain":0,"max_hp_loss":0,"event_name":"WeMeetAgain","floor":29,"gold_loss":57},{"damage_healed":0,"gold_gain":0,"cards_transformed":["Strike_G","Defend_G"],"player_choice":"Became Test Subject","damage_taken":0,"max_hp_gain":0,"max_hp_loss":0,"event_name":"Drug Dealer","floor":31,"gold_loss":0,"cards_obtained":["Venomology","Slice"]}],"is_beta":false,"boss_relics":[{"not_picked":["SacredBark","Ring of the Serpent"],"picked":"Philosopher\u0027s Stone"}],"items_purged_floors":[21],"is_endless":false,"potions_floor_spawned":[4,7,13,16,20,25,30],"killed_by":"Champ","ascension_level":9}}