{"host":"ga4s3hj9m6nkn6gp","time":1613214877,"event":{"mods":["AchievementEnabler","BaseMod","Bestiary","Colored Powertips","Highlight Path","Minty Spire (QoL Compilation)","Relic Stats","everything is the same but u backflip on backflip"],"gold_per_floor":[99,99,99,99,99,99,99,99,99,99,99,99,99,28,28,28,28,0,0,0,0,0,0,0,0,0,0,0,0,0,0,0,0,0,0,0,0,0,0,0,0,0,0,0,0,0,0,0,0,0,0,0,0,0,0,0],"floor_reached":55,"language":"ENG","playtime":3225,"items_purged":[],"score":1144,"play_id":"5aff0165-ed6b-4b43-9295-864c6110b494","local_time":"20210213121437","is_ascension_mode":true,"campfire_choices":[{"data":"Eruption","floor":6.0,"key":"SMITH"},{"data":"Wallop","floor":8.0,"key":"SMITH"},{"data":"Meditate","floor":15.0,"key":"SMITH"},{"floor":24.0,"key":"REST"},{"floor":29.0,"key":"RECALL"},{"floor":32.0,"key":"REST"},{"floor":40.0,"key":"REST"},{"floor":42,"key":"REST"},{"floor":49,"key":"REST"},{"floor":52,"key":"REST"}],"circlet_count":0,"master_deck":["Strike_P+1","Strike_P+1","Strike_P+1","Strike_P+1","Defend_P+1","Defend_P+1","Defend_P+1","Defend_P+1","Eruption+1","Vigilance+1","CutThroughFate","Meditate+1","Consecrate+1","CutThroughFate+1","Wallop+1","Vengeance+1","CrushJoints+1","EmptyMind+1","LessonLearned+1","WheelKick+1","WaveOfTheHand+1","FlurryOfBlows","Adaptation+1","FlurryOfBlows+1","Evaluate+1","Vault+1","Halt+1","Sanctity+1","ThirdEye+1","InnerPeace+1","Violence+1","PanicButton+1","Secret Weapon+1","ThirdEye+1","EmptyMind+1","MentalFortress+1"],"relics":["Ectoplasm","Potion Belt","PreservedInsect","Matryoshka","Fusion Hammer","StrikeDummy","Toxic Egg 2","Bag of Preparation","Turnip","Omamori","Blood Vial","SsserpentHead","SlaversCollar","Blue Candle","Mercury Hourglass","Mummified Hand","Boot"],"acts_visited":["Exordium","TheCity","TheBeyond","TheEnding"],"potions_floor_usage":[48,55,55,55,55],"damage_taken":[{"damage":0.0,"enemies":"Small Slimes","floor":1.0,"turns":3.0},{"damage":0.0,"enemies":"Cultist","floor":2.0,"turns":2.0},{"damage":0.0,"enemies":"2 Louse","floor":3.0,"turns":4.0},{"damage":0.0,"enemies":"Exordium Thugs","floor":5.0,"turns":3.0},{"damage":17.0,"enemies":"Lagavulin","floor":7.0,"turns":5.0},{"damage":0.0,"enemies":"2 Fungi Beasts","floor":10.0,"turns":1.0},{"damage":5.0,"enemies":"Exordium Wildlife","floor":11.0,"turns":2.0},{"damage":5.0,"enemies":"3 Sentries","floor":12.0,"turns":3.0},{"damage":16.0,"enemies":"Hexaghost","floor":16.0,"turns":5.0},{"damage":11.0,"enemies":"2 Thieves","floor":18.0,"turns":3.0},{"damage":0.0,"enemies":"Spheric Guardian","floor":22.0,"turns":2.0},{"damage":21.0,"enemies":"Book of Stabbing","floor":23.0,"turns":3.0},{"damage":0.0,"enemies":"Gremlin Leader","floor":25.0,"turns":3.0},{"damage":5.0,"enemies":"Book of Stabbing","floor":27.0,"turns":3.0},{"damage":0.0,"enemies":"Snecko","floor":30.0,"turns":3.0},{"damage":2.0,"enemies":"Snake Plant","floor":31.0,"turns":3.0},{"damage":7.0,"enemies":"Collector","floor":33.0,"turns":5.0},{"damage":1.0,"enemies":"3 Shapes","floor":35.0,"turns":5.0},{"damage":0.0,"enemies":"Orb Walker","floor":36.0,"turns":2.0},{"damage":12.0,"enemies":"Sphere and 2 Shapes","floor":37.0,"turns":3.0},{"damage":17.0,"enemies":"3 Darklings","floor":38.0,"turns":5.0},{"damage":0,"enemies":"Reptomancer","floor":41,"turns":4},{"damage":2,"enemies":"Nemesis","floor":45,"turns":5},{"damage":0,"enemies":"Jaw Worm Horde","floor":46,"turns":3},{"damage":17,"enemies":"4 Shapes","floor":47,"turns":4},{"damage":0,"enemies":"Sphere and 2 Shapes","floor":48,"turns":4},{"damage":41,"enemies":"Awakened One","floor":50,"turns":11},{"damage":13,"enemies":"Shield and Spear","floor":54,"turns":6},{"damage":89,"enemies":"The Heart","floor":55,"turns":9}],"seed_played":"-1177382953476091125","potions_obtained":[{"floor":5.0,"key":"BlessingOfTheForge"},{"floor":11.0,"key":"EssenceOfSteel"},{"floor":12.0,"key":"CultistPotion"},{"floor":25.0,"key":"SpeedPotion"},{"floor":30.0,"key":"Energy Potion"},{"floor":35.0,"key":"SteroidPotion"},{"floor":38.0,"key":"FearPotion"},{"floor":47,"key":"Energy Potion"}],"is_trial":false,"path_per_floor":["M","M","M","?","M","R","E","R","T","M","M","E","?","$","R","B",null,"M","$","?","T","M","E","R","E","T","E","?","R","M","M","R","B",null,"M","M","M","M","?","R","E","R","T","$","E","M","M","M","R","B",null,"R","$","E","B"],"character_chosen":"WATCHER","items_purchased":["EmptyMind"],"campfire_rested":6,"item_purchase_floors":[14],"current_hp_per_floor":[65,65,65,65,65,65,48,48,48,48,43,38,38,38,38,22,60,49,49,49,49,49,28,49,49,49,44,44,44,46,46,67,62,70,71,72,60,45,35,56,58,72,72,72,70,72,55,57,72,31,62,72,72,59,0,0],"gold":0,"neow_bonus":"BOSS_RELIC","is_daily":false,"chose_seed":false,"campfire_upgraded":3,"win_rate":0.0,"timestamp":1613214877,"path_taken":["M","M","M","?","M","R","E","R","T","M","?","E","?","?","R","BOSS","M","$","?","?","?","E","R","E","T","E","?","R","M","M","R","BOSS","M","?","M","M","?","R","E","R","T","?","E","M","M","M","R","BOSS","R","$","E","BOSS"],"items_purchased_type":["Card"],"build_version":"2020-12-22","purchased_purges":0,"victory":false,"max_hp_per_floor":[72,72,72,72,72,72,72,72,72,72,72,72,72,72,72,72,72,72,72,72,72,72,72,72,72,72,72,72,72,72,72,72,72,72,72,72,72,72,72,72,72,72,72,72,72,72,72,72,72,72,72,72,72,72,72,72],"relic_stats":{"Blood Vial":19,"SsserpentHead":0,"counters":[29,114],"Mummified Hand":[10],"Blue Candle":[0],"Ectoplasm":949,"PreservedInsect":349,"Turnip":[17],"Bag of Preparation":[34],"Boot":[3],"obtain_stats":[{"Potion Belt":7,"Blue Candle":41,"PreservedInsect":9,"Bag of Preparation":23,"Omamori":26,"Boot":54,"Mercury Hourglass":43,"Blood Vial":27,"SsserpentHead":28,"SlaversCollar":34,"Matryoshka":12,"Mummified Hand":45,"Ectoplasm":0,"Fusion Hammer":17,"Turnip":25,"PureWater":0,"Toxic Egg 2":21,"StrikeDummy":21},{"Potion Belt":5,"Blue Candle":22,"PreservedInsect":5,"Bag of Preparation":12,"Omamori":13,"Boot":28,"Mercury Hourglass":22,"Blood Vial":14,"SsserpentHead":14,"SlaversCollar":17,"Matryoshka":8,"Mummified Hand":23,"Ectoplasm":0,"Fusion Hammer":9,"Turnip":13,"PureWater":0,"Toxic Egg 2":10,"StrikeDummy":10},{"Potion Belt":17,"Blue Candle":72,"PreservedInsect":17,"Bag of Preparation":36,"Omamori":39,"Boot":105,"Mercury Hourglass":72,"Blood Vial":42,"SsserpentHead":42,"SlaversCollar":53,"Matryoshka":23,"Mummified Hand":77,"Ectoplasm":0,"Fusion Hammer":28,"Turnip":39,"PureWater":0,"Toxic Egg 2":31,"StrikeDummy":31}],"Mercury Hourglass":[146]},"card_choices":[{"not_picked":["FollowUp","SashWhip"],"picked":"CutThroughFate","floor":1.0},{"not_picked":["ThirdEye","FlyingSleeves"],"picked":"Meditate","floor":2.0},{"not_picked":["Crescendo","Pray"],"picked":"Consecrate","floor":3.0},{"not_picked":["FlurryOfBlows","PathToVictory"],"picked":"CutThroughFate","floor":5.0},{"not_picked":["Evaluate","WheelKick"],"picked":"Wallop","floor":7.0},{"not_picked":["ThirdEye","WaveOfTheHand"],"picked":"Vengeance","floor":10.0},{"not_picked":["BowlingBash","SashWhip"],"picked":"CrushJoints","floor":11.0},{"not_picked":["Consecrate","Omniscience","BowlingBash"],"picked":"SKIP","floor":12.0},{"not_picked":["Omniscience","Scrawl"],"picked":"LessonLearned","floor":16.0},{"not_picked":["EmptyBody+1","Consecrate","ClearTheMind"],"picked":"SKIP","floor":18.0},{"not_picked":["CrushJoints","PathToVictory+1","Consecrate"],"picked":"SKIP","floor":22.0},{"not_picked":["CrushJoints","PathToVictory+1","Consecrate"],"picked":"SKIP","floor":22.0},{"not_picked":["Evaluate+1","Indignation+1"],"picked":"WaveOfTheHand+1","floor":23.0},{"not_picked":["Wallop","Collect+1"],"picked":"FlurryOfBlows","floor":25.0},{"not_picked":["Prostrate+1","FlurryOfBlows+1"],"picked":"Adaptation","floor":27.0},{"not_picked":["FollowUp","FlyingSleeves"],"picked":"FlurryOfBlows+1","floor":30.0},{"not_picked":["BowlingBash","EmptyBody+1"],"picked":"Evaluate+1","floor":31.0},{"not_picked":["Judgement+1","Omniscience+1"],"picked":"Vault+1","floor":33.0},{"not_picked":["CarveReality+1","SashWhip+1"],"picked":"Halt+1","floor":35.0},{"not_picked":["Halt+1","FlurryOfBlows+1"],"picked":"Sanctity+1","floor":36.0},{"not_picked":["WindmillStrike","Vengeance+1"],"picked":"ThirdEye+1","floor":37.0},{"not_picked":["EmptyMind+1","Consecrate"],"picked":"InnerPeace+1","floor":38.0},{"not_picked":["Purity+1","Transmutation+1"],"picked":"Violence+1","floor":39.0},{"not_picked":["Chrysalis+1","Good Instincts+1"],"picked":"PanicButton+1","floor":39.0},{"not_picked":["Flash of Steel","Forethought+1"],"picked":"Secret Weapon+1","floor":39.0},{"not_picked":["PathToVictory+1","FlyingSleeves"],"picked":"ThirdEye+1","floor":41},{"not_picked":["Evaluate+1","FlurryOfBlows+1","EmptyFist"],"picked":"SKIP","floor":45},{"not_picked":["Conclude","Worship+1","Prostrate+1"],"picked":"SKIP","floor":46},{"not_picked":["Weave","WreathOfFlame+1"],"picked":"EmptyMind+1","floor":47},{"not_picked":["SandsOfTime","CutThroughFate","WreathOfFlame+1"],"picked":"SKIP","floor":48},{"not_picked":["EmptyFist","Consecrate"],"picked":"MentalFortress+1","floor":54}],"player_experience":768605,"relics_obtained":[{"floor":7.0,"key":"Potion Belt"},{"floor":9.0,"key":"PreservedInsect"},{"floor":12.0,"key":"Matryoshka"},{"floor":21.0,"key":"StrikeDummy"},{"floor":21.0,"key":"Toxic Egg 2"},{"floor":23.0,"key":"Bag of Preparation"},{"floor":25.0,"key":"Turnip"},{"floor":26.0,"key":"Omamori"},{"floor":27.0,"key":"Blood Vial"},{"floor":41,"key":"Blue Candle"},{"floor":43,"key":"Mercury Hourglass"},{"floor":45,"key":"Mummified Hand"},{"floor":54,"key":"Boot"}],"event_choices":[{"damage_healed":0.0,"max_hp_gain":0.0,"max_hp_loss":0.0,"gold_gain":100.0,"event_name":"Wheel of Change","player_choice":"Gold","floor":4.0,"gold_loss":0.0,"damage_taken":0.0},{"damage_healed":0.0,"max_hp_gain":0.0,"max_hp_loss":0.0,"gold_gain":0.0,"event_name":"Living Wall","player_choice":"Grow","floor":13.0,"gold_loss":0.0,"damage_taken":0.0,"cards_upgraded":["CrushJoints"]},{"damage_healed":0.0,"max_hp_gain":0.0,"max_hp_loss":0.0,"gold_gain":0.0,"event_name":"The Library","player_choice":"Read","floor":20.0,"gold_loss":0.0,"damage_taken":0.0,"cards_obtained":["WheelKick"]},{"damage_healed":0.0,"max_hp_gain":0.0,"max_hp_loss":0.0,"gold_gain":0.0,"event_name":"FaceTrader","player_choice":"Trade","floor":28.0,"gold_loss":0.0,"damage_taken":0.0,"relics_obtained":["SsserpentHead"]},{"damage_healed":0.0,"max_hp_gain":0.0,"max_hp_loss":0.0,"gold_gain":0.0,"event_name":"SensoryStone","player_choice":"Memory 3","floor":39.0,"gold_loss":0.0,"damage_taken":10.0}],"is_beta":false,"boss_relics":[{"not_picked":["Tiny House","Runic Pyramid"],"picked":"Fusion Hammer"},{"not_picked":["Velvet Choker","Snecko Eye"],"picked":"SlaversCollar"}],"items_purged_floors":[],"is_endless":false,"potions_floor_spawned":[5,11,12,25,30,35,38,47],"killed_by":"The Heart","ascension_level":8}}