{"host":"2ty4h143nj8vwezc","time":1613177766,"event":{"mods":["BaseMod","Colored Map","Googly Eyes","Highlight Path","Minty Spire (QoL Compilation)","Quick Restart","StSLib"],"gold_per_floor":[116,128,138,16,28,60,60,94,94,113,113,143,162,121,121,223,223,235,250,250,265,91,91,124,124,203,223,223,223,241,275,275,374,374,385,385,385,115,132,132,159,125,125,125,141,160,160,186,186,186],"floor_reached":51,"language":"ENG","playtime":2763,"items_purged":["Strike_B","Gash","Decay"],"score":1027,"play_id":"f4e3be72-330b-408a-9c93-202dfc060e3a","local_time":"20210212195606","is_ascension_mode":true,"campfire_choices":[{"floor":7.0,"key":"REST"},{"floor":11.0,"key":"REST"},{"floor":15.0,"key":"REST"},{"floor":23.0,"key":"REST"},{"floor":25.0,"key":"REST"},{"floor":29.0,"key":"REST"},{"floor":32.0,"key":"REST"},{"floor":40.0,"key":"REST"},{"floor":44.0,"key":"REST"},{"floor":49,"key":"REST"}],"circlet_count":0,"master_deck":["Strike_B+1","Strike_B+1","Strike_B+1","Defend_B+1","Defend_B+1","Defend_B+1","Defend_B+1","Zap","Dualcast","Reboot","Reinforced Body","Undo","Storm","Storm","Creative AI+1","Storm+1","Creative AI+1","Storm+1","Glacier","Chill","Steam+1","Chill+1","Fusion+1","Multi-Cast","Hologram+1","Deep Breath","Chill+1","Cold Snap","Capacitor+1","Hologram","Chill","Doubt"],"relics":["Cracked Core","Torii","Frozen Egg 2","Pear","Philosopher\u0027s Stone","Letter Opener","Mercury Hourglass","InkBottle","SlaversCollar","DollysMirror","Question Card","Peace Pipe","Bag of Preparation"],"acts_visited":["Exordium","TheCity","TheBeyond"],"potions_floor_usage":[50,50],"damage_taken":[{"damage":1.0,"enemies":"Cultist","floor":1.0,"turns":3.0},{"damage":2.0,"enemies":"Jaw Worm","floor":2.0,"turns":4.0},{"damage":0.0,"enemies":"2 Louse","floor":3.0,"turns":2.0},{"damage":1.0,"enemies":"Large Slime","floor":5.0,"turns":5.0},{"damage":45.0,"enemies":"3 Sentries","floor":6.0,"turns":8.0},{"damage":26.0,"enemies":"Gremlin Nob","floor":8.0,"turns":5.0},{"damage":6.0,"enemies":"2 Fungi Beasts","floor":10.0,"turns":3.0},{"damage":26.0,"enemies":"Exordium Wildlife","floor":13.0,"turns":4.0},{"damage":1.0,"enemies":"Slime Boss","floor":16.0,"turns":5.0},{"damage":8.0,"enemies":"Spheric Guardian","floor":18.0,"turns":4.0},{"damage":30.0,"enemies":"2 Thieves","floor":19.0,"turns":3.0},{"damage":33.0,"enemies":"Snake Plant","floor":21.0,"turns":3.0},{"damage":25.0,"enemies":"Book of Stabbing","floor":24.0,"turns":5.0},{"damage":6.0,"enemies":"Cultist and Chosen","floor":27.0,"turns":4.0},{"damage":10.0,"enemies":"Shelled Parasite and Fungi","floor":30.0,"turns":5.0},{"damage":44.0,"enemies":"Slavers","floor":31.0,"turns":6.0},{"damage":37.0,"enemies":"Collector","floor":33.0,"turns":7.0},{"damage":31.0,"enemies":"3 Darklings","floor":35.0,"turns":5.0},{"damage":6.0,"enemies":"3 Shapes","floor":39.0,"turns":3.0},{"damage":42.0,"enemies":"Nemesis","floor":41.0,"turns":5.0},{"damage":10.0,"enemies":"Sphere and 2 Shapes","floor":45.0,"turns":5.0},{"damage":15,"enemies":"Spire Growth","floor":46,"turns":4},{"damage":22,"enemies":"Giant Head","floor":48,"turns":8},{"damage":42,"enemies":"Awakened One","floor":50,"turns":8}],"seed_played":"898549322849463938","potions_obtained":[{"floor":1.0,"key":"SkillPotion"},{"floor":2.0,"key":"EssenceOfDarkness"},{"floor":3.0,"key":"Strength Potion"},{"floor":10.0,"key":"Regen Potion"},{"floor":16.0,"key":"SpeedPotion"},{"floor":18.0,"key":"Fire Potion"},{"floor":24.0,"key":"Strength Potion"},{"floor":27.0,"key":"FairyPotion"},{"floor":30.0,"key":"SteroidPotion"},{"floor":35.0,"key":"Strength Potion"},{"floor":41.0,"key":"Explosive Potion"},{"floor":45.0,"key":"Fire Potion"},{"floor":46,"key":"Block Potion"}],"is_trial":false,"path_per_floor":["M","M","M","$","M","E","R","E","T","M","R","?","M","?","R","B",null,"M","M","?","M","$","R","E","R","T","M","?","R","M","E","R","B",null,"M","?","?","$","M","R","E","$","T","R","M","M","?","E","R","B",null],"character_chosen":"DEFECT","items_purchased":["Gash","Glacier","DollysMirror","Capacitor+1"],"campfire_rested":10,"item_purchase_floors":[4,22,38,42],"current_hp_per_floor":[67,65,65,65,64,19,41,15,25,19,44,44,27,27,52,51,77,69,39,39,6,6,31,6,31,31,25,25,50,40,25,50,13,67,36,36,36,36,30,55,13,13,13,38,28,13,85,63,85,43],"gold":186,"neow_bonus":"ONE_RANDOM_RARE_CARD","is_daily":false,"chose_seed":false,"campfire_upgraded":0,"win_rate":0.0,"timestamp":1613177766,"path_taken":["M","M","?","$","M","E","R","E","T","M","R","?","M","?","R","BOSS","M","M","?","M","$","R","E","R","T","M","?","R","M","E","R","BOSS","M","?","?","$","M","R","E","?","T","R","M","M","?","E","R","BOSS"],"items_purchased_type":["Card","Card","Relic","Card"],"build_version":"2020-12-22","purchased_purges":3,"victory":true,"max_hp_per_floor":[75,75,75,75,75,75,75,75,85,85,85,85,85,85,85,85,85,85,85,85,85,85,85,85,85,85,85,85,85,85,85,85,85,85,85,85,85,85,85,85,85,85,85,85,85,85,85,85,85,85],"card_choices":[{"not_picked":["Static Discharge","Rebound"],"picked":"Reinforced Body","floor":1.0},{"not_picked":["Gash","Redo"],"picked":"Undo","floor":2.0},{"not_picked":["Steam","Rebound"],"picked":"Gash","floor":3.0},{"not_picked":["Cold Snap","Turbo"],"picked":"Storm","floor":5.0},{"not_picked":["Capacitor","Doom and Gloom"],"picked":"Storm","floor":6.0},{"not_picked":["Leap","Compile Driver"],"picked":"Creative AI+1","floor":8.0},{"not_picked":["Hello World+1","Streamline"],"picked":"Storm+1","floor":10.0},{"not_picked":["Barrage","Coolheaded","White Noise"],"picked":"SKIP","floor":13.0},{"not_picked":["Core Surge","Machine Learning+1"],"picked":"Creative AI+1","floor":16.0},{"not_picked":["Redo","Glacier"],"picked":"Storm+1","floor":18.0},{"not_picked":["Barrage","Hologram","FTL"],"picked":"SKIP","floor":19.0},{"not_picked":["Blizzard+1","Compile Driver","Hologram"],"picked":"SKIP","floor":21.0},{"not_picked":["Darkness","Capacitor+1"],"picked":"Chill","floor":24.0},{"not_picked":["Aggregate","FTL"],"picked":"Steam+1","floor":27.0},{"not_picked":["Steam Power","Gash"],"picked":"Chill+1","floor":30.0},{"not_picked":["Beam Cell","Barrage"],"picked":"Fusion+1","floor":31.0},{"not_picked":["Machine Learning+1","Thunder Strike"],"picked":"Multi-Cast","floor":33.0},{"not_picked":["Go for the Eyes","Stack+1"],"picked":"Hologram+1","floor":35.0},{"not_picked":["Transmutation","Metamorphosis"],"picked":"Deep Breath","floor":37.0},{"not_picked":["Compile Driver","Redo+1","Barrage"],"picked":"SKIP","floor":39.0},{"not_picked":["Hello World+1","Skim"],"picked":"Cold Snap","floor":41.0},{"not_picked":["Reprogram","Cold Snap","Rebound+1"],"picked":"Hologram","floor":45.0},{"not_picked":["Recycle","Skim","Ball Lightning"],"picked":"Chill","floor":46},{"not_picked":["Turbo","Consume","Auto Shields","Coolheaded"],"picked":"SKIP","floor":48}],"player_experience":389896,"relics_obtained":[{"floor":6.0,"key":"Torii"},{"floor":8.0,"key":"Frozen Egg 2"},{"floor":9.0,"key":"Pear"},{"floor":24.0,"key":"Letter Opener"},{"floor":26.0,"key":"Mercury Hourglass"},{"floor":31.0,"key":"InkBottle"},{"floor":41.0,"key":"Question Card"},{"floor":43.0,"key":"Peace Pipe"},{"floor":48,"key":"Bag of Preparation"}],"event_choices":[{"damage_healed":0.0,"max_hp_gain":0.0,"max_hp_loss":0.0,"gold_gain":30.0,"event_name":"Dead Adventurer","player_choice":"Searched \u00272\u0027 times","floor":12.0,"gold_loss":0.0,"damage_taken":0.0},{"damage_healed":0.0,"max_hp_gain":0.0,"max_hp_loss":0.0,"gold_gain":0.0,"event_name":"World of Goop","player_choice":"Left Gold","floor":14.0,"gold_loss":41.0,"damage_taken":0.0},{"damage_healed":0.0,"max_hp_gain":0.0,"max_hp_loss":0.0,"gold_gain":0.0,"event_name":"Back to Basics","player_choice":"Simplicity","floor":20.0,"gold_loss":0.0,"damage_taken":0.0,"cards_upgraded":["Strike_B","Strike_B","Strike_B","Defend_B","Defend_B","Defend_B","Defend_B"]},{"damage_healed":0.0,"max_hp_gain":0.0,"max_hp_loss":0.0,"gold_gain":0.0,"event_name":"Forgotten Altar","player_choice":"Smashed Altar","floor":28.0,"gold_loss":0.0,"damage_taken":0.0,"cards_obtained":["Decay"]},{"cards_removed":["Gash"],"damage_healed":0.0,"max_hp_gain":0.0,"max_hp_loss":0.0,"gold_gain":0.0,"event_name":"Falling","player_choice":"Removed Attack","floor":36.0,"gold_loss":0.0,"damage_taken":0.0},{"damage_healed":0.0,"max_hp_gain":0.0,"max_hp_loss":0.0,"gold_gain":0.0,"event_name":"SensoryStone","player_choice":"Memory 1","floor":37.0,"gold_loss":0.0,"damage_taken":0.0},{"damage_healed":72,"gold_gain":0,"player_choice":"Heal","damage_taken":0,"max_hp_gain":0,"max_hp_loss":0,"event_name":"MindBloom","floor":47,"gold_loss":0,"cards_obtained":["Doubt"]}],"is_beta":false,"boss_relics":[{"not_picked":["Tiny House","Busted Crown"],"picked":"Philosopher\u0027s Stone"},{"not_picked":["SacredBark","Runic Pyramid"],"picked":"SlaversCollar"}],"items_purged_floors":[4,22,38],"is_endless":false,"potions_floor_spawned":[1,2,3,10,16,18,24,27,30,35,41,45,46],"ascension_level":7}}