{"host":"nsc6ozq3atyrdr3m","time":1613228535,"event":{"mods":["BaseMod","Colored Map","Minty Spire (QoL Compilation)"],"gold_per_floor":[20,20,95,109,160,160,190,208,234,234,268,268,155,173,173,277,277,293,50,50,50,65,65,65,82,153,81,81,92,92,111,111,207,207,223,235,246,296,201,201,236,251,251,280,299,310,310,392,392,392,392,392,132,167,167,167],"floor_reached":55,"language":"FRA","playtime":1876,"items_purged":["Strike_B"],"score":823,"play_id":"a4bc1d40-78db-496f-8ec9-0cc55366642c","local_time":"20210213160215","is_ascension_mode":true,"campfire_choices":[{"data":"Coolheaded","floor":6,"key":"SMITH"},{"data":"Redo","floor":10,"key":"SMITH"},{"data":"Echo Form","floor":12,"key":"SMITH"},{"data":"Loop","floor":15,"key":"SMITH"},{"data":"Loop","floor":23,"key":"SMITH"},{"data":"Defragment","floor":28,"key":"SMITH"},{"data":"Capacitor","floor":30,"key":"SMITH"},{"floor":32,"key":"REST"},{"floor":40,"key":"REST"},{"floor":47,"key":"RECALL"},{"floor":49,"key":"REST"},{"data":"Rainbow","floor":52,"key":"SMITH"}],"circlet_count":0,"master_deck":["Defend_B","Defend_B","Zap","Force Field","Coolheaded+1","Redo+1","Echo Form+1","Loop+1","Reboot","Storm+1","Capacitor+1","Loop+1","Redo","Defragment+1","Darkness","Rainbow+1","Electrodynamics+1","Fusion+1","Heatsinks+1","Reinforced Body+1","Coolheaded+1","Leap","Cold Snap+1","Leap+1","Seek","BootSequence+1","Machine Learning","Stack"],"relics":["Cracked Core","Emotion Chip","Anchor","DataDisk","Regal Pillow","SlaversCollar","Meat on the Bone","Pear","Astrolabe","CaptainsWheel","Bag of Preparation","Bronze Scales","Mummified Hand","Letter Opener"],"acts_visited":["Exordium","TheCity","TheBeyond","TheEnding"],"potions_floor_usage":[16,16,33,55,55],"damage_taken":[{"damage":2,"enemies":"Jaw Worm","floor":1,"turns":2},{"damage":10,"enemies":"2 Louse","floor":4,"turns":2},{"damage":0,"enemies":"Cultist","floor":8,"turns":3},{"damage":11,"enemies":"3 Sentries","floor":11,"turns":7},{"damage":1,"enemies":"Looter","floor":14,"turns":3},{"damage":27,"enemies":"Slime Boss","floor":16,"turns":7},{"damage":8,"enemies":"Shell Parasite","floor":18,"turns":10},{"damage":20,"enemies":"2 Thieves","floor":22,"turns":4},{"damage":14,"enemies":"Snake Plant","floor":25,"turns":4},{"damage":10,"enemies":"Centurion and Healer","floor":29,"turns":4},{"damage":25,"enemies":"Shelled Parasite and Fungi","floor":31,"turns":3},{"damage":22,"enemies":"Automaton","floor":33,"turns":5},{"damage":24,"enemies":"Orb Walker","floor":35,"turns":4},{"damage":33,"enemies":"3 Darklings","floor":36,"turns":6},{"damage":26,"enemies":"Spire Growth","floor":37,"turns":4},{"damage":0,"enemies":"Mind Bloom Boss Battle","floor":38,"turns":6},{"damage":26,"enemies":"Reptomancer","floor":41,"turns":4},{"damage":6,"enemies":"Sphere and 2 Shapes","floor":42,"turns":5},{"damage":7,"enemies":"Giant Head","floor":44,"turns":9},{"damage":21,"enemies":"Writhing Mass","floor":45,"turns":5},{"damage":3,"enemies":"Maw","floor":46,"turns":5},{"damage":0,"enemies":"Donu and Deca","floor":50,"turns":7},{"damage":99,"enemies":"Shield and Spear","floor":54,"turns":8},{"damage":29,"enemies":"The Heart","floor":55,"turns":2}],"seed_played":"4956425777721536710","potions_obtained":[{"floor":1,"key":"Explosive Potion"},{"floor":4,"key":"Energy Potion"},{"floor":14,"key":"SkillPotion"},{"floor":16,"key":"BlessingOfTheForge"},{"floor":22,"key":"Explosive Potion"},{"floor":33,"key":"PowerPotion"}],"is_trial":false,"path_per_floor":["M","?","?","M","T","R","?","M","T","R","E","R","$","M","R","B",null,"M","$","?","?","M","R","?","M","T","$","R","M","R","M","R","B",null,"M","M","M","?","$","R","E","M","T","E","M","M","R","T","R","B",null,"R","$","E","B"],"character_chosen":"DEFECT","items_purchased":["Loop","Meat on the Bone","Defragment","FairyPotion","Machine Learning","PotionOfCapacity","Stack"],"campfire_rested":3,"item_purchase_floors":[13,19,27,39,53,53,53],"current_hp_per_floor":[73,73,62,52,52,52,52,52,52,52,41,41,41,40,40,13,75,67,67,67,67,47,47,47,45,55,55,55,45,45,32,72,50,85,61,40,26,38,38,78,52,46,46,51,42,51,51,51,85,85,85,85,85,23,0,0],"gold":167,"neow_bonus":"ONE_RARE_RELIC","is_daily":false,"chose_seed":false,"campfire_upgraded":8,"win_rate":0.0,"timestamp":1613228535,"path_taken":["M","?","?","?","?","R","?","M","T","R","E","R","$","M","R","BOSS","M","$","?","?","?","R","?","M","T","$","R","M","R","M","R","BOSS","M","?","M","?","$","R","E","M","T","E","M","M","R","?","R","BOSS","R","$","E","BOSS"],"items_purchased_type":["Card","Relic","Card","Potion","Card","Potion","Card"],"build_version":"2020-12-22","purchased_purges":1,"victory":false,"max_hp_per_floor":[75,75,75,75,75,75,75,75,75,75,75,75,75,75,75,75,75,75,75,75,75,75,75,75,75,85,85,85,85,85,85,85,85,85,85,85,85,85,85,85,85,85,85,85,85,85,85,85,85,85,85,85,85,85,85,85],"card_choices":[{"not_picked":["Beam Cell","Redo"],"picked":"Force Field","floor":1},{"not_picked":["Heatsinks","Sweeping Beam"],"picked":"Coolheaded","floor":4},{"not_picked":["Lockon","Scrape"],"picked":"Redo","floor":8},{"not_picked":["Turbo","Darkness"],"picked":"Echo Form","floor":11},{"not_picked":["Compile Driver","Undo","Sweeping Beam"],"picked":"SKIP","floor":14},{"not_picked":["Meteor Strike","Hyperbeam"],"picked":"Reboot","floor":16},{"not_picked":["Stack","Ball Lightning"],"picked":"Storm+1","floor":18},{"not_picked":["Storm+1","Rebound"],"picked":"Loop","floor":22},{"not_picked":["Rebound","Gash"],"picked":"Redo","floor":25},{"not_picked":["Stack","Gash"],"picked":"Darkness","floor":29},{"not_picked":["BootSequence+1","Redo","Steam"],"picked":"SKIP","floor":31},{"not_picked":["Creative AI","Thunder Strike"],"picked":"Rainbow","floor":33},{"not_picked":["Genetic Algorithm+1","Steam"],"picked":"Reinforced Body+1","floor":35},{"not_picked":["Rebound+1","Beam Cell+1"],"picked":"Coolheaded+1","floor":36},{"not_picked":["Ball Lightning","Barrage+1"],"picked":"Leap","floor":37},{"not_picked":["Rebound","Sweeping Beam"],"picked":"Cold Snap+1","floor":41},{"not_picked":["Darkness+1","Sweeping Beam"],"picked":"Leap+1","floor":42},{"not_picked":["Coolheaded+1","Steam"],"picked":"Seek","floor":44},{"not_picked":["Aggregate+1","Heatsinks","Coolheaded"],"picked":"SKIP","floor":45},{"not_picked":["Hologram+1","Doom and Gloom+1"],"picked":"BootSequence+1","floor":46},{"not_picked":["Blizzard","Gash+1","Fission"],"picked":"SKIP","floor":54}],"player_experience":405790,"relics_obtained":[{"floor":5,"key":"Anchor"},{"floor":9,"key":"DataDisk"},{"floor":11,"key":"Regal Pillow"},{"floor":26,"key":"Pear"},{"floor":38,"key":"CaptainsWheel"},{"floor":41,"key":"Bag of Preparation"},{"floor":44,"key":"Bronze Scales"},{"floor":48,"key":"Mummified Hand"},{"floor":54,"key":"Letter Opener"}],"event_choices":[{"cards_removed":["Strike_B"],"damage_healed":0,"gold_gain":0,"player_choice":"Forget","damage_taken":0,"max_hp_gain":0,"max_hp_loss":0,"event_name":"Living Wall","floor":2,"gold_loss":0},{"damage_healed":0,"gold_gain":75,"player_choice":"Gather Gold","damage_taken":11,"max_hp_gain":0,"max_hp_loss":0,"event_name":"World of Goop","floor":3,"gold_loss":0},{"damage_healed":0,"gold_gain":30,"player_choice":"Searched \u00272\u0027 times","damage_taken":0,"max_hp_gain":0,"max_hp_loss":0,"event_name":"Dead Adventurer","floor":7,"gold_loss":0},{"damage_healed":0,"gold_gain":0,"player_choice":"Read","damage_taken":0,"max_hp_gain":0,"max_hp_loss":0,"event_name":"The Library","floor":20,"gold_loss":0,"cards_obtained":["Capacitor"]},{"cards_removed":["Strike_B"],"damage_healed":0,"gold_gain":0,"player_choice":"Card Removal","damage_taken":0,"max_hp_gain":0,"max_hp_loss":0,"event_name":"Wheel of Change","floor":21,"gold_loss":0},{"cards_removed":["Strike_B"],"damage_healed":0,"gold_gain":0,"player_choice":"Purged","damage_taken":0,"max_hp_gain":0,"max_hp_loss":0,"event_name":"Purifier","floor":24,"gold_loss":0},{"damage_healed":0,"gold_gain":0,"player_choice":"Fight","damage_taken":0,"max_hp_gain":0,"max_hp_loss":0,"event_name":"MindBloom","floor":38,"gold_loss":0}],"is_beta":false,"boss_relics":[{"not_picked":["Velvet Choker","SacredBark"],"picked":"SlaversCollar"},{"not_picked":["Runic Dome","Fusion Hammer"],"picked":"Astrolabe"}],"items_purged_floors":[13],"is_endless":false,"potions_floor_spawned":[1,4,14,16,22,25,33,38,42,46],"killed_by":"The Heart","ascension_level":2}}