{"host":"x205naxbihvu3p76","time":1613227581,"event":{"mods":["AchievementEnabler","BaseMod","Minty Spire (QoL Compilation)","StSLib","SuperFastMode"],"gold_per_floor":[366,385,385,62,80,120,120,120,120],"floor_reached":8,"language":"KOR","playtime":279,"items_purged":["Shame"],"score":109,"play_id":"aba60aab-e3cb-4dc0-a3b7-599872a9cfb8","local_time":"20210213234621","is_ascension_mode":true,"campfire_choices":[{"data":"Armaments","floor":7,"key":"SMITH"}],"circlet_count":0,"master_deck":["AscendersBane","Strike_R","Strike_R","Strike_R","Strike_R","Strike_R","Defend_R","Defend_R","Defend_R","Defend_R","Bash","Armaments+1","Shrug It Off","Seeing Red","Feel No Pain"],"relics":["Burning Blood","Golden Idol","Toy Ornithopter"],"acts_visited":["Exordium"],"potions_floor_usage":[6,8],"damage_taken":[{"damage":10,"enemies":"Jaw Worm","floor":1,"turns":5},{"damage":7,"enemies":"2 Louse","floor":2,"turns":4},{"damage":12,"enemies":"Small Slimes","floor":5,"turns":4},{"damage":21,"enemies":"3 Sentries","floor":6,"turns":12},{"damage":50,"enemies":"Lagavulin","floor":8,"turns":10}],"seed_played":"-2384116666227791129","potions_obtained":[{"floor":2,"key":"BlessingOfTheForge"}],"is_trial":false,"path_per_floor":["M","M","?","$","M","E","R","E"],"character_chosen":"IRONCLAD","items_purchased":["Shrug It Off","Seeing Red","Feel No Pain","PowerPotion"],"campfire_rested":0,"item_purchase_floors":[4,4,4,4],"current_hp_per_floor":[64,63,63,63,57,42,42,0,0],"gold":120,"neow_bonus":"TWO_FIFTY_GOLD","is_daily":false,"chose_seed":false,"campfire_upgraded":1,"win_rate":0.0,"timestamp":1613227581,"path_taken":["M","M","?","$","M","E","R","E"],"items_purchased_type":["Card","Card","Card","Potion"],"build_version":"2020-12-22","purchased_purges":1,"victory":false,"max_hp_per_floor":[75,75,68,68,68,68,68,68,68],"card_choices":[{"not_picked":["Warcry","Iron Wave","Infernal Blade"],"picked":"SKIP","floor":1},{"not_picked":["Ghostly Armor","Body Slam"],"picked":"Armaments","floor":2},{"not_picked":["Pummel","Clothesline","Twin Strike"],"picked":"SKIP","floor":5},{"not_picked":["Combust","Shrug It Off","Pommel Strike"],"picked":"SKIP","floor":6}],"player_experience":1034233,"relics_obtained":[{"floor":6,"key":"Toy Ornithopter"}],"event_choices":[{"damage_healed":0,"gold_gain":0,"player_choice":"Lose Max HP","damage_taken":0,"relics_obtained":["Golden Idol"],"max_hp_gain":0,"max_hp_loss":7,"event_name":"Golden Idol","floor":3,"gold_loss":0}],"is_beta":false,"boss_relics":[],"items_purged_floors":[4],"is_endless":false,"potions_floor_spawned":[2],"killed_by":"Lagavulin","ascension_level":19}}