{"host":"178rghtqlvp3zue2","time":1613228471,"event":{"mods":["2.2 Compatiblity","AchievementEnabler","BaseMod","DeckTracker","Minty Spire (QoL Compilation)","Quick Restart","SuperFastMode"],"gold_per_floor":[118,118,193,69,69,99,99,116,141,141,169,186,213,226,226,327,327,337,436,361,214,214,214,58,58,85,99,128,128,144,144,144],"floor_reached":31,"language":"KOR","playtime":708,"items_purged":["Strike_B","Meteor Strike+1"],"score":338,"play_id":"2fb6f3e3-0b7a-46c7-ad7a-27c5c94b6d7b","local_time":"20210214000111","is_ascension_mode":true,"campfire_choices":[{"data":"Loop","floor":7,"key":"SMITH"},{"data":"Zap","floor":10,"key":"SMITH"},{"floor":15,"key":"REST"},{"data":"Redo","floor":23,"key":"SMITH"},{"data":"Echo Form","floor":25,"key":"SMITH"},{"floor":29,"key":"REST"}],"circlet_count":0,"master_deck":["Zap+1","Dualcast+1","Barrage","Cold Snap","Loop+1","Cold Snap","Coolheaded","Barrage+1","Echo Form+1","Beam Cell+1","Ball Lightning+1","Sweeping Beam+1","Machine Learning","Force Field","Turbo","Redo+1","Amplify","Barrage+1"],"relics":["Cracked Core","NeowsBlessing","Symbiotic Virus","Blood Vial","Bottled Tornado","Molten Egg 2","Pandora\u0027s Box","Nunchaku","Juzu Bracelet"],"acts_visited":["Exordium","TheCity"],"potions_floor_usage":[30,31],"damage_taken":[{"damage":0,"enemies":"Small Slimes","floor":1,"turns":1},{"damage":0,"enemies":"3 Sentries","floor":6,"turns":1},{"damage":0,"enemies":"Jaw Worm","floor":8,"turns":1},{"damage":21,"enemies":"Lagavulin","floor":11,"turns":4},{"damage":0,"enemies":"Cultist","floor":12,"turns":3},{"damage":16,"enemies":"Gremlin Nob","floor":13,"turns":4},{"damage":22,"enemies":"Gremlin Gang","floor":14,"turns":4},{"damage":19,"enemies":"Hexaghost","floor":16,"turns":6},{"damage":27,"enemies":"2 Thieves","floor":18,"turns":3},{"damage":5,"enemies":"3 Byrds","floor":27,"turns":3},{"damage":46,"enemies":"Slavers","floor":28,"turns":4},{"damage":15,"enemies":"Snake Plant","floor":30,"turns":3},{"damage":15,"enemies":"Book of Stabbing","floor":31,"turns":2}],"seed_played":"4047512373464952424","potions_obtained":[{"floor":5,"key":"SneckoOil"},{"floor":5,"key":"DuplicationPotion"},{"floor":5,"key":"DistilledChaos"},{"floor":16,"key":"FocusPotion"}],"is_trial":false,"path_per_floor":["M","?","?","$","?","E","R","M","T","R","E","M","E","M","R","B",null,"M","?","?","$","?","R","$","R","T","M","E","R","M","E"],"character_chosen":"DEFECT","items_purchased":["Cold Snap","Redo","Amplify"],"campfire_rested":2,"item_purchase_floors":[4,21,24],"current_hp_per_floor":[75,75,64,64,64,64,64,64,64,64,45,47,33,13,35,18,75,48,48,48,48,48,48,48,48,48,45,1,23,10,0,0],"gold":144,"neow_bonus":"THREE_ENEMY_KILL","is_daily":false,"chose_seed":false,"campfire_upgraded":4,"win_rate":0.0,"timestamp":1613228471,"path_taken":["M","?","?","$","?","E","R","?","T","R","E","M","E","?","R","BOSS","M","?","?","$","?","R","$","R","T","M","E","R","M","E"],"items_purchased_type":["Card","Card","Card"],"build_version":"2020-12-22","purchased_purges":2,"victory":false,"max_hp_per_floor":[75,75,75,75,75,75,75,75,75,75,75,75,75,75,75,75,75,75,75,75,75,75,75,75,75,75,75,75,75,75,75,75],"card_choices":[{"not_picked":["Streamline","Leap"],"picked":"Barrage","floor":1},{"not_picked":["Barrage","Chaos"],"picked":"Loop","floor":6},{"not_picked":["Redo","Streamline"],"picked":"Cold Snap","floor":8},{"not_picked":["Reboot","Lockon"],"picked":"Coolheaded","floor":11},{"not_picked":["Beam Cell","Double Energy","Undo"],"picked":"SKIP","floor":12},{"not_picked":["Beam Cell+1","Lockon+1","Sweeping Beam+1"],"picked":"SKIP","floor":13},{"not_picked":["Steam","Compile Driver+1"],"picked":"Barrage+1","floor":14},{"not_picked":["Amplify","Meteor Strike+1"],"picked":"Echo Form","floor":16},{"not_picked":["Streamline+1","Beam Cell+1"],"picked":"Turbo","floor":18},{"not_picked":["Double Energy","Rebound+1","Steam+1"],"picked":"SKIP","floor":27},{"not_picked":["Steam+1","Conserve Battery"],"picked":"Barrage+1","floor":28},{"not_picked":["Rebound+1","Scrape+1","Turbo"],"picked":"SKIP","floor":30}],"player_experience":266623,"relics_obtained":[{"floor":6,"key":"Symbiotic Virus"},{"floor":9,"key":"Blood Vial"},{"floor":11,"key":"Bottled Tornado"},{"floor":13,"key":"Molten Egg 2"},{"floor":26,"key":"Nunchaku"},{"floor":28,"key":"Juzu Bracelet"}],"event_choices":[{"damage_healed":0,"gold_gain":0,"player_choice":"Grow","damage_taken":0,"max_hp_gain":0,"max_hp_loss":0,"event_name":"Living Wall","floor":2,"gold_loss":0,"cards_upgraded":["Dualcast"]},{"damage_healed":0,"gold_gain":75,"player_choice":"Gather Gold","damage_taken":11,"max_hp_gain":0,"max_hp_loss":0,"event_name":"World of Goop","floor":3,"gold_loss":0},{"damage_healed":0,"gold_gain":0,"player_choice":"Got Potions","damage_taken":0,"max_hp_gain":0,"max_hp_loss":0,"event_name":"Lab","floor":5,"gold_loss":0},{"damage_healed":0,"gold_gain":99,"player_choice":"Stole From Cult","damage_taken":0,"max_hp_gain":0,"max_hp_loss":0,"event_name":"Nest","floor":19,"gold_loss":0},{"cards_removed":["Steam Power"],"damage_healed":0,"gold_gain":0,"player_choice":"Gave Gold","damage_taken":0,"max_hp_gain":0,"max_hp_loss":0,"event_name":"Beggar","floor":20,"gold_loss":75},{"damage_healed":0,"gold_gain":0,"player_choice":"Ignored","damage_taken":0,"max_hp_gain":0,"max_hp_loss":0,"event_name":"Ghosts","floor":22,"gold_loss":0}],"is_beta":false,"boss_relics":[{"not_picked":["Runic Pyramid","Nuclear Battery"],"picked":"Pandora\u0027s Box"}],"items_purged_floors":[4,21],"is_endless":false,"potions_floor_spawned":[8,16,18,28],"killed_by":"Book of Stabbing","ascension_level":3}}