{"host":"kh6fvhxn285ncg0o","time":1613242430,"event":{"mods":["Act Like it!","BaseMod","Colored Map","Friendly Minions","Keyboard Shortcuts","Minty Spire (QoL Compilation)","Quick Restart","Relic Stats","StSLib","SuperFastMode","UnlockEverythingMod"],"gold_per_floor":[117,117,128,53,14,14,30,30,53,86,86,104,134,146,146,146,146],"floor_reached":16,"language":"KOR","playtime":315,"items_purged":[],"score":220,"play_id":"79f3e439-2f01-4024-9d4e-d9a2872b990d","local_time":"20210214035350","is_ascension_mode":true,"campfire_choices":[{"data":"Bash","floor":6,"key":"SMITH"},{"data":"Evolve","floor":8,"key":"SMITH"},{"data":"Pommel Strike","floor":15,"key":"SMITH"}],"circlet_count":0,"master_deck":["AscendersBane","Strike_R+1","Strike_R","Strike_R","Strike_R+1","Defend_R","Defend_R","Defend_R","Defend_R","Bash+1","Evolve+1","Second Wind","Reckless Charge","Entrench","Clothesline","Pommel Strike+1","Dropkick"],"relics":["Coffee Dripper","Whetstone","Mango","Regal Pillow"],"acts_visited":["Exordium"],"potions_floor_usage":[12,13,16,16],"damage_taken":[{"damage":1,"enemies":"Cultist","floor":1,"turns":4},{"damage":2,"enemies":"2 Louse","floor":3,"turns":3},{"damage":2,"enemies":"Jaw Worm","floor":7,"turns":4},{"damage":21,"enemies":"Gremlin Nob","floor":10,"turns":4},{"damage":7,"enemies":"3 Louse","floor":12,"turns":3},{"damage":15,"enemies":"3 Sentries","floor":13,"turns":6},{"damage":25,"enemies":"Gremlin Gang","floor":14,"turns":4},{"damage":29,"enemies":"The Guardian","floor":16,"turns":7}],"seed_played":"1002780759591730087","potions_obtained":[{"floor":3,"key":"CultistPotion"},{"floor":10,"key":"FearPotion"},{"floor":12,"key":"DistilledChaos"},{"floor":13,"key":"BloodPotion"}],"is_trial":false,"path_per_floor":["M","?","M","?","$","R","M","R","T","E","?","M","E","M","R","B"],"character_chosen":"IRONCLAD","items_purchased":["Reckless Charge"],"campfire_rested":0,"item_purchase_floors":[5],"current_hp_per_floor":[67,72,70,70,70,70,68,68,68,61,56,49,34,9,9,0,0],"gold":146,"neow_bonus":"BOSS_RELIC","is_daily":false,"chose_seed":false,"campfire_upgraded":3,"win_rate":0.0,"timestamp":1613242430,"path_taken":["M","?","M","?","?","R","M","R","T","E","?","M","E","M","R","BOSS"],"items_purchased_type":["Card"],"build_version":"2020-12-22","purchased_purges":0,"victory":false,"max_hp_per_floor":[75,80,80,80,80,80,80,80,80,94,94,94,94,94,94,94,94],"relic_stats":{"Regal Pillow":0,"counters":[8,35],"Whetstone":["Strike_R","Strike_R"],"obtain_stats":[{"Regal Pillow":13,"Mango":10,"Coffee Dripper":0,"Whetstone":9,"Burning Blood":0},{"Regal Pillow":6,"Mango":4,"Coffee Dripper":0,"Whetstone":3,"Burning Blood":0},{"Regal Pillow":24,"Mango":15,"Coffee Dripper":0,"Whetstone":11,"Burning Blood":0}]},"card_choices":[{"not_picked":["Clothesline","Clash"],"picked":"Evolve","floor":1},{"not_picked":["Evolve","Dual Wield"],"picked":"Second Wind","floor":3},{"not_picked":["Iron Wave","Armaments"],"picked":"Entrench","floor":10},{"not_picked":["Seeing Red","Havoc"],"picked":"Clothesline","floor":12},{"not_picked":["Burning Pact","Intimidate"],"picked":"Pommel Strike","floor":13},{"not_picked":["Thunderclap","Infernal Blade"],"picked":"Dropkick","floor":14}],"player_experience":1385218,"relics_obtained":[{"floor":9,"key":"Whetstone"},{"floor":10,"key":"Mango"},{"floor":13,"key":"Regal Pillow"}],"event_choices":[{"damage_healed":0,"gold_gain":0,"player_choice":"Donut","damage_taken":0,"max_hp_gain":5,"max_hp_loss":0,"event_name":"Big Fish","floor":2,"gold_loss":0},{"cards_removed":["Strike_R"],"damage_healed":0,"gold_gain":0,"player_choice":"Card Removal","damage_taken":0,"max_hp_gain":0,"max_hp_loss":0,"event_name":"The Cleric","floor":4,"gold_loss":75},{"damage_healed":0,"gold_gain":0,"player_choice":"Bought 0 Potions","damage_taken":0,"max_hp_gain":0,"max_hp_loss":0,"event_name":"The Woman in Blue","floor":11,"gold_loss":0}],"is_beta":false,"boss_relics":[],"items_purged_floors":[],"is_endless":false,"potions_floor_spawned":[3,10,12,13],"killed_by":"The Guardian","ascension_level":20}}