{"host":"juvwyqk4ifq614bf","time":1613252942,"event":{"mods":["2.2 Compatiblity","Act Like it!","BaseMod","Better Altar","Better Match","Better Note","Better Sensory Stone","Better Third Choice","Conspire","Ekko","Friendly Minions","GifTheSpireLib","Hubris","Infinite Spire","Minty Spire (QoL Compilation)","Mirrors Mod","Replay The Spire","StSLib","Stuff the Spire","The Alterego","TheVelvet"],"gold_per_floor":[112,126,126,126,143,143,143,178,178,194,194,224,193,207,207,302,302,314,254,254,267,5,34,45,45,71,49,49,75,92,119,119,214,214,234,262,277,19,19,19,19,19,32,32,32,66,66,84,110,125,125,125],"floor_reached":53,"language":"ENG","playtime":4802,"items_purged":[],"score":691,"play_id":"4701fc9e-e0b9-4ec1-ada0-110d1a74bc13","local_time":"20210213224902","is_ascension_mode":true,"campfire_choices":[{"data":"CarveReality","floor":6,"key":"SMITH"},{"data":"CrushJoints","floor":11,"key":"SMITH"},{"data":"DeceiveReality","floor":15,"key":"SMITH"},{"data":"Vigilance","floor":25,"key":"SMITH"},{"floor":32,"key":"REST"},{"data":"Halt","floor":42,"key":"SMITH"},{"floor":51,"key":"REST"}],"circlet_count":0,"master_deck":["Defend_P+1","Defend_P","Eruption+1","Vigilance+1","CrushJoints+1","CarveReality+1","ForeignInfluence","Steam","EmptyBody","DeceiveReality+1","Replay:Cycle","Ragnarok+1","Halt+1","CrushJoints+1","Consecrate+1","WindmillStrike+1","LikeWater+1","JustLucky","Replay:Battleflow","Halt","JustLucky+1","Replay:AllIn","Replay:Vibes+1","Prostrate+1","Replay:Cycle","Inflame","EmptyFist+1","FlyingSleeves+1","Nirvana+1","CutThroughFate+1","JustLucky+1"],"relics":["PureWater","Replay:WaspNest","Dream Catcher","Thread and Needle","betterThird:SlimedRelic","Empty Cage","Meat on the Bone","Strawberry","Whetstone","Omamori","Lantern","Black Star","Yang","hubris:DisguiseKit","Gremlin Horn","InkBottle","GoldenEye","StuffTheSpire:Gunfinga","Kunai","Boot"],"acts_visited":["Exordium","TheCity","TheBeyond"],"potions_floor_usage":[10,12,21,23,24,29,30,36,36,46,52],"damage_taken":[{"damage":0,"enemies":"2 Louse","floor":1,"turns":4},{"damage":2,"enemies":"Small Slimes","floor":2,"turns":4},{"damage":0,"enemies":"Jaw Worm","floor":5,"turns":2},{"damage":0,"enemies":"Replay:BlueRogue","floor":8,"turns":5},{"damage":0,"enemies":"Looter","floor":10,"turns":3},{"damage":0,"enemies":"3 Sentries","floor":12,"turns":7},{"damage":4,"enemies":"Large Slime","floor":14,"turns":4},{"damage":22,"enemies":"The Guardian","floor":16,"turns":12},{"damage":0,"enemies":"Chosen","floor":18,"turns":5},{"damage":0,"enemies":"2 Thieves","floor":21,"turns":3},{"damage":23,"enemies":"Slavers","floor":23,"turns":7},{"damage":23,"enemies":"Shelled Parasite and Fungi","floor":24,"turns":5},{"damage":7,"enemies":"Book of Stabbing","floor":29,"turns":4},{"damage":4,"enemies":"Snecko","floor":30,"turns":4},{"damage":42,"enemies":"Slavers","floor":31,"turns":7},{"damage":17,"enemies":"conspire:MysteriousRune","floor":33,"turns":9},{"damage":3,"enemies":"3 Shapes","floor":35,"turns":4},{"damage":28,"enemies":"conspire:MimicChest","floor":36,"turns":4},{"damage":0,"enemies":"Orb Walker","floor":37,"turns":4},{"damage":38,"enemies":"Writhing Mass","floor":43,"turns":4},{"damage":2,"enemies":"Giant Head","floor":46,"turns":7},{"damage":24,"enemies":"Spire Growth","floor":48,"turns":5},{"damage":4,"enemies":"R_Hoarder","floor":49,"turns":6},{"damage":19,"enemies":"3 Darklings","floor":50,"turns":4},{"damage":31,"enemies":"Replay:Hell Engine","floor":52,"turns":11}],"seed_played":"-497028321455806198","potions_obtained":[{"floor":2,"key":"FearPotion"},{"floor":5,"key":"Elixir"},{"floor":8,"key":"PowerPotion"},{"floor":14,"key":"ColorlessPotion"},{"floor":21,"key":"GamblersBrew"},{"floor":24,"key":"Dexterity Potion"},{"floor":29,"key":"LifebloodPotion"},{"floor":31,"key":"SteroidPotion"},{"floor":35,"key":"Weak Potion"},{"floor":43,"key":"LiquidBronze"},{"floor":50,"key":"Block Potion"}],"is_trial":false,"path_per_floor":["M","M","?","?","M","R","?","E","T","M","R","E","?","M","R","B",null,"M","?","?","M","$","E","M","R","T","$","?","E","M","E","R","B",null,"M","?","M","$","T","PTL","PTL","R","M","$","T","E","?","M","E","M","R","B",null],"character_chosen":"WATCHER","items_purchased":["Meat on the Bone","JustLucky","hubris:DisguiseKit"],"campfire_rested":2,"item_purchase_floors":[22,27,38],"current_hp_per_floor":[72,70,70,56,56,56,56,56,56,56,56,56,45,41,41,19,72,72,72,72,72,72,56,45,45,45,45,45,50,46,16,39,34,79,76,48,48,48,48,48,48,48,22,22,22,32,32,20,28,21,44,25],"gold":125,"neow_bonus":"REMOVE_CARD","is_daily":false,"chose_seed":false,"campfire_upgraded":5,"win_rate":0.0,"timestamp":1613252942,"path_taken":["M","M","?","?","M","R","?","E","T","?","R","E","?","M","R","BOSS","M","?","?","?","$","E","M","R","T","$","?","E","M","E","R","BOSS","M","?","?","$","?","PTL","PTL","R","M","$","T","E","?","M","E","M","R","BOSS"],"items_purchased_type":["Relic","Card","Relic"],"build_version":"2020-12-22","purchased_purges":0,"victory":true,"max_hp_per_floor":[72,72,72,72,72,72,72,72,72,72,72,72,72,72,72,72,72,72,72,72,72,72,79,79,79,79,79,79,79,79,79,79,79,79,79,79,79,79,79,79,79,79,79,79,79,79,79,79,79,79,79,79],"card_choices":[{"not_picked":["Replay:BluntJabs","BowlingBash"],"picked":"CrushJoints","floor":1},{"not_picked":["Adaptation","Indignation"],"picked":"CarveReality","floor":2},{"not_picked":["CrushJoints","WaveOfTheHand","ForeignInfluence"],"picked":"SKIP","floor":5},{"not_picked":["Fasting2","Replay:AtTheReady"],"picked":"EmptyBody","floor":8},{"not_picked":["Devotion","Replay:AtTheReady"],"picked":"DeceiveReality","floor":10},{"not_picked":["Replay:AtTheReady","Consecrate"],"picked":"Replay:Cycle","floor":12},{"not_picked":["ClearTheMind","Crescendo","Replay:ManipulateFuture"],"picked":"SKIP","floor":14},{"not_picked":["Alpha","Establishment"],"picked":"Ragnarok","floor":16},{"not_picked":["Evaluate","Replay:AtTheReady"],"picked":"Halt","floor":18},{"not_picked":["Pray","WreathOfFlame"],"picked":"Consecrate+1","floor":21},{"not_picked":["SignatureMove","Pray"],"picked":"WindmillStrike+1","floor":23},{"not_picked":["MentalFortress","EmptyFist"],"picked":"LikeWater+1","floor":24},{"not_picked":["EmptyMind","EmptyBody","Vengeance"],"picked":"SKIP","floor":29},{"not_picked":["EmptyFist+1","PathToVictory","EmptyBody"],"picked":"SKIP","floor":30},{"not_picked":["DevaForm","SpiritShield"],"picked":"Halt","floor":31},{"not_picked":["FlyingSleeves","ThirdEye"],"picked":"JustLucky+1","floor":32},{"not_picked":["Wish","ConjureBlade"],"picked":"Replay:AllIn","floor":33},{"not_picked":["InnerPeace","Perseverance"],"picked":"Replay:Vibes+1","floor":35},{"not_picked":["FollowUp+1","PathToVictory"],"picked":"Prostrate+1","floor":36},{"not_picked":["Replay:ManipulateFuture","SashWhip"],"picked":"Replay:Cycle","floor":37},{"not_picked":["TalkToTheHand","Replay:BluntJabs+1","SashWhip"],"picked":"Inflame","floor":43},{"not_picked":["Judgement","EmptyBody","StuffTheSpire:Slingshot"],"picked":"EmptyFist+1","floor":46},{"not_picked":["Evaluate+1","JustLucky+1","StuffTheSpire:Incineration"],"picked":"FlyingSleeves+1","floor":48},{"not_picked":["Replay:BluntJabs","WaveOfTheHand+1","Clash"],"picked":"Nirvana+1","floor":49},{"not_picked":["Perseverance","EmptyBody+1","conspire:Purge"],"picked":"CutThroughFate+1","floor":50},{"not_picked":["SashWhip+1","BowlingBash","True Grit"],"picked":"JustLucky+1","floor":51}],"player_experience":238456,"relics_obtained":[{"floor":8,"key":"Replay:WaspNest"},{"floor":9,"key":"Dream Catcher"},{"floor":12,"key":"Thread and Needle"},{"floor":23,"key":"Strawberry"},{"floor":26,"key":"Whetstone"},{"floor":29,"key":"Omamori"},{"floor":31,"key":"Lantern"},{"floor":36,"key":"Yang"},{"floor":39,"key":"Gremlin Horn"},{"floor":45,"key":"InkBottle"},{"floor":46,"key":"GoldenEye"},{"floor":46,"key":"StuffTheSpire:Gunfinga"},{"floor":49,"key":"Kunai"},{"floor":49,"key":"Boot"}],"event_choices":[{"damage_healed":70,"gold_gain":0,"player_choice":"Upgrade","damage_taken":14,"max_hp_gain":0,"max_hp_loss":72,"event_name":"betterThird:BetterShining","floor":4,"gold_loss":0,"cards_upgraded":["Eruption","Defend_P"]},{"damage_healed":0,"gold_gain":0,"player_choice":"Slimed","damage_taken":11,"max_hp_gain":0,"max_hp_loss":0,"event_name":"betterThird:BetterGoop","floor":13,"gold_loss":31},{"damage_healed":0,"gold_gain":0,"player_choice":"Copied","damage_taken":0,"max_hp_gain":0,"max_hp_loss":0,"event_name":"Duplicator","floor":20,"gold_loss":0,"cards_obtained":["CrushJoints"]},{"damage_healed":0,"gold_gain":0,"cards_transformed":["Defend_P"],"player_choice":"Transformed","damage_taken":0,"max_hp_gain":0,"max_hp_loss":0,"event_name":"Transmorgrifier","floor":28,"gold_loss":0,"cards_obtained":["Replay:Battleflow"]},{"damage_healed":0,"gold_gain":0,"player_choice":"Leave","damage_taken":0,"max_hp_gain":0,"max_hp_loss":0,"event_name":"conspire:Investor","floor":47,"gold_loss":0}],"is_beta":false,"boss_relics":[{"not_picked":["StuffTheSpire:RunicConfusion","hubris:TerracottaHorce"],"picked":"Empty Cage"},{"not_picked":["Runic Pyramid","hubris:CrackedHourglass"],"picked":"Black Star"}],"items_purged_floors":[],"is_endless":false,"potions_floor_spawned":[2,5,8,14,21,24,29,31,35,43,50],"ascension_level":1}}