{"host":"i09pxcjttd31eh4q","time":1613193357,"event":{"mods":["AchievementEnabler","BaseMod","Colored Map","Keyboard Shortcuts","Minty Spire (QoL Compilation)","StSLib","SuperFastMode"],"gold_per_floor":[117,6,26,26,26,52,68,68,140,154,169,169,47,62,62,158,158,179,179,179,192,192,192,192,192],"floor_reached":24,"language":"KOR","playtime":425,"items_purged":["Defend_P","Defend_P"],"score":692,"play_id":"6bc0343c-98c0-499e-b6ab-94a29feb1850","local_time":"20210213141557","is_ascension_mode":true,"campfire_choices":[{"data":"Eruption","floor":8.0,"key":"SMITH"},{"data":"FearNoEvil","floor":15.0,"key":"SMITH"},{"floor":23.0,"key":"RECALL"}],"circlet_count":0,"master_deck":["AscendersBane","Strike_P","Strike_P","Defend_P","Defend_P","Eruption+1","Vigilance","FearNoEvil+1","FollowUp"],"relics":["Busted Crown","Happy Flower","Bag of Preparation","The Courier","Golden Idol","Runic Pyramid","Kunai"],"acts_visited":["Exordium","TheCity"],"potions_floor_usage":[],"damage_taken":[{"damage":7.0,"enemies":"Cultist","floor":1.0,"turns":3.0},{"damage":0.0,"enemies":"2 Louse","floor":3.0,"turns":3.0},{"damage":22.0,"enemies":"Lagavulin","floor":6.0,"turns":6.0},{"damage":0.0,"enemies":"Small Slimes","floor":7.0,"turns":2.0},{"damage":4.0,"enemies":"Exordium Thugs","floor":10.0,"turns":4.0},{"damage":0.0,"enemies":"3 Louse","floor":11.0,"turns":3.0},{"damage":0.0,"enemies":"Large Slime","floor":14.0,"turns":3.0},{"damage":0.0,"enemies":"Slime Boss","floor":16.0,"turns":2.0},{"damage":25.0,"enemies":"Shell Parasite","floor":18.0,"turns":4.0},{"damage":6.0,"enemies":"3 Byrds","floor":21.0,"turns":4.0},{"damage":12,"enemies":"Sentry and Sphere","floor":24,"turns":5}],"seed_played":"-4407844299773311078","potions_obtained":[{"floor":6.0,"key":"GamblersBrew"},{"floor":7.0,"key":"ColorlessPotion"},{"floor":11.0,"key":"BottledMiracle"},{"floor":16.0,"key":"Explosive Potion"}],"is_trial":false,"path_per_floor":["M","$","M","?","?","E","M","R","T","M","M","?","$","M","R","B",null,"M","?","T","M","?","R","M"],"character_chosen":"WATCHER","items_purchased":["FearNoEvil","FollowUp"],"campfire_rested":0,"item_purchase_floors":[2,13],"current_hp_per_floor":[54,54,54,36,36,14,14,14,14,10,10,10,10,10,10,10,49,24,24,24,18,18,18,6,6],"gold":192,"neow_bonus":"BOSS_RELIC","is_daily":false,"chose_seed":false,"campfire_upgraded":2,"win_rate":0.0,"timestamp":1613193357,"path_taken":["M","$","?","?","?","E","M","R","T","M","?","?","$","M","R","BOSS","M","?","?","M","?","R","?"],"items_purchased_type":["Card","Card"],"build_version":"2020-12-22","purchased_purges":2,"victory":false,"max_hp_per_floor":[68,68,68,68,68,68,68,68,68,68,68,62,62,62,62,62,62,62,62,62,62,62,62,62,62],"card_choices":[{"not_picked":["ClearTheMind"],"picked":"SKIP","floor":1.0},{"not_picked":["SashWhip"],"picked":"SKIP","floor":3.0},{"not_picked":["Protect"],"picked":"SKIP","floor":6.0},{"not_picked":["Prostrate"],"picked":"SKIP","floor":7.0},{"not_picked":["PathToVictory"],"picked":"SKIP","floor":10.0},{"not_picked":["Meditate"],"picked":"SKIP","floor":11.0},{"not_picked":["BattleHymn"],"picked":"SKIP","floor":14.0},{"not_picked":["PathToVictory"],"picked":"SKIP","floor":18.0},{"not_picked":["Crescendo+1"],"picked":"SKIP","floor":21.0}],"player_experience":904126,"relics_obtained":[{"floor":6.0,"key":"Bag of Preparation"},{"floor":9.0,"key":"The Courier"},{"floor":20.0,"key":"Kunai"}],"event_choices":[{"damage_healed":0.0,"max_hp_gain":0.0,"max_hp_loss":0.0,"gold_gain":0.0,"event_name":"Scrap Ooze","player_choice":"Success","floor":4.0,"gold_loss":0.0,"damage_taken":18.0,"relics_obtained":["Happy Flower"]},{"cards_removed":["Strike_P"],"damage_healed":0.0,"max_hp_gain":0.0,"max_hp_loss":0.0,"gold_gain":0.0,"event_name":"Living Wall","player_choice":"Forget","floor":5.0,"gold_loss":0.0,"damage_taken":0.0},{"damage_healed":0.0,"max_hp_gain":0.0,"max_hp_loss":6.0,"gold_gain":0.0,"event_name":"Golden Idol","player_choice":"Lose Max HP","floor":12.0,"gold_loss":0.0,"damage_taken":0.0,"relics_obtained":["Golden Idol"]},{"cards_removed":["Strike_P"],"damage_healed":0.0,"max_hp_gain":0.0,"max_hp_loss":0.0,"gold_gain":0.0,"event_name":"Back to Basics","player_choice":"Elegance","floor":19.0,"gold_loss":0.0,"damage_taken":0.0},{"damage_healed":0.0,"max_hp_gain":0.0,"max_hp_loss":0.0,"gold_gain":0.0,"event_name":"Cursed Tome","player_choice":"Ignored","floor":22.0,"gold_loss":0.0,"damage_taken":0.0}],"is_beta":false,"boss_relics":[{"not_picked":["SlaversCollar","VioletLotus"],"picked":"Runic Pyramid"}],"items_purged_floors":[2,13],"is_endless":false,"potions_floor_spawned":[6,7,11,14,16],"killed_by":"Sentry and Sphere","ascension_level":20}}