{"host":"p0hktren06injwdf","time":1613188844,"event":{"mods":["AchievementEnabler","BaseMod","Colored Map","DeckTracker","Minty Spire (QoL Compilation)","Permanent Neow","StSLib","SuperFastMode"],"gold_per_floor":[119,119,132,155,169,213,213,213,213],"floor_reached":8,"language":"KOR","playtime":155,"items_purged":[],"score":116,"play_id":"11de92fc-3857-41dc-895b-de4584f87f91","local_time":"20210213130044","is_ascension_mode":true,"campfire_choices":[{"floor":7,"key":"REST"}],"circlet_count":0,"master_deck":["AscendersBane","Strike_B","Strike_B","Strike_B","Strike_B","Defend_B","Defend_B","Defend_B","Defend_B","Zap","Dualcast","Go for the Eyes","Coolheaded","White Noise","Reinforced Body","Gash"],"relics":["Cracked Core","Ancient Tea Set","Golden Idol","Happy Flower"],"acts_visited":["Exordium"],"potions_floor_usage":[6,6],"damage_taken":[{"damage":1,"enemies":"Cultist","floor":1,"turns":3},{"damage":4,"enemies":"Jaw Worm","floor":3,"turns":3},{"damage":9,"enemies":"Small Slimes","floor":4,"turns":4},{"damage":6,"enemies":"2 Fungi Beasts","floor":5,"turns":4},{"damage":28,"enemies":"Gremlin Nob","floor":6,"turns":6},{"damage":35,"enemies":"Lagavulin","floor":8,"turns":8}],"seed_played":"-7528776679328105471","potions_obtained":[{"floor":1,"key":"Strength Potion"},{"floor":4,"key":"Block Potion"}],"is_trial":false,"path_per_floor":["M","?","M","M","M","E","R","E"],"character_chosen":"DEFECT","items_purchased":[],"campfire_rested":1,"item_purchase_floors":[],"current_hp_per_floor":[63,63,59,50,44,16,35,0,0],"gold":213,"neow_bonus":"RANDOM_COMMON_RELIC","is_daily":false,"chose_seed":false,"campfire_upgraded":0,"win_rate":0.0,"timestamp":1613188844,"path_taken":["M","?","M","M","M","E","R","E"],"items_purchased_type":[],"build_version":"2020-12-22","purchased_purges":0,"victory":false,"max_hp_per_floor":[71,64,64,64,64,64,64,64,64],"card_choices":[{"not_picked":["Undo","Storm"],"picked":"Go for the Eyes","floor":1},{"not_picked":["Redo","Turbo"],"picked":"Coolheaded","floor":3},{"not_picked":["Gash","Compile Driver"],"picked":"White Noise","floor":4},{"not_picked":["Beam Cell","Coolheaded"],"picked":"Reinforced Body","floor":5},{"not_picked":["Hologram","Conserve Battery"],"picked":"Gash","floor":6}],"player_experience":1045474,"relics_obtained":[{"floor":6,"key":"Happy Flower"}],"event_choices":[{"damage_healed":0,"gold_gain":0,"player_choice":"Lose Max HP","damage_taken":0,"relics_obtained":["Golden Idol"],"max_hp_gain":0,"max_hp_loss":7,"event_name":"Golden Idol","floor":2,"gold_loss":0}],"is_beta":false,"boss_relics":[],"items_purged_floors":[],"is_endless":false,"potions_floor_spawned":[1,4],"killed_by":"Lagavulin","ascension_level":20}}