{"host":"gnzlh62i2jn8yl8d","time":1613225033,"event":{"mods":["AchievementEnabler","BaseMod","Keyboard Shortcuts","Minty Spire (QoL Compilation)","SuperFastMode","everything is the same but u backflip on backflip"],"gold_per_floor":[115,41,52,52,65,83,83,83],"floor_reached":7,"language":"KOR","playtime":386,"items_purged":[],"score":49,"play_id":"da193365-a585-44f3-b189-6d045c415e5b","local_time":"20210213230353","is_ascension_mode":true,"campfire_choices":[],"circlet_count":0,"master_deck":["Strike_B","Strike_B","Strike_B","Strike_B","Defend_B","Defend_B","Defend_B","Defend_B","Zap","Dualcast","Purity","Conserve Battery","Aggregate","Auto Shields+1","Rainbow","Ball Lightning"],"relics":["Cracked Core"],"acts_visited":["Exordium"],"potions_floor_usage":[],"damage_taken":[{"damage":0,"enemies":"Small Slimes","floor":1,"turns":3},{"damage":0,"enemies":"Cultist","floor":3,"turns":3},{"damage":0,"enemies":"Jaw Worm","floor":5,"turns":4},{"damage":8,"enemies":"Blue Slaver","floor":6,"turns":5},{"damage":0,"enemies":"3 Sentries","floor":7,"turns":1}],"seed_played":"7470303106419039994","potions_obtained":[{"floor":1,"key":"FearPotion"},{"floor":5,"key":"FearPotion"},{"floor":6,"key":"Energy Potion"}],"is_trial":false,"path_per_floor":["M","$","M","?","M","M","E"],"character_chosen":"DEFECT","items_purchased":["Aggregate"],"campfire_rested":0,"item_purchase_floors":[2],"current_hp_per_floor":[75,75,75,75,75,67,67,67],"gold":83,"neow_bonus":"RANDOM_COLORLESS","is_daily":false,"chose_seed":false,"campfire_upgraded":0,"win_rate":0.0,"timestamp":1613225033,"path_taken":["M","$","M","?","?","M","E"],"items_purchased_type":["Card"],"build_version":"2020-12-22","purchased_purges":0,"victory":false,"max_hp_per_floor":[75,75,75,75,75,75,75,75],"card_choices":[{"not_picked":["Madness","Jack Of All Trades"],"picked":"Purity","floor":0},{"not_picked":["Scrape","Cold Snap"],"picked":"Conserve Battery","floor":1},{"not_picked":["Rebound","Hologram"],"picked":"Auto Shields","floor":3},{"not_picked":["Streamline","Beam Cell"],"picked":"Rainbow","floor":5},{"not_picked":["Conserve Battery","Streamline"],"picked":"Ball Lightning","floor":6}],"player_experience":151698,"relics_obtained":[],"event_choices":[{"damage_healed":0,"gold_gain":0,"player_choice":"Upgraded","damage_taken":0,"max_hp_gain":0,"max_hp_loss":0,"event_name":"Upgrade Shrine","floor":4,"gold_loss":0,"cards_upgraded":["Auto Shields"]}],"is_beta":false,"boss_relics":[],"items_purged_floors":[],"is_endless":false,"potions_floor_spawned":[1,5,6],"killed_by":"3 Sentries","ascension_level":3}}