{"host":"w01zow3jg16g8jdh","time":1613221918,"event":{"mods":["2.2 Compatiblity","AchievementEnabler","BaseMod","DeckTracker","Hermit","Keyboard Shortcuts","Marisa£¨Ùöéë¡¡Øª×âÞÞ£©","Minty Spire (QoL Compilation)","Permanent Neow","StSLib","SuperFastMode"],"gold_per_floor":[11,11,11,25,48,88,112,112,137,137,168,168,181,181,181,300,300,321,69,69,89,89,132,231,274,274,308,85,98,131,131,131,232,232,244,257,6,25,25,51,51,80,153,186,201,219,219,274,274,274,274,274,99,133,133],"floor_reached":56,"language":"KOR","playtime":1420,"items_purged":["Strike_MRS","Strike_MRS","UpSweep"],"score":1838,"play_id":"97b56e45-3efc-4a58-b55e-feb00563023b","local_time":"20210213221158","is_ascension_mode":true,"campfire_choices":[{"data":"JA","floor":8.0,"key":"SMITH"},{"data":"MysteriousBeam","floor":10.0,"key":"SMITH"},{"data":"SporeBomb","floor":12.0,"key":"SMITH"},{"data":"SuperNova","floor":15.0,"key":"SMITH"},{"floor":32.0,"key":"REST"},{"data":"BlazingStar","floor":41.0,"key":"SMITH"},{"floor":49,"key":"RECALL"},{"data":"MillisecondPulsars","floor":52,"key":"SMITH"}],"circlet_count":0,"master_deck":["Defend_MRS","Defend_MRS","MasterSpark","JA+1","MysteriousBeam+1","SporeBomb+1","PropBag","SuperNova+1","EscapeVelocity","PropBag","MillisecondPulsars+1","BinaryStars","GrandCross","Acceleration","BlazingStar+1","BlazingStar","EventHorizon+1","Acceleration+1","Master of Strategy","6A+1"],"relics":["MiniHakkero","Bloody Idol","Potion Belt","Orichalcum","Akabeko","Empty Cage","Gremlin Horn","Lantern","Tiny Chest","Question Card","Anchor","Blood Vial","Sling","Happy Flower","SlaversCollar","Pen Nib","Mummified Hand","Bottled Lightning","Pantograph","Art of War","Gambling Chip","InkBottle"],"acts_visited":["Exordium","TheCity","TheBeyond","TheEnding"],"potions_floor_usage":[50,55,55,55,55],"damage_taken":[{"damage":2.0,"enemies":"Cultist","floor":1.0,"turns":3.0},{"damage":5.0,"enemies":"2 Louse","floor":4.0,"turns":2.0},{"damage":9.0,"enemies":"Jaw Worm","floor":5.0,"turns":2.0},{"damage":34.0,"enemies":"Gremlin Nob","floor":6.0,"turns":4.0},{"damage":1.0,"enemies":"Looter","floor":7.0,"turns":2.0},{"damage":0.0,"enemies":"3 Sentries","floor":11.0,"turns":2.0},{"damage":0.0,"enemies":"2 Fungi Beasts","floor":13.0,"turns":2.0},{"damage":0.0,"enemies":"Slime Boss","floor":16.0,"turns":3.0},{"damage":0.0,"enemies":"Spheric Guardian","floor":18.0,"turns":1.0},{"damage":8.0,"enemies":"2 Thieves","floor":21.0,"turns":2.0},{"damage":0.0,"enemies":"Gremlin Leader","floor":23.0,"turns":3.0},{"damage":23.0,"enemies":"Slavers","floor":25.0,"turns":4.0},{"damage":14.0,"enemies":"Book of Stabbing","floor":27.0,"turns":3.0},{"damage":2.0,"enemies":"Cultist and Chosen","floor":29.0,"turns":3.0},{"damage":23.0,"enemies":"Gremlin Leader","floor":30.0,"turns":4.0},{"damage":3.0,"enemies":"Champ","floor":33.0,"turns":5.0},{"damage":0.0,"enemies":"Orb Walker","floor":35.0,"turns":2.0},{"damage":10.0,"enemies":"3 Darklings","floor":36.0,"turns":2.0},{"damage":27.0,"enemies":"4 Shapes","floor":38.0,"turns":4.0},{"damage":3.0,"enemies":"Giant Head","floor":40.0,"turns":3.0},{"damage":17.0,"enemies":"Reptomancer","floor":42.0,"turns":3.0},{"damage":5,"enemies":"Giant Head","floor":44,"turns":4},{"damage":28,"enemies":"Spire Growth","floor":45,"turns":4},{"damage":12,"enemies":"3 Darklings","floor":46,"turns":2},{"damage":12,"enemies":"2 Orb Walkers","floor":48,"turns":3},{"damage":8,"enemies":"Time Eater","floor":50,"turns":2},{"damage":14,"enemies":"Shield and Spear","floor":54,"turns":3},{"damage":56,"enemies":"The Heart","floor":55,"turns":4}],"seed_played":"7553000293698725377","potions_obtained":[{"floor":1.0,"key":"Explosive Potion"},{"floor":4.0,"key":"PowerPotion"},{"floor":7.0,"key":"Explosive Potion"},{"floor":13.0,"key":"Dexterity Potion"},{"floor":18.0,"key":"Regen Potion"},{"floor":21.0,"key":"SpeedPotion"},{"floor":25.0,"key":"SkillPotion"},{"floor":27.0,"key":"Block Potion"},{"floor":36.0,"key":"FearPotion"},{"floor":42,"key":"AttackPotion"},{"floor":46,"key":"FearPotion"},{"floor":48,"key":"SteroidPotion"}],"is_trial":false,"path_per_floor":["M","?","?","M","M","E","M","R","T","R","E","R","M","?","R","B",null,"M","$","?","M","?","E","?","E","T","E","$","M","E","?","R","B",null,"M","M","$","M","T","E","R","E","T","E","M","M","?","?","R","B",null,"R","$","E","B",null],"character_chosen":"MARISA","items_purchased":["Gremlin Horn","Sling","Pen Nib","Block Potion"],"campfire_rested":1,"item_purchase_floors":[19,28,37,53],"current_hp_per_floor":[66,66,59,54,45,11,22,22,22,22,22,22,22,22,22,22,57,57,57,57,49,49,49,49,38,38,24,24,36,15,15,35,39,62,69,64,64,44,44,48,48,50,55,57,36,43,43,38,38,57,66,66,66,59,13],"gold":133,"neow_bonus":"THREE_RARE_CARDS","is_daily":false,"chose_seed":false,"campfire_upgraded":6,"win_rate":0.0,"timestamp":1613221918,"path_taken":["M","?","?","M","M","E","M","R","T","R","E","R","M","?","R","BOSS","M","$","?","M","?","E","?","E","T","E","?","M","E","?","R","BOSS","M","M","$","M","?","E","R","E","T","E","M","M","?","?","R","BOSS","R","$","E","BOSS"],"items_purchased_type":["Relic","Relic","Relic","Potion"],"build_version":"2020-12-22","purchased_purges":3,"victory":true,"max_hp_per_floor":[75,69,69,69,69,69,69,69,69,69,69,69,69,69,69,69,69,69,69,69,69,69,69,69,69,69,69,69,69,69,69,69,69,69,69,69,69,69,69,69,69,69,69,69,69,69,69,69,69,69,69,69,69,69,69],"card_choices":[{"not_picked":["BigCrunch","UltimateShortwave"],"picked":"JA","floor":0.0},{"not_picked":["StarlightTyphoon","WitchOfGreed"],"picked":"MysteriousBeam","floor":1.0},{"not_picked":["DarkSpark","PowerUp"],"picked":"SporeBomb","floor":4.0},{"not_picked":["BlazeAway","Orbital"],"picked":"PropBag","floor":5.0},{"not_picked":["DeepEcoloBomb","Orbital","DC"],"picked":"SKIP","floor":6.0},{"not_picked":["GalacticHalo","GasGiant","SporeBomb"],"picked":"SKIP","floor":7.0},{"not_picked":["LuminesStrike","ShootingEcho","MysteriousBeam"],"picked":"SKIP","floor":11.0},{"not_picked":["DragonMeteor","NonDirectionalLaser"],"picked":"SuperNova","floor":13.0},{"not_picked":["FinalSpark","SatelliteIllusion"],"picked":"EscapeVelocity","floor":16.0},{"not_picked":["MilkyWay","DarkMatter+1"],"picked":"PropBag","floor":18.0},{"not_picked":["WitchOfGreed","GalacticHalo","Occultation"],"picked":"SKIP","floor":21.0},{"not_picked":["6A","LuminesStrike"],"picked":"MillisecondPulsars","floor":23.0},{"not_picked":["MeteoricShower","OneTimeOff"],"picked":"BinaryStars","floor":25.0},{"not_picked":["EscapeVelocity","GravityBeat+1","IllusionStar"],"picked":"GrandCross","floor":27.0},{"not_picked":["DC","PulseMagic","AsteroidBelt","EnergyFlow"],"picked":"SKIP","floor":29.0},{"not_picked":["StarlightTyphoon","BigCrunch","NonDirectionalLaser"],"picked":"Acceleration","floor":30.0},{"not_picked":["TreasureHunter","ManaRampage","AbsoluteMagnitude"],"picked":"BlazingStar","floor":33.0},{"not_picked":["WitchOfGreed+1","GalacticHalo","MilkyWay+1","StarBarrage"],"picked":"SKIP","floor":35.0},{"not_picked":["SprinkleStarSeal","LuminesStrike","OneTimeOff","IllusionStar"],"picked":"SKIP","floor":36.0},{"not_picked":["DoubleSpark+1","WitchOfGreed+1","MagicChant","GravityBeat+1"],"picked":"SKIP","floor":38.0},{"not_picked":["PowerUp","6A","LuminesStrike+1"],"picked":"BlazingStar","floor":40.0},{"not_picked":["TreasureHunter","MysteriousBeam","StarlightTyphoon+1"],"picked":"EventHorizon+1","floor":42},{"not_picked":["StarlightTyphoon+1","LuminesStrike","MysteriousBeam","DarkMatter"],"picked":"SKIP","floor":44},{"not_picked":["RefractionSpark+1","SporeBomb+1","ShootingEcho","EnergyRecoil+1"],"picked":"SKIP","floor":45},{"not_picked":["Orbital+1","GrandCross","UnstableBomb"],"picked":"Acceleration+1","floor":46},{"not_picked":["Discovery","Apotheosis","Sadistic Nature"],"picked":"Master of Strategy","floor":47},{"not_picked":["GasGiant+1","IllusionStar","SporeBomb"],"picked":"6A+1","floor":54}],"player_experience":381371,"relics_obtained":[{"floor":6.0,"key":"Potion Belt"},{"floor":9.0,"key":"Orichalcum"},{"floor":11.0,"key":"Akabeko"},{"floor":23.0,"key":"Tiny Chest"},{"floor":25.0,"key":"Question Card"},{"floor":26.0,"key":"Anchor"},{"floor":27.0,"key":"Blood Vial"},{"floor":30.0,"key":"Happy Flower"},{"floor":40.0,"key":"Mummified Hand"},{"floor":42,"key":"Bottled Lightning"},{"floor":43,"key":"Pantograph"},{"floor":44,"key":"Art of War"},{"floor":48,"key":"Gambling Chip"},{"floor":54,"key":"InkBottle"}],"event_choices":[{"damage_healed":0.0,"max_hp_gain":0.0,"max_hp_loss":6.0,"gold_gain":0.0,"event_name":"Golden Idol","player_choice":"Lose Max HP","floor":2.0,"gold_loss":0.0,"damage_taken":0.0,"relics_obtained":["Golden Idol"]},{"cards_removed":["Strike_MRS"],"damage_healed":0.0,"max_hp_gain":0.0,"max_hp_loss":0.0,"gold_gain":0.0,"event_name":"Golden Wing","player_choice":"Card Removal","floor":3.0,"gold_loss":0.0,"damage_taken":7.0},{"cards_removed":["Defend_MRS"],"damage_healed":0.0,"max_hp_gain":0.0,"max_hp_loss":0.0,"gold_gain":0.0,"event_name":"Living Wall","player_choice":"Forget","floor":14.0,"gold_loss":0.0,"damage_taken":0.0},{"damage_healed":0.0,"max_hp_gain":0.0,"max_hp_loss":0.0,"gold_gain":0.0,"event_name":"Vampires","player_choice":"Ignored","floor":20.0,"gold_loss":0.0,"damage_taken":0.0},{"damage_healed":0.0,"max_hp_gain":0.0,"max_hp_loss":0.0,"gold_gain":0.0,"event_name":"The Mausoleum","player_choice":"Opened","floor":22.0,"gold_loss":0.0,"damage_taken":0.0,"relics_obtained":["Lantern"]},{"damage_healed":0.0,"max_hp_gain":0.0,"max_hp_loss":0.0,"gold_gain":99.0,"event_name":"Nest","player_choice":"Stole From Cult","floor":24.0,"gold_loss":0.0,"damage_taken":0.0},{"damage_healed":0.0,"max_hp_gain":0.0,"max_hp_loss":0.0,"gold_gain":0.0,"event_name":"Forgotten Altar","player_choice":"Gave Idol","floor":31.0,"relics_lost":["Golden Idol"],"gold_loss":0.0,"damage_taken":0.0,"relics_obtained":["Bloody Idol"]},{"damage_healed":0,"gold_gain":0,"player_choice":"Memory 1","damage_taken":0,"max_hp_gain":0,"max_hp_loss":0,"event_name":"SensoryStone","floor":47,"gold_loss":0},{"damage_healed":0,"gold_gain":0,"player_choice":"Fight","damage_taken":0,"max_hp_gain":0,"max_hp_loss":0,"event_name":"Mysterious Sphere","floor":48,"gold_loss":0}],"is_beta":false,"boss_relics":[{"not_picked":["Runic Pyramid","Busted Crown"],"picked":"Empty Cage"},{"not_picked":["Black Star","Calling Bell"],"picked":"SlaversCollar"}],"items_purged_floors":[28,37,53],"is_endless":false,"potions_floor_spawned":[1,4,7,13,18,21,25,27,36,42,46,48],"ascension_level":7}}