{"host":"cepa1iaiubs928mn","time":1613246463,"event":{"mods":["Bard","BaseMod","Beaked The Cultist","Conspire","Gremlin Mod","Hermit","Hubris","KinomotoSakuraMod(ÙÊñýÜâ?)","Luminous","Marisa£¨Ùöéë¡¡Øª×âÞÞ£©","Mimic Mod","Minty Spire (QoL Compilation)","Quick Restart","Replay The Spire","Robot Space Explorer","Shop Mod","StSLib","Td1madao Mod","The Animator","The Bladedancer","The Bug Knight","The Construct","The Cursed","The Disciple","The Dragon Tamer","The Gatherer","The Hierophant","The Mystic","The Necromancer","The Poker Player","The Runesmith","The Senshi","The Servant 0.9.4","The Witch","Waifu the Spire","Youmu£¨ûëÛÞèí?£©","Yuri Mod"],"gold_per_floor":[114,39,39,54,72,92,112,112,159,175,175,189,189,36,36,132,132,145,145,60,80,80,113,113,64,64,64,84,103,34,53,53,151,151,167,181,181,218,16,16,16,16],"floor_reached":40,"language":"KOR","playtime":2393,"items_purged":["DTMod:Strike","DTMod:Strike"],"score":448,"play_id":"713ac5db-d126-41fa-b5f1-37dd02fd79dc","local_time":"20210214050103","is_ascension_mode":false,"metric_token":2399,"campfire_choices":[{"data":"DTMod:InvisibleFlame","floor":8,"key":"SMITH"},{"data":"DTMod:CalculatedDefense","floor":13,"key":"SMITH"},{"floor":15,"key":"DIG"},{"floor":24,"key":"REST"},{"floor":32,"key":"REST"}],"dtmod_dragon_data":[0,56,0,3,0,2],"circlet_count":0,"master_deck":["DTMod:Strike","DTMod:Strike","DTMod:DoubleHit","DTMod:TargetDefense","DTMod:TargetDefense","DTMod:TargetDefense","DTMod:TargetDefense+1","DTMod:SwitchingTactic+1","DTMod:BalancedStrike","DTMod:InvisibleFlame+1","DTMod:HeatWave","DTMod:HeatWave","DTMod:CalculatedDefense+1","DTMod:FierySynthesis","DTMod:Training","DTMod:EchoTactic","DTMod:FlameSlash","DTMod:BreakAttack","DTMod:BlueScale","DTMod:ComboAttack","DTMod:InvisibleFlame+1","DTMod:InvisibleFlame","DTMod:GhostSkin","DTMod:GearUp"],"relics":["DTMod:PactStone","NeowsBlessing","War Paint","Mummified Hand","conspire:GlowingRock","hubris:ScarierMask","hubris:Towel","ReplayTheSpireMod:TigerMarble","hubris:Icosahedron","Regal Pillow","Replay:Towering Pillar of Hats","construct:WeddingRing","Boot","hubris:EmptyBottle"],"acts_visited":["Exordium","TheCity","TheBeyond"],"potions_floor_usage":[16,18,23,23,28,31,38,38,38,40,40],"damage_taken":[{"damage":0,"enemies":"2 Louse","floor":1,"turns":1},{"damage":0,"enemies":"Cultist","floor":4,"turns":1},{"damage":0,"enemies":"Small Slimes","floor":5,"turns":2},{"damage":2,"enemies":"Blue Slaver","floor":6,"turns":4},{"damage":0,"enemies":"Exordium Thugs","floor":7,"turns":4},{"damage":0,"enemies":"3 Louse","floor":10,"turns":2},{"damage":0,"enemies":"Blue Slaver","floor":12,"turns":3},{"damage":13,"enemies":"Fading Forest","floor":16,"turns":11},{"damage":0,"enemies":"Shell Parasite","floor":18,"turns":4},{"damage":0,"enemies":"2 Thieves","floor":21,"turns":3},{"damage":7,"enemies":"Book of Stabbing","floor":23,"turns":4},{"damage":0,"enemies":"Shelled Parasite and Fungi","floor":28,"turns":6},{"damage":0,"enemies":"3 Cultists","floor":29,"turns":4},{"damage":0,"enemies":"Snake Plant","floor":31,"turns":2},{"damage":0,"enemies":"conspire:MysteriousRune","floor":33,"turns":11},{"damage":0,"enemies":"Orb Walker","floor":35,"turns":5},{"damage":5,"enemies":"3 Darklings","floor":36,"turns":5},{"damage":0,"enemies":"conspire:MimicChest","floor":38,"turns":7},{"damage":52,"enemies":"Giant Head","floor":40,"turns":10}],"seed_played":"-2896711509723150137","potions_obtained":[{"floor":4,"key":"Strength Potion"},{"floor":7,"key":"Reflective Coating"},{"floor":12,"key":"Languid Potion"},{"floor":16,"key":"Regen Potion"},{"floor":23,"key":"Explosive Potion"},{"floor":29,"key":"Weak Potion"},{"floor":36,"key":"SteroidPotion"}],"is_trial":false,"path_per_floor":["M","$","?","M","M","M","M","R","T","M","?","M","R","$","R","B",null,"M","?","?","M","?","E","R","$","T","?","M","M","$","M","R","B",null,"M","M","?","?","$","E"],"character_chosen":"THE_DT","items_purchased":["DTMod:Training","Fire Potion","DTMod:InvisibleFlame","hubris:EmptyBottle","Strength Potion"],"campfire_rested":2,"item_purchase_floors":[14,25,30,39,39],"current_hp_per_floor":[45,45,45,45,45,43,43,43,43,43,43,43,43,43,43,30,45,45,45,45,45,45,38,45,45,45,45,45,45,45,45,45,45,45,45,40,40,40,40,0,0,0],"gold":16,"neow_bonus":"THREE_ENEMY_KILL","is_daily":false,"chose_seed":false,"campfire_upgraded":2,"win_rate":0.0,"timestamp":1613246463,"path_taken":["M","$","?","M","M","M","M","R","T","M","?","M","R","$","R","BOSS","M","?","?","M","?","E","R","$","T","?","?","M","?","M","R","BOSS","M","M","?","?","$","E"],"items_purchased_type":["Card","Potion","Card","Relic","Potion"],"build_version":"2020-12-22","purchased_purges":2,"victory":false,"max_hp_per_floor":[45,45,45,45,45,45,45,45,45,45,45,45,45,45,45,45,45,45,45,45,45,45,45,45,45,45,45,45,45,45,45,45,45,45,45,45,45,45,45,45,45,45],"card_choices":[{"not_picked":["DTMod:BreakAttack","DTMod:CrossStep"],"picked":"DTMod:BalancedStrike","floor":1},{"not_picked":["DTMod:CleansingStrike","DTMod:Threaten"],"picked":"DTMod:InvisibleFlame","floor":4},{"not_picked":["DTMod:Astonish","DTMod:Feint"],"picked":"DTMod:HeatWave","floor":5},{"not_picked":["DTMod:RecklessFlurry","DTMod:BurningEnergy","DTMod:Weaken"],"picked":"SKIP","floor":6},{"not_picked":["DTMod:Threaten","DTMod:RunningTactic"],"picked":"DTMod:HeatWave","floor":7},{"not_picked":["DTMod:BlazingStrike","DTMod:LastStand"],"picked":"DTMod:CalculatedDefense","floor":10},{"not_picked":["DTMod:Cover","DTMod:MagiciansMark"],"picked":"DTMod:FierySynthesis","floor":12},{"not_picked":["DTMod:Harmonize","DTMod:FierySynthesis"],"picked":"DTMod:EchoTactic","floor":16},{"not_picked":["DTMod:HeatWave","DTMod:BurningEnergy+1"],"picked":"DTMod:FlameSlash","floor":18},{"not_picked":["DTMod:BreakAttack","DTMod:GhostSkin","DTMod:BurningEnergy"],"picked":"SKIP","floor":21},{"not_picked":["DTMod:GhostSkin","DTMod:BurningEnergy"],"picked":"DTMod:BreakAttack","floor":21},{"not_picked":["DTMod:MasterPlan","DTMod:FlameSlash+1"],"picked":"DTMod:BlueScale","floor":23},{"not_picked":["DTMod:BuildUp","DTMod:Cover","DTMod:BurningEnergy+1"],"picked":"SKIP","floor":28},{"not_picked":["DTMod:MagicField","DTMod:Observe+1"],"picked":"DTMod:InvisibleFlame+1","floor":29},{"not_picked":["DTMod:BlazingStrike+1","DTMod:Weaken"],"picked":"DTMod:GhostSkin","floor":31},{"not_picked":["DTMod:LightShield","DTMod:Inferno"],"picked":"DTMod:GearUp","floor":33},{"not_picked":["DTMod:CleansingStrike+1","DTMod:MagicField","DTMod:FlameSlash"],"picked":"SKIP","floor":35},{"not_picked":["DTMod:Adaptation","DTMod:Overwhelm","DTMod:BreakAttack+1"],"picked":"SKIP","floor":36}],"player_experience":10054,"relics_obtained":[{"floor":9,"key":"War Paint"},{"floor":11,"key":"Mummified Hand"},{"floor":15,"key":"conspire:GlowingRock"},{"floor":23,"key":"Regal Pillow"},{"floor":26,"key":"Replay:Towering Pillar of Hats"},{"floor":38,"key":"Boot"}],"event_choices":[{"damage_healed":0,"gold_gain":0,"player_choice":"Leave","damage_taken":0,"max_hp_gain":0,"max_hp_loss":0,"event_name":"The Cleric","floor":3,"gold_loss":0},{"damage_healed":0,"gold_gain":0,"player_choice":"Relic","damage_taken":0,"max_hp_gain":0,"max_hp_loss":0,"event_name":"Wheel of Change","floor":11,"gold_loss":0},{"damage_healed":0,"gold_gain":0,"player_choice":"Obtained Relic","damage_taken":0,"relics_obtained":["ReplayTheSpireMod:TigerMarble"],"max_hp_gain":0,"max_hp_loss":0,"event_name":"Addict","floor":20,"gold_loss":85},{"damage_healed":0,"gold_gain":0,"player_choice":"Leave","damage_taken":0,"max_hp_gain":0,"max_hp_loss":0,"event_name":"conspire:Investor","floor":37,"gold_loss":0}],"is_beta":false,"boss_relics":[{"not_picked":["DTMod:TheChair","Runic Dome"],"picked":"hubris:ScarierMask"},{"not_picked":["Velvet Choker","Black Star"],"picked":"construct:WeddingRing"}],"items_purged_floors":[2,14],"is_endless":false,"potions_floor_spawned":[4,7,12,16,23,29,36],"killed_by":"Giant Head","ascension_level":0}}