{"host":"jfbo3eu2ui08ej1u","time":1613199784,"event":{"mods":["2.2 Compatiblity","AchievementEnabler","Act Like it!","Aspiration","BaseMod","Better Altar","Better Match","Better Note","Better Sensory Stone","Better Skull","Better Third Choice","Block Reminder","Colored Map","Colored Powertips","Conspire","DeckTracker","Displayed Cursed Tome","Energized Spire","Fox Events","GifTheSpireLib","Hermit","Hubris","Infinite Spire","Marked Mod","Minty Spire (QoL Compilation)","Monster B Gone","Pale of the Ancients","Poor People Problems","Quick Restart","Relic Filter","Reliquary","Reorder Act Four","Replay The Spire","Shop Mod","Spicy Shops","Spire Arcade","StSLib","Stuff the Spire","The Blue Laboratory","The Disciple","The Forsaken","The Hierophant","The Marked","Uncapped","Unceasing Turn Reminder","Wandering Minibosses"],"gold_per_floor":[119,130,53,228,242,242,242,276,276,307,326,326,338,238,238,333,333,347,55,44,59,78,78,78],"floor_reached":23,"language":"ENG","playtime":1272,"items_purged":["Doubt"],"score":233,"play_id":"2d300027-d951-47a0-9fcb-d546f1d8fb0e","local_time":"20210213020304","is_ascension_mode":true,"campfire_choices":[{"data":"theForsaken:Preservation","floor":6.0,"key":"SMITH"},{"floor":12,"key":"REST"},{"data":"theForsaken:PowerUp","floor":15,"key":"SMITH"}],"circlet_count":0,"master_deck":["theForsaken:TheForsaken_Strike","theForsaken:TheForsaken_Strike","theForsaken:TheForsaken_Strike","theForsaken:TheForsaken_Strike","theForsaken:TheForsaken_Defend","theForsaken:TheForsaken_Defend","theForsaken:TheForsaken_Defend","theForsaken:TheForsaken_Defend","theForsaken:Smite","theForsaken:Penitence","ReplayTheSpireMod:Trickstab","theForsaken:QuickAttack","theForsaken:WrathOfGod","theForsaken:WordsOfMight","theForsaken:Preservation+1","theForsaken:DefensiveStance","theForsaken:LightRoll","theForsaken:PowerUp+1","Ghostly","theForsaken:Prudence","theForsaken:Backlash","theForsaken:MagicWeapon","theForsaken:WordsOfMight","theForsaken:Preservation","Purity","theForsaken:Thunderbolt","theForsaken:PanicDive"],"relics":["theForsaken:JudgementScales","hubris:BundleOfHerbs","The Courier","CaptainsWheel","reliquary:Ember","BargainBundle"],"acts_visited":["Exordium","TheCity"],"potions_floor_usage":[21,22,23,23,23],"damage_taken":[{"damage":13.0,"enemies":"Jaw Worm","floor":1.0,"turns":4.0},{"damage":2.0,"enemies":"Small Slimes","floor":2.0,"turns":4.0},{"damage":2.0,"enemies":"Cultist","floor":5.0,"turns":5.0},{"damage":51.0,"enemies":"Gremlin Nob","floor":8.0,"turns":7.0},{"damage":29.0,"enemies":"Lagavulin","floor":10.0,"turns":10.0},{"damage":0,"enemies":"2 Fungi Beasts","floor":11,"turns":5},{"damage":0,"enemies":"Large Slime","floor":13,"turns":8},{"damage":22,"enemies":"The Guardian","floor":16,"turns":15},{"damage":11,"enemies":"3 Byrds","floor":18,"turns":10},{"damage":34,"enemies":"2 Thieves","floor":20,"turns":5},{"damage":25,"enemies":"Chosen and Byrds","floor":21,"turns":12},{"damage":40,"enemies":"Centurion and Healer","floor":22,"turns":10},{"damage":11,"enemies":"Book of Stabbing","floor":23,"turns":2}],"seed_played":"-6471826501213862788","potions_obtained":[{"floor":2.0,"key":"blueLaboratory:PolymorphPotion"},{"floor":5.0,"key":"Swift Potion"},{"floor":7.0,"key":"conspire:TimeTravelPotion"},{"floor":7.0,"key":"blueLaboratory:FruitPreserves"},{"floor":11,"key":"Ancient Potion"},{"floor":13,"key":"blueLaboratory:HorrorPotion"},{"floor":21,"key":"blueLaboratory:HeartbeatPotion"},{"floor":22,"key":"Strength Potion"}],"is_trial":false,"path_per_floor":["M","M","$","?","M","R","?","E","T","E","M","R","M","?","R","B",null,"M","$","M","M","M","E"],"character_chosen":"THE_FORSAKEN","items_purchased":["theForsaken:WordsOfMight","theForsaken:MagicWeapon","theForsaken:WordsOfMight","BargainBundle","theForsaken:Preservation","Purity"],"campfire_rested":1,"item_purchase_floors":[3,19,19,19,19,19],"current_hp_per_floor":[54,54,54,54,52,52,52,12,12,11,13,32,32,32,32,13,65,57,57,26,22,8,0,0],"gold":78,"neow_bonus":"RANDOM_COLORLESS","is_daily":false,"chose_seed":false,"campfire_upgraded":2,"win_rate":0.0,"timestamp":1613199784,"path_taken":["M","M","$","?","M","R","?","E","T","E","M","R","?","?","R","BOSS","M","$","M","M","M","E"],"items_purchased_type":["Card","Card","Card","Relic","Card","Card"],"build_version":"2020-12-22","purchased_purges":1,"victory":false,"max_hp_per_floor":[65,65,65,65,65,65,65,65,65,65,65,65,65,65,65,65,65,65,65,65,65,65,65,65],"card_choices":[{"not_picked":["StuffTheSpire:PlasmaPulse","Discovery"],"picked":"ReplayTheSpireMod:Trickstab","floor":0.0},{"not_picked":["theForsaken:HorrifyingStrike","theForsaken:PanicDive"],"picked":"theForsaken:QuickAttack","floor":1.0},{"not_picked":["theForsaken:FuryStrikes","theForsaken:BountifulSunlight"],"picked":"theForsaken:WrathOfGod","floor":2.0},{"not_picked":["theForsaken:BlightOfFamine","theForsaken:Thunderbolt"],"picked":"theForsaken:Preservation","floor":5.0},{"not_picked":["theForsaken:BlightOfFamine","theForsaken:NobleSacrifice","theForsaken:Thunderbolt"],"picked":"SKIP","floor":8.0},{"not_picked":["theForsaken:BlindFaith","theForsaken:RainingSunlight"],"picked":"theForsaken:DefensiveStance","floor":10.0},{"not_picked":["theForsaken:StoreUp","theForsaken:WrathOfGod"],"picked":"theForsaken:LightRoll","floor":11},{"not_picked":["theForsaken:HymnOfPatience","theForsaken:DarkBargain"],"picked":"theForsaken:PowerUp","floor":13},{"not_picked":["theForsaken:SacrificeSoul","theForsaken:DarkRift"],"picked":"theForsaken:Prudence","floor":16},{"not_picked":["theForsaken:WordsOfPestilence","theForsaken:PowerUp"],"picked":"theForsaken:Backlash","floor":18},{"not_picked":["theForsaken:Eulogy","theForsaken:BlindFaith","theForsaken:CorruptedWord"],"picked":"SKIP","floor":20},{"not_picked":["theForsaken:AncientWords","theForsaken:QuickAttack+1"],"picked":"theForsaken:Thunderbolt","floor":21},{"not_picked":["theForsaken:InspiringBlow+1","theForsaken:ChargeAttack"],"picked":"theForsaken:PanicDive","floor":22}],"player_experience":1318666,"relics_obtained":[{"floor":8.0,"key":"hubris:BundleOfHerbs"},{"floor":9.0,"key":"The Courier"},{"floor":10.0,"key":"CaptainsWheel"}],"event_choices":[{"damage_healed":0.0,"max_hp_gain":0.0,"max_hp_loss":0.0,"gold_gain":175.0,"event_name":"betterThird:BetterSerpent","player_choice":"AGREE","floor":4.0,"gold_loss":0.0,"damage_taken":53.0},{"damage_healed":0.0,"max_hp_gain":0.0,"max_hp_loss":0.0,"gold_gain":0.0,"event_name":"Lab","player_choice":"Got Potions","floor":7.0,"gold_loss":0.0,"damage_taken":0.0},{"damage_healed":0,"gold_gain":0,"player_choice":"Argue","damage_taken":0,"max_hp_gain":0,"max_hp_loss":0,"event_name":"conspire:LoneGhost","floor":14,"gold_loss":0}],"is_beta":false,"boss_relics":[{"not_picked":["conspire:RunicOctahedron","aspiration:PoetsPen_weak"],"picked":"reliquary:Ember"}],"items_purged_floors":[19],"is_endless":false,"potions_floor_spawned":[2,5,11,13,21,22],"killed_by":"Book of Stabbing","ascension_level":3}}