{"host":"Kdaddybrian","time":1613252824,"event":{"mods":["AchievementEnabler","BaseMod","Bestiary","Colored Map","Colored Powertips","Minty Spire (QoL Compilation)","Potion Indicator Mod","Quick Restart","Rare Cards Sparkle","Relic Stats","StSLib","Uncapped","Weighted Paths"],"gold_per_floor":[119,135,145,159,159,159,184,197,197,197,207,207,207,240,240,339,339,358,283,281,316,354,354,381,381,381,68,87,87,121,138,138,243,243,259,339,384,384,384,384],"floor_reached":39,"language":"ENG","playtime":2301,"items_purged":["Strike_P"],"score":721,"play_id":"f1116a74-a66a-4536-82b0-3b9847c456d6","local_time":"20210213164704","is_ascension_mode":true,"campfire_choices":[{"data":"Wallop","floor":6,"key":"SMITH"},{"floor":10,"key":"REST"},{"data":"Adaptation","floor":13,"key":"SMITH"},{"data":"Eruption","floor":15,"key":"SMITH"},{"data":"Wish","floor":23,"key":"SMITH"},{"floor":25,"key":"REST"},{"floor":32,"key":"REST"}],"circlet_count":0,"master_deck":["AscendersBane","Defend_P","Defend_P","Defend_P","Defend_P","Eruption+1","Vigilance","CrushJoints","Adaptation+1","EmptyFist","Wallop+1","Prostrate","Prostrate","EmptyFist","Prostrate","Wish+1","ThirdEye","Wallop","Ragnarok","Dark Shackles","Bite","Bite","Bite","Bite","Bite","DeusExMachina","Wallop+1","SpiritShield","Wallop","ThirdEye+1"],"relics":["Philosopher\u0027s Stone","InkBottle","Oddly Smooth Stone","Bag of Preparation","Sozu","Singing Bowl","Pantograph","Medical Kit","The Courier","VioletLotus","StoneCalendar"],"acts_visited":["Exordium","TheCity","TheBeyond"],"potions_floor_usage":[16,17,30,30],"damage_taken":[{"damage":0.0,"enemies":"Small Slimes","floor":1.0,"turns":3.0},{"damage":1.0,"enemies":"Cultist","floor":2.0,"turns":4.0},{"damage":11.0,"enemies":"Jaw Worm","floor":3.0,"turns":4.0},{"damage":0,"enemies":"Large Slime","floor":4,"turns":4},{"damage":19,"enemies":"Lagavulin","floor":7,"turns":6},{"damage":7,"enemies":"Looter","floor":8,"turns":3},{"damage":0,"enemies":"2 Fungi Beasts","floor":11,"turns":4},{"damage":10,"enemies":"Gremlin Nob","floor":14,"turns":3},{"damage":30,"enemies":"Slime Boss","floor":16,"turns":10},{"damage":6,"enemies":"3 Byrds","floor":18,"turns":5},{"damage":2,"enemies":"2 Thieves","floor":20,"turns":5},{"damage":20,"enemies":"Snecko","floor":21,"turns":6},{"damage":0,"enemies":"Centurion and Healer","floor":22,"turns":6},{"damage":26,"enemies":"Gremlin Leader","floor":24,"turns":6},{"damage":11,"enemies":"Chosen and Byrds","floor":28,"turns":5},{"damage":17,"enemies":"Slavers","floor":30,"turns":7},{"damage":8,"enemies":"Snake Plant","floor":31,"turns":6},{"damage":22,"enemies":"Champ","floor":33,"turns":11},{"damage":27,"enemies":"3 Darklings","floor":35,"turns":9},{"damage":39,"enemies":"Mind Bloom Boss Battle","floor":36,"turns":8},{"damage":2,"enemies":"3 Shapes","floor":37,"turns":7},{"damage":48,"enemies":"Sphere and 2 Shapes","floor":39,"turns":6}],"seed_played":"-7063652761570550618","potions_obtained":[{"floor":2.0,"key":"Dexterity Potion"},{"floor":5,"key":"EntropicBrew"}],"is_trial":false,"path_per_floor":["M","M","M","M","?","R","E","M","T","R","M","?","R","E","R","B",null,"M","?","M","M","M","R","E","R","T","$","M","?","E","M","R","B",null,"M","?","M","?","M"],"character_chosen":"WATCHER","items_purchased":["Medical Kit","Dark Shackles"],"campfire_rested":3,"item_purchase_floors":[27,27],"current_hp_per_floor":[65,64,53,53,53,53,34,27,27,48,48,53,53,43,43,13,61,55,55,53,33,33,33,9,32,32,32,23,23,19,21,37,49,54,45,29,33,33,0,0],"gold":384,"neow_bonus":"BOSS_RELIC","is_daily":false,"chose_seed":false,"campfire_upgraded":4,"win_rate":0.0,"timestamp":1613252824,"path_taken":["M","M","M","M","?","R","E","M","T","R","?","?","R","E","R","BOSS","M","?","M","M","M","R","E","R","T","$","M","?","E","M","R","BOSS","M","?","M","?","M"],"items_purchased_type":["Relic","Card"],"build_version":"2020-12-18","purchased_purges":1,"victory":false,"max_hp_per_floor":[72,72,72,72,72,72,72,72,72,72,72,77,77,77,77,77,77,77,77,77,77,77,77,79,79,79,79,81,56,56,56,56,56,56,56,58,58,58,58,58],"relic_stats":{"Sozu":7,"Singing Bowl":6,"counters":[22,128],"Pantograph":30,"StoneCalendar":[51],"VioletLotus":[2],"Bag of Preparation":[28],"Medical Kit":[7],"obtain_stats":[{"Sozu":17,"Singing Bowl":24,"Pantograph":26,"Oddly Smooth Stone":9,"Philosopher\u0027s Stone":0,"StoneCalendar":36,"The Courier":30,"VioletLotus":34,"Bag of Preparation":14,"PureWater":0,"Medical Kit":27,"InkBottle":7},{"Sozu":9,"Singing Bowl":14,"Pantograph":14,"Oddly Smooth Stone":6,"Philosopher\u0027s Stone":0,"StoneCalendar":20,"The Courier":16,"VioletLotus":18,"Bag of Preparation":8,"PureWater":0,"Medical Kit":14,"InkBottle":5},{"Sozu":41,"Singing Bowl":69,"Pantograph":69,"Oddly Smooth Stone":24,"Philosopher\u0027s Stone":0,"StoneCalendar":115,"The Courier":81,"VioletLotus":98,"Bag of Preparation":31,"PureWater":0,"Medical Kit":69,"InkBottle":21}],"InkBottle":[47]},"card_choices":[{"not_picked":["CutThroughFate","SignatureMove"],"picked":"CrushJoints","floor":1.0},{"not_picked":["EmptyFist","EmptyBody"],"picked":"Adaptation","floor":2.0},{"not_picked":["BowlingBash","Devotion"],"picked":"EmptyFist","floor":3.0},{"not_picked":["SignatureMove","FollowUp"],"picked":"Wallop","floor":4},{"not_picked":["Indignation","SandsOfTime"],"picked":"Prostrate","floor":7},{"not_picked":["Weave","CutThroughFate"],"picked":"Prostrate","floor":8},{"not_picked":["Nirvana","FlurryOfBlows"],"picked":"EmptyFist","floor":11},{"not_picked":["Conclude","Halt"],"picked":"Prostrate","floor":14},{"not_picked":["DevaForm","Alpha"],"picked":"Wish","floor":16},{"not_picked":["Prostrate","FlurryOfBlows"],"picked":"ThirdEye","floor":18},{"not_picked":["CutThroughFate","ClearTheMind","BowlingBash"],"picked":"SKIP","floor":20},{"not_picked":["Halt","Meditate"],"picked":"Wallop","floor":21},{"not_picked":["CutThroughFate","CrushJoints"],"picked":"Ragnarok","floor":22},{"not_picked":["LikeWater","FollowUp","CutThroughFate+1"],"picked":"Singing Bowl","floor":24},{"not_picked":["SandsOfTime+1","CutThroughFate","ReachHeaven+1"],"picked":"Singing Bowl","floor":28},{"not_picked":["Protect","Prostrate"],"picked":"DeusExMachina","floor":30},{"not_picked":["EmptyBody","CutThroughFate+1"],"picked":"Wallop+1","floor":31},{"not_picked":["ConjureBlade","Establishment"],"picked":"SpiritShield","floor":33},{"not_picked":["ClearTheMind","Evaluate"],"picked":"Wallop","floor":35},{"not_picked":["WreathOfFlame+1","BowlingBash","CrushJoints"],"picked":"Singing Bowl","floor":36},{"not_picked":["SignatureMove","Halt"],"picked":"ThirdEye+1","floor":37}],"player_experience":3035301,"relics_obtained":[{"floor":7,"key":"InkBottle"},{"floor":9,"key":"Oddly Smooth Stone"},{"floor":14,"key":"Bag of Preparation"},{"floor":24,"key":"Singing Bowl"},{"floor":26,"key":"Pantograph"},{"floor":30,"key":"The Courier"},{"floor":36,"key":"StoneCalendar"}],"event_choices":[{"damage_healed":0,"gold_gain":0,"player_choice":"Got Potions","damage_taken":0,"max_hp_gain":0,"max_hp_loss":0,"event_name":"Lab","floor":5,"gold_loss":0},{"damage_healed":0,"gold_gain":0,"player_choice":"Donut","damage_taken":0,"max_hp_gain":5,"max_hp_loss":0,"event_name":"Big Fish","floor":12,"gold_loss":0},{"cards_removed":["Strike_P"],"damage_healed":0,"gold_gain":0,"player_choice":"Gave Gold","damage_taken":0,"max_hp_gain":0,"max_hp_loss":0,"event_name":"Beggar","floor":19,"gold_loss":75},{"damage_healed":0,"gold_gain":0,"player_choice":"Became a vampire","damage_taken":0,"max_hp_gain":0,"max_hp_loss":25,"event_name":"Vampires","floor":29,"gold_loss":0,"cards_obtained":["Bite","Bite","Bite","Bite","Bite"]},{"damage_healed":0,"gold_gain":0,"player_choice":"Fight","damage_taken":0,"max_hp_gain":0,"max_hp_loss":0,"event_name":"MindBloom","floor":36,"gold_loss":0},{"damage_healed":0,"gold_gain":0,"player_choice":"Ignored","damage_taken":0,"max_hp_gain":0,"max_hp_loss":0,"event_name":"Tomb of Lord Red Mask","floor":38,"gold_loss":0}],"is_beta":true,"boss_relics":[{"not_picked":["Cursed Key","Tiny House"],"picked":"Sozu"},{"not_picked":["Velvet Choker","Black Star"],"picked":"VioletLotus"}],"items_purged_floors":[27],"is_endless":false,"potions_floor_spawned":[2,8,20,21,28,30,33,35,37],"killed_by":"Sphere and 2 Shapes","ascension_level":11}}