{"host":"5kirneupyg4uzd3w","time":1613189247,"event":{"mods":["BaseMod","Colored Map","Custom Start","Minty Spire (QoL Compilation)","StSLib","SuperFastMode"],"gold_per_floor":[118,43,43,43,62,62,89,89,89,108,118,132,167,184,184,258,258,270,53,53,65,77,107,32,45,45,45,56,56,83,96,96,96,96],"floor_reached":33,"language":"KOR","playtime":705,"items_purged":["Strike_R"],"score":648,"play_id":"3fd7cc3d-1498-4438-a889-2ec01bf67c85","local_time":"20210213130727","is_ascension_mode":true,"campfire_choices":[{"data":"Wild Strike","floor":6.0,"key":"SMITH"},{"data":"Uppercut","floor":8.0,"key":"SMITH"},{"data":"Evolve","floor":15.0,"key":"SMITH"},{"floor":27.0,"key":"REST"},{"floor":29.0,"key":"REST"},{"data":"Blood for Blood","floor":32.0,"key":"SMITH"}],"circlet_count":0,"master_deck":["AscendersBane","Strike_R","Strike_R","Strike_R","Defend_R","Defend_R+1","Defend_R","Defend_R+1","Bash","Wild Strike+1","Shrug It Off","Uppercut+1","Evolve+1","Entrench","Feel No Pain","Shrug It Off","Offering","Carnage","Master of Strategy","Bash","Seeing Red","Shockwave+1","Wild Strike","Blood for Blood+1"],"relics":["Burning Blood","NeowsBlessing","Gremlin Horn","Bag of Marbles","Champion Belt","Mark of Pain","Orichalcum","Bottled Lightning","Mummified Hand"],"acts_visited":["Exordium","TheCity"],"potions_floor_usage":[33],"damage_taken":[{"damage":0.0,"enemies":"Jaw Worm","floor":1.0,"turns":1.0},{"damage":0.0,"enemies":"2 Louse","floor":5.0,"turns":1.0},{"damage":0.0,"enemies":"Gremlin Nob","floor":7.0,"turns":1.0},{"damage":4.0,"enemies":"Cultist","floor":10.0,"turns":3.0},{"damage":2.0,"enemies":"Red Slaver","floor":11.0,"turns":2.0},{"damage":6.0,"enemies":"2 Fungi Beasts","floor":12.0,"turns":4.0},{"damage":19.0,"enemies":"Lagavulin","floor":13.0,"turns":6.0},{"damage":14.0,"enemies":"Exordium Thugs","floor":14.0,"turns":5.0},{"damage":45.0,"enemies":"Slime Boss","floor":16.0,"turns":9.0},{"damage":13.0,"enemies":"2 Thieves","floor":18.0,"turns":4.0},{"damage":16.0,"enemies":"Spheric Guardian","floor":21.0,"turns":4.0},{"damage":18.0,"enemies":"Snake Plant","floor":22.0,"turns":4.0},{"damage":22.0,"enemies":"Slavers","floor":23.0,"turns":6.0},{"damage":12.0,"enemies":"Snecko","floor":25.0,"turns":6.0},{"damage":10.0,"enemies":"Centurion and Healer","floor":28.0,"turns":6.0},{"damage":25.0,"enemies":"Book of Stabbing","floor":30.0,"turns":5.0},{"damage":10.0,"enemies":"Sentry and Sphere","floor":31.0,"turns":6.0},{"damage":35,"enemies":"Collector","floor":33,"turns":3}],"seed_played":"-7709317903411611998","potions_obtained":[{"floor":1.0,"key":"SkillPotion"},{"floor":5.0,"key":"GamblersBrew"},{"floor":12.0,"key":"PowerPotion"},{"floor":16.0,"key":"Energy Potion"},{"floor":22.0,"key":"DistilledChaos"},{"floor":25.0,"key":"Energy Potion"},{"floor":28.0,"key":"Ancient Potion"}],"is_trial":false,"path_per_floor":["M","?","?","?","M","R","E","R","T","M","M","M","E","M","R","B",null,"M","$","?","M","M","E","$","M","T","R","M","R","E","M","R","B"],"character_chosen":"IRONCLAD","items_purchased":["Master of Strategy"],"campfire_rested":2,"item_purchase_floors":[19],"current_hp_per_floor":[74,74,74,51,57,57,63,63,63,65,69,69,56,48,48,9,59,52,52,52,42,30,14,14,8,8,30,26,48,29,25,25,0,0],"gold":96,"neow_bonus":"THREE_ENEMY_KILL","is_daily":false,"chose_seed":false,"campfire_upgraded":4,"win_rate":0.0,"timestamp":1613189247,"path_taken":["M","?","?","?","M","R","E","R","T","M","M","M","E","M","R","BOSS","M","$","?","M","?","E","$","M","T","R","M","R","E","M","R","BOSS"],"items_purchased_type":["Card"],"build_version":"2020-12-22","purchased_purges":1,"victory":false,"max_hp_per_floor":[75,75,75,75,75,75,75,75,75,75,75,75,75,75,75,75,75,75,75,75,75,75,75,75,75,75,75,75,75,75,75,75,75,75],"card_choices":[{"not_picked":["Sentinel","Anger"],"picked":"Wild Strike","floor":1.0},{"not_picked":["Perfected Strike","Bloodletting"],"picked":"Shrug It Off","floor":5.0},{"not_picked":["Thunderclap","Rupture"],"picked":"Uppercut","floor":7.0},{"not_picked":["Inflame","Power Through"],"picked":"Evolve","floor":10.0},{"not_picked":["Heavy Blade","Headbutt","Twin Strike"],"picked":"SKIP","floor":11.0},{"not_picked":["Warcry","True Grit"],"picked":"Entrench","floor":12.0},{"not_picked":["Intimidate","Dropkick"],"picked":"Feel No Pain","floor":13.0},{"not_picked":["Metallicize","Armaments"],"picked":"Shrug It Off","floor":14.0},{"not_picked":["Feed","Exhume"],"picked":"Offering","floor":16.0},{"not_picked":["Hemokinesis","Blood for Blood"],"picked":"Carnage","floor":18.0},{"not_picked":["Blood for Blood","Shockwave","Whirlwind"],"picked":"SKIP","floor":21.0},{"not_picked":["Combust","Twin Strike+1"],"picked":"Seeing Red","floor":22.0},{"not_picked":["Flex","Pommel Strike"],"picked":"Shockwave+1","floor":23.0},{"not_picked":["Heavy Blade+1","Clothesline","True Grit"],"picked":"SKIP","floor":25.0},{"not_picked":["Cleave","Twin Strike"],"picked":"Wild Strike","floor":28.0},{"not_picked":["Clash","Dark Embrace"],"picked":"Blood for Blood","floor":30.0},{"not_picked":["Perfected Strike","Warcry","Clash"],"picked":"SKIP","floor":31.0}],"player_experience":322048,"relics_obtained":[{"floor":7.0,"key":"Gremlin Horn"},{"floor":9.0,"key":"Bag of Marbles"},{"floor":13.0,"key":"Champion Belt"},{"floor":23.0,"key":"Orichalcum"},{"floor":26.0,"key":"Bottled Lightning"},{"floor":30.0,"key":"Mummified Hand"}],"event_choices":[{"cards_removed":["Strike_R"],"damage_healed":0.0,"max_hp_gain":0.0,"max_hp_loss":0.0,"gold_gain":0.0,"event_name":"The Cleric","player_choice":"Card Removal","floor":2.0,"gold_loss":75.0,"damage_taken":0.0},{"damage_healed":0.0,"max_hp_gain":0.0,"max_hp_loss":0.0,"gold_gain":0.0,"event_name":"Liars Game","player_choice":"Ignored","floor":3.0,"gold_loss":0.0,"damage_taken":0.0},{"damage_healed":0.0,"max_hp_gain":0.0,"max_hp_loss":0.0,"gold_gain":0.0,"event_name":"Shining Light","player_choice":"Entered Light","floor":4.0,"gold_loss":0.0,"damage_taken":23.0,"cards_upgraded":["Defend_R","Defend_R"]},{"damage_healed":0.0,"max_hp_gain":0.0,"max_hp_loss":0.0,"gold_gain":0.0,"event_name":"Match and Keep!","player_choice":"1 cards matched","floor":20.0,"gold_loss":0.0,"damage_taken":0.0,"cards_obtained":["Bash"]}],"is_beta":false,"boss_relics":[{"not_picked":["Black Blood","Tiny House"],"picked":"Mark of Pain"}],"items_purged_floors":[24],"is_endless":false,"potions_floor_spawned":[1,5,12,16,22,25,28],"killed_by":"Collector","ascension_level":20}}