{"host":"b3acx0fd85ri4t7i","time":1613218203,"event":{"mods":["Act Like it!","Ascension Reborn","BaseMod","Colored Map","Colored Powertips","Conspire","Minty Spire (QoL Compilation)","Quick Restart","Relic Stats","Remilia（蕾米莉亚）","Replay The Spire","RumiaBox-露米娅的神秘盒子","SOS（斯巴达之子）","Shop Mod","Spicy Shops","StSLib","TestMod","The Hierophant","[IsaacMod]以撒尖塔","【功能Mod】混沌之环修复补丁","【功能Mod】聪明的最终Boss","篝火指南"],"gold_per_floor":[116,131,205,220,185,185,211,211,211],"floor_reached":8,"language":"ZHS","playtime":477,"items_purged":[],"score":121,"play_id":"f4b2b6e3-9df4-4a7c-8a30-98d286c03961","local_time":"20210213201003","daily_mods":["Specialized","Vintage","ControlledChaos","Allstar","Heirloom","Flight"],"is_ascension_mode":true,"campfire_choices":[{"floor":6,"key":"REST"}],"circlet_count":0,"master_deck":["Strike_RM","Strike_RM","Strike_RM","Strike_RM","Defend_RM","Defend_RM","Defend_RM","Defend_RM","RedMoon","ScarletShoot","BloodyBrimstone","BloodySeventeenLaser","BloodySeventeenLaser","BloodySeventeenLaser","BloodySeventeenLaser","BloodySeventeenLaser","testmod-AssimilatedRune","testmod-WeaknessCounterattack","ReplayTheSpireMod:Brewmster","Master of Strategy","testmod-Arrangement"],"relics":["ScarletHat","Frozen Eye","HushsDoor","testmod-TestBox","conspire:InfiniteJournal","YumHeart","testmod-Nyarlathotep","Lantern","Baka","Pear","Tiny Chest","ReplayTheSpireMod:Lightbulb","BookOfRevelations"],"acts_visited":["Exordium"],"potions_floor_usage":[2,2,2,4,4],"damage_taken":[{"damage":0,"enemies":"Cultist","floor":1,"turns":3},{"damage":80,"enemies":"2 Louse","floor":2,"turns":7},{"damage":16,"enemies":"Jaw Worm","floor":4,"turns":4},{"damage":0,"enemies":"Gremlin Nob","floor":8,"turns":1}],"seed_played":"-805694438238498232","potions_obtained":[{"floor":1,"key":"Toxic Potion"},{"floor":4,"key":"SkillPotion"}],"is_trial":true,"path_per_floor":["M","M","?","M","?","R","T","E"],"character_chosen":"REMILIA","items_purchased":[],"campfire_rested":1,"item_purchase_floors":[],"current_hp_per_floor":[75,35,20,4,25,50,50,50,50],"gold":211,"neow_bonus":"","is_daily":false,"chose_seed":false,"campfire_upgraded":0,"win_rate":0.0,"timestamp":1613218203,"path_taken":["M","?","?","M","?","R","?","E"],"items_purchased_type":[],"build_version":"2020-12-22","purchased_purges":0,"victory":false,"max_hp_per_floor":[75,85,85,85,85,85,85,85,85],"relic_stats":{"counters":[4,15],"Tiny Chest":0,"obtain_stats":[{"KeepersGift":0,"Lantern":1,"testmod-TestBox":0,"Pear":2,"BookOfRevelations":7,"Baka":1,"testmod-Nyarlathotep":0,"ScarletHat":0,"conspire:InfiniteJournal":0,"Frozen Eye":0,"YumHeart":0,"Tiny Chest":2,"HushsDoor":0,"ReplayTheSpireMod:Lightbulb":4},{"KeepersGift":0,"Lantern":1,"testmod-TestBox":0,"Pear":2,"BookOfRevelations":3,"Baka":1,"testmod-Nyarlathotep":0,"ScarletHat":0,"conspire:InfiniteJournal":0,"Frozen Eye":0,"YumHeart":0,"Tiny Chest":2,"HushsDoor":0,"ReplayTheSpireMod:Lightbulb":3},{"KeepersGift":0,"Lantern":3,"testmod-TestBox":0,"Pear":10,"BookOfRevelations":14,"Baka":3,"testmod-Nyarlathotep":0,"ScarletHat":0,"conspire:InfiniteJournal":0,"Frozen Eye":0,"YumHeart":0,"Tiny Chest":10,"HushsDoor":0,"ReplayTheSpireMod:Lightbulb":14}]},"card_choices":[{"not_picked":[],"picked":"BloodyBrimstone","floor":0}],"player_experience":348148,"relics_obtained":[{"floor":1,"key":"Lantern"},{"floor":1,"key":"Baka"},{"floor":2,"key":"Pear"},{"floor":2,"key":"Tiny Chest"},{"floor":4,"key":"ReplayTheSpireMod:Lightbulb"},{"floor":7,"key":"BookOfRevelations"}],"event_choices":[{"damage_healed":21,"gold_gain":0,"player_choice":"Healed","damage_taken":0,"max_hp_gain":0,"max_hp_loss":0,"event_name":"The Cleric","floor":5,"gold_loss":35}],"is_beta":false,"boss_relics":[],"items_purged_floors":[],"is_endless":true,"potions_floor_spawned":[1,4],"killed_by":"Gremlin Nob","ascension_level":0}}