{"host":"eeb412nj2w7f9cz8","time":1613206119,"event":{"mods":["ATMod(°¢èªMod)","Act Like it!","BaseMod","Minty Spire (QoL Compilation)","StSLib"],"gold_per_floor":[215,232,246,259,273,273,285,301,352,352,352,363,381,411,411,506,506,486,506,517,517,517,517,517,517],"floor_reached":24,"language":"ZHS","playtime":1776,"items_purged":[],"score":246,"play_id":"31a410f7-e75b-4c17-b825-be4328172da5","local_time":"20210213164839","is_ascension_mode":false,"campfire_choices":[{"data":"AT_ThunderBolt","floor":6.0,"key":"SMITH"},{"data":"AT_FamilyPortrait","floor":11.0,"key":"SMITH"},{"data":"Zap","floor":15.0,"key":"SMITH"},{"data":"AT_RightCognition","floor":23,"key":"SMITH"}],"circlet_count":0,"master_deck":["Zap+1","Dualcast","AT_FamilyPortrait+1","AT_ThunderBolt+1","Force Field","Hello World","Force Field","AT_RightCognition+1","Sunder","Thunder Strike","Core Surge","Rip and Tear","Self Repair","Chaos","Multi-Cast","Loop","Storm","Rebound","Genetic Algorithm"],"relics":["Cracked Core","AT_ATBox","Oddly Smooth Stone","Pandora\u0027s Box"],"acts_visited":["Exordium","TheCity"],"potions_floor_usage":[20,24],"damage_taken":[{"damage":5.0,"enemies":"Jaw Worm","floor":1.0,"turns":3.0},{"damage":1.0,"enemies":"Cultist","floor":2.0,"turns":3.0},{"damage":8.0,"enemies":"Small Slimes","floor":3.0,"turns":4.0},{"damage":4.0,"enemies":"Looter","floor":4.0,"turns":4.0},{"damage":3.0,"enemies":"Red Slaver","floor":5.0,"turns":2.0},{"damage":16.0,"enemies":"Large Slime","floor":7.0,"turns":3.0},{"damage":16.0,"enemies":"Lots of Slimes","floor":8.0,"turns":3.0},{"damage":0.0,"enemies":"2 Fungi Beasts","floor":12.0,"turns":1.0},{"damage":0.0,"enemies":"Looter","floor":13.0,"turns":2.0},{"damage":2.0,"enemies":"Large Slime","floor":14.0,"turns":7.0},{"damage":0.0,"enemies":"The Guardian","floor":16.0,"turns":10.0},{"damage":35.0,"enemies":"2 Thieves","floor":18.0,"turns":4.0},{"damage":10.0,"enemies":"Chosen","floor":19.0,"turns":5.0},{"damage":34,"enemies":"3 Cultists","floor":20,"turns":5},{"damage":22,"enemies":"Book of Stabbing","floor":24,"turns":3}],"seed_played":"1785234941936173738","potions_obtained":[{"floor":1.0,"key":"ColorlessPotion"},{"floor":4.0,"key":"LiquidBronze"},{"floor":5.0,"key":"SteroidPotion"},{"floor":13.0,"key":"Weak Potion"},{"floor":18.0,"key":"BlessingOfTheForge"},{"floor":20,"key":"Fire Potion"}],"is_trial":false,"path_per_floor":["M","M","M","M","M","R","M","M","T","?","R","M","M","M","R","B",null,"M","M","M","?","?","R","E"],"character_chosen":"DEFECT","items_purchased":[],"campfire_rested":0,"item_purchase_floors":[],"current_hp_per_floor":[70,69,61,57,54,54,38,22,22,22,22,22,22,20,20,20,75,47,44,20,20,20,20,0,0],"gold":517,"neow_bonus":"HUNDRED_GOLD","is_daily":false,"chose_seed":false,"campfire_upgraded":4,"win_rate":0.0,"timestamp":1613206119,"path_taken":["M","M","M","M","M","R","M","M","T","?","R","M","M","M","R","BOSS","M","M","M","?","?","R","E"],"items_purchased_type":[],"build_version":"2020-12-22","purchased_purges":0,"victory":false,"max_hp_per_floor":[75,75,75,75,75,75,75,75,75,75,75,75,75,75,75,75,75,75,75,75,75,75,75,75,75],"card_choices":[{"not_picked":["Barrage","Coolheaded","Hologram"],"picked":"SKIP","floor":1.0},{"not_picked":["Barrage","Rebound","Sunder"],"picked":"SKIP","floor":2.0},{"not_picked":["Glacier","Sweeping Beam"],"picked":"AT_ThunderBolt","floor":3.0},{"not_picked":["Hologram","Gash"],"picked":"Streamline","floor":4.0},{"not_picked":["Go for the Eyes","Steam","Barrage"],"picked":"SKIP","floor":5.0},{"not_picked":["Hyperbeam","Stack"],"picked":"Force Field","floor":7.0},{"not_picked":["Compile Driver","AT_ThunderBolt"],"picked":"Hello World","floor":8.0},{"not_picked":["Skim","Hello World","Lockon"],"picked":"SKIP","floor":12.0},{"not_picked":["Ball Lightning","Sweeping Beam","Gash"],"picked":"SKIP","floor":13.0},{"not_picked":["Rebound","Hello World"],"picked":"Force Field","floor":14.0},{"not_picked":["Buffer","Seek"],"picked":"AT_RightCognition","floor":16.0},{"not_picked":["Coolheaded","AT_HeatAcrobatics"],"picked":"Loop","floor":18.0},{"not_picked":["Cold Snap","Conserve Battery"],"picked":"Storm","floor":19.0},{"not_picked":["Beam Cell","AT_HeatAcrobatics","Steam"],"picked":"SKIP","floor":20}],"player_experience":88208,"relics_obtained":[],"event_choices":[{"damage_healed":0.0,"max_hp_gain":0.0,"max_hp_loss":0.0,"gold_gain":0.0,"event_name":"WeMeetAgain","player_choice":"Gave Potion","floor":10.0,"gold_loss":0.0,"damage_taken":0.0,"relics_obtained":["Oddly Smooth Stone"]},{"damage_healed":0,"gold_gain":0,"player_choice":"Ignored","damage_taken":0,"max_hp_gain":0,"max_hp_loss":0,"event_name":"Ghosts","floor":21,"gold_loss":0},{"damage_healed":0,"gold_gain":0,"cards_transformed":["AT_EMC2","Streamline"],"player_choice":"Became Test Subject","damage_taken":0,"max_hp_gain":0,"max_hp_loss":0,"event_name":"Drug Dealer","floor":22,"gold_loss":0,"cards_obtained":["Rebound","Genetic Algorithm"]}],"is_beta":false,"boss_relics":[{"not_picked":["Black Star","Empty Cage"],"picked":"Pandora\u0027s Box"}],"items_purged_floors":[],"is_endless":false,"potions_floor_spawned":[1,4,5,13,18,20],"killed_by":"Book of Stabbing","ascension_level":0}}