{"host":"knk89g45d3vzr5fm","time":1613220279,"event":{"mods":["2.2 Compatiblity","BaseMod","Downfall","Minty Spire (QoL Compilation)","Relic Stats","Reliquary","Replay The Spire","StSLib","The Marked"],"gold_per_floor":[99,109,127,141,152,152,198,262,286,320,35,61,61,61,77,77,77,77],"floor_reached":16,"language":"FRA","playtime":890,"items_purged":["sneckomod:Strike"],"score":149,"play_id":"76fbd359-889e-4842-b38b-41b71a39e6cb","local_time":"20210213134439","is_ascension_mode":true,"campfire_choices":[{"floor":1,"key":"DIG"},{"data":"sneckomod:Unknown","floor":6,"key":"SMITH"}],"circlet_count":0,"master_deck":["sneckomod:Strike","sneckomod:Strike+1","sneckomod:Defend","sneckomod:Defend+1","sneckomod:Defend","sneckomod:TailWhip+1","sneckomod:SnekBite","sneckomod:Unknown+1","sneckomod:Unknown","sneckomod:ImprovisedGuard","sneckomod:UnknownUncommonSkill","sneckomod:UnendingSupply+1","sneckomod:CheapStock","sneckomod:ImprovisedGuard","sneckomod:Nope+1","sneckomod:UnknownUncommonPower","sneckomod:PureSnecko","expansioncontent:Hexaburn","sneckomod:QuickBite","sneckomod:UnknownClassSLIMEBOUND","sneckomod:CheapStock","sneckomod:MixItUp","sneckomod:DiceBlock","downfall:Malfunctioning","sneckomod:SoulRoll"],"relics":["SacredBark","Art of War","sneckomod:BlankCard","Whetstone","reliquary:SharkskinSheath","reliquary:Stiletto","BargainBundle","reliquary:Knoch"],"acts_visited":["Exordium"],"potions_floor_usage":[5,8,12,12,15,16],"damage_taken":[{"damage":0,"enemies":"Jaw Worm","floor":2,"turns":3},{"damage":0,"enemies":"2 Louse","floor":3,"turns":5},{"damage":1,"enemies":"Cultist","floor":4,"turns":4},{"damage":0,"enemies":"Lots of Slimes","floor":5,"turns":1},{"damage":30,"enemies":"3 Sentries","floor":8,"turns":5},{"damage":35,"enemies":"3 Sentries","floor":10,"turns":10},{"damage":5,"enemies":"downfall:FleeingMerchant","floor":11,"turns":4},{"damage":7,"enemies":"Gremlin Nob","floor":12,"turns":3},{"damage":5,"enemies":"2 Fungi Beasts","floor":15,"turns":2},{"damage":14,"enemies":"DF_ARCHETYPE_STREAMLINE","floor":16,"turns":6}],"seed_played":"4966504345524460676","potions_obtained":[{"floor":3,"key":"FairyPotion"},{"floor":4,"key":"Explosive Potion"},{"floor":5,"key":"SneckoOil"},{"floor":14,"key":"downfall:CursedFountainPotion"},{"floor":15,"key":"SteroidPotion"}],"is_trial":false,"path_per_floor":["R","M","M","M","M","R","T","?","T","E","$","E","?","?","M","B"],"character_chosen":"THE_SNECKO","items_purchased":["sneckomod:PureSnecko","BargainBundle","expansioncontent:Hexaburn","sneckomod:QuickBite","sneckomod:UnknownClassSLIMEBOUND","sneckomod:CheapStock","PowerPotion","sneckomod:DiceRollPotion","sneckomod:MixItUp"],"campfire_rested":0,"item_purchase_floors":[11,11,11,11,11,11,11,11,11],"current_hp_per_floor":[81,81,81,80,80,80,80,50,50,30,25,18,18,18,13,0,0,0],"gold":77,"neow_bonus":"BOSS_RELIC","is_daily":false,"chose_seed":false,"campfire_upgraded":1,"win_rate":0.0,"timestamp":1613220279,"path_taken":["R","M","M","M","M","R","T","?","?","E","$","E","?","?","M","BOSS"],"items_purchased_type":["Card","Relic","Card","Card","Card","Card","Potion","Potion","Card"],"build_version":"2020-12-22","purchased_purges":1,"victory":false,"max_hp_per_floor":[90,90,90,90,90,90,90,90,90,90,90,90,90,90,90,90,90,90],"relic_stats":{"counters":[10,43],"Art of War":[6],"Whetstone":["sneckomod:TailWhip","sneckomod:Strike"],"obtain_stats":[{"BargainBundle":11,"SacredBark":0,"sneckomod:BlankCard":7,"reliquary:Stiletto":10,"Art of War":1,"Whetstone":8,"reliquary:Knoch":12,"sneckomod:SneckoSoul":0,"reliquary:SharkskinSheath":9},{"BargainBundle":7,"SacredBark":0,"sneckomod:BlankCard":4,"reliquary:Stiletto":6,"Art of War":0,"Whetstone":5,"reliquary:Knoch":8,"sneckomod:SneckoSoul":0,"reliquary:SharkskinSheath":5},{"BargainBundle":32,"SacredBark":0,"sneckomod:BlankCard":13,"reliquary:Stiletto":28,"Art of War":0,"Whetstone":18,"reliquary:Knoch":35,"sneckomod:SneckoSoul":0,"reliquary:SharkskinSheath":18}]},"card_choices":[{"not_picked":["sneckomod:SoulDraw","sneckomod:UnknownClassGUARDIAN"],"picked":"sneckomod:ImprovisedGuard","floor":2},{"not_picked":["sneckomod:RainOfDice","sneckomod:UnknownClassBLUE"],"picked":"sneckomod:UnknownUncommonSkill","floor":3},{"not_picked":["sneckomod:UnknownClassGREEN","sneckomod:Unknown2Cost"],"picked":"sneckomod:UnendingSupply","floor":4},{"not_picked":["sneckomod:UnknownCommonAttack","sneckomod:WideSting"],"picked":"sneckomod:CheapStock","floor":5},{"not_picked":["sneckomod:UnknownStrike","sneckomod:UnknownClassTHE_BRONZE_AUTOMATON"],"picked":"sneckomod:ImprovisedGuard","floor":8},{"not_picked":["sneckomod:IronFang","sneckomod:Unknown2Cost"],"picked":"sneckomod:Nope","floor":10},{"not_picked":["sneckomod:UnknownClassSLIMEBOUND","sneckomod:Cheat"],"picked":"sneckomod:UnknownUncommonPower","floor":11},{"not_picked":["sneckomod:MixItUp","sneckomod:DefensiveFlair"],"picked":"sneckomod:DiceBlock","floor":12},{"not_picked":["sneckomod:UnknownClassBLUE","sneckomod:QuickMove"],"picked":"sneckomod:SoulRoll","floor":15}],"player_experience":2125212,"relics_obtained":[{"floor":1,"key":"Art of War"},{"floor":7,"key":"sneckomod:BlankCard"},{"floor":8,"key":"Whetstone"},{"floor":9,"key":"reliquary:SharkskinSheath"},{"floor":10,"key":"reliquary:Stiletto"},{"floor":12,"key":"reliquary:Knoch"}],"event_choices":[],"is_beta":false,"boss_relics":[],"items_purged_floors":[11],"is_endless":false,"potions_floor_spawned":[3,4,5,15],"killed_by":"DF_ARCHETYPE_STREAMLINE","ascension_level":7}}