{"host":"0ssbae92yp6998o9","time":1613211180,"event":{"mods":["ATMod(°¢èªMod)","BaseMod","Marisa£¨ìFÓê¡¡Ä§ÀíÉ³£©","Minty Spire (QoL Compilation)","READ ME - Guardian Mod","Shop Mod","Spicy Shops","StSLib","The Marked","Waifu the Spire"],"gold_per_floor":[118,118,25,42,42,74,88,98,123,123,123,123,151,4,4,101,101,121,137,137,153,252,384,309,309,391,518,635,648,648,659,659,863,863,878,1028,1048,1048,1093,1218,1218,1353,1353,1363,1507,1528,1528,1555,1555,1755,1755,1755,292,535,635],"floor_reached":56,"language":"ZHT","playtime":6463,"items_purged":["Strike_MRS","Clumsy"],"score":1487,"play_id":"efe59470-eca0-43c2-a873-99d62c12f6e8","local_time":"20210213181300","is_ascension_mode":false,"campfire_choices":[{"data":"UltimateShortwave","floor":10.0,"key":"SMITH"},{"data":"AT_FamilyPortrait","floor":12.0,"key":"SMITH"},{"data":"StarDustReverie","floor":15.0,"key":"SMITH"},{"data":"UltimateShortwave","floor":30.0,"key":"SMITH"},{"data":"Acceleration","floor":32.0,"key":"SMITH"},{"data":"1","floor":47.0,"key":"LIFT"},{"floor":49.0,"key":"RECALL"},{"data":"2","floor":52.0,"key":"LIFT"}],"circlet_count":0,"master_deck":["Strike_MRS","Defend_MRS","Defend_MRS","Defend_MRS","Defend_MRS","MasterSpark","UpSweep","AT_FamilyPortrait+1","MillisecondPulsars","ManaConvection","UltimateShortwave+1","OpenUniverse","ChargingUp","StarDustReverie+1","UltimateShortwave+1","CurseOfTheBell","PulseMagic+1","Ghostly","Ghostly","Ghostly","Ghostly","Ghostly","PropBag","MagicAbsorber+1","ChargingUp","Acceleration+1","IllusionStar+1","PropBag","Impatience","Magnetism","Forethought","ShootTheMoon","Madness","Madness","OpenUniverse+1","OortCloud+1","Occultation","EarthLightRay+1","OortCloud+1","OneTimeOff+1"],"relics":["MiniHakkero","AT_ATBox","NeowsBlessing","Pen Nib","Centennial Puzzle","AT_BladeRuinedKing","AT_SunfireAegis","AT_EbonyIvory","Calling Bell","Vajra","Pantograph","AT_TheCollector","Akabeko","Potion Belt","Black Star","Girya","Letter Opener","AT_BellDemon","Nunchaku","Gambling Chip","Bottled Flame","Regal Pillow","Bag of Marbles","CeramicFish","SimpleLauncher","HandmadeGrimoire","AT_Manta","CaptainsWheel","Boot","OrangePellets","Ornamental Fan","AT_SpeedBoots"],"acts_visited":["Exordium","TheCity","TheBeyond","TheEnding"],"potions_floor_usage":[55,55,55,55,55,55,55],"damage_taken":[{"damage":0.0,"enemies":"Jaw Worm","floor":1.0,"turns":1.0},{"damage":0.0,"enemies":"Cultist","floor":4.0,"turns":1.0},{"damage":0.0,"enemies":"Lagavulin","floor":6.0,"turns":1.0},{"damage":2.0,"enemies":"2 Louse","floor":7.0,"turns":3.0},{"damage":14.0,"enemies":"Exordium Wildlife","floor":8.0,"turns":3.0},{"damage":24.0,"enemies":"3 Sentries","floor":13.0,"turns":5.0},{"damage":19.0,"enemies":"Hexaghost","floor":16.0,"turns":4.0},{"damage":15.0,"enemies":"2 Thieves","floor":18.0,"turns":3.0},{"damage":0.0,"enemies":"3 Byrds","floor":19.0,"turns":1.0},{"damage":3.0,"enemies":"Snecko","floor":21.0,"turns":4.0},{"damage":27.0,"enemies":"Slavers","floor":23.0,"turns":2.0},{"damage":3.0,"enemies":"Book of Stabbing","floor":27.0,"turns":5.0},{"damage":0.0,"enemies":"Sentry and Sphere","floor":28.0,"turns":4.0},{"damage":0.0,"enemies":"Snake Plant","floor":29.0,"turns":4.0},{"damage":3.0,"enemies":"Cultist and Chosen","floor":31.0,"turns":4.0},{"damage":22.0,"enemies":"Automaton","floor":33.0,"turns":5.0},{"damage":6.0,"enemies":"3 Darklings","floor":35.0,"turns":5.0},{"damage":1.0,"enemies":"Mind Bloom Boss Battle","floor":36.0,"turns":4.0},{"damage":1.0,"enemies":"Orb Walker","floor":37.0,"turns":2.0},{"damage":3.0,"enemies":"Sphere and 2 Shapes","floor":39.0,"turns":5.0},{"damage":1.0,"enemies":"Giant Head","floor":40.0,"turns":5.0},{"damage":0.0,"enemies":"Reptomancer","floor":42.0,"turns":5.0},{"damage":1.0,"enemies":"Writhing Mass","floor":44.0,"turns":3.0},{"damage":1.0,"enemies":"Giant Head","floor":45.0,"turns":5.0},{"damage":3.0,"enemies":"Jaw Worm Horde","floor":46.0,"turns":4.0},{"damage":1.0,"enemies":"Maw","floor":48.0,"turns":7.0},{"damage":28.0,"enemies":"Donu and Deca","floor":50.0,"turns":7.0},{"damage":0,"enemies":"Shield and Spear","floor":54,"turns":5},{"damage":30,"enemies":"The Heart","floor":55,"turns":7}],"seed_played":"4647431958556813635","potions_obtained":[{"floor":4.0,"key":"EntropicBrew"},{"floor":19.0,"key":"CultistPotion"},{"floor":23.0,"key":"GamblersBrew"},{"floor":29.0,"key":"SpeedPotion"},{"floor":35.0,"key":"Fire Potion"},{"floor":39.0,"key":"EntropicBrew"},{"floor":44.0,"key":"Weak Potion"}],"is_trial":false,"path_per_floor":["M","?","$","M","?","E","M","M","T","R","?","R","E","$","R","B",null,"M","M","$","M","?","E","$","?","T","E","M","M","R","M","R","B",null,"M","?","M","?","M","E","?","E","T","M","E","M","R","M","R","B",null,"R","$","E","B",null],"character_chosen":"MARISA","items_purchased":["MillisecondPulsars","AT_EbonyIvory","SimpleLauncher","HandmadeGrimoire","AT_Manta","CultistPotion","CaptainsWheel","Boot","OrangePellets"],"campfire_rested":0,"item_purchase_floors":[3,14,53,53,53,53,53,53,53],"current_hp_per_floor":[75,75,75,75,75,75,73,59,59,59,52,52,28,28,28,9,75,60,60,60,57,57,30,30,30,30,27,27,27,27,24,24,15,37,31,36,35,25,22,21,16,16,16,27,26,23,23,28,28,24,37,37,37,37,19],"gold":635,"neow_bonus":"THREE_ENEMY_KILL","is_daily":false,"chose_seed":false,"campfire_upgraded":5,"win_rate":0.0,"timestamp":1613211180,"path_taken":["M","?","?","?","?","E","?","M","T","R","?","R","E","?","R","BOSS","M","M","$","M","?","E","$","?","T","E","M","M","R","M","R","BOSS","M","?","M","?","M","E","?","E","T","M","E","M","R","M","R","BOSS","R","$","E","BOSS"],"items_purchased_type":["Card","Relic","Relic","Relic","Relic","Potion","Relic","Relic","Relic"],"build_version":"2020-12-22","purchased_purges":2,"victory":true,"max_hp_per_floor":[75,75,75,75,75,75,75,75,75,75,75,75,75,75,75,75,75,75,75,75,75,75,75,75,37,37,37,37,37,37,37,37,37,37,37,37,37,37,37,37,37,37,37,37,37,37,37,37,37,37,37,37,37,37,37],"card_choices":[{"not_picked":["AsteroidBelt","NonDirectionalLaser"],"picked":"PowerUp","floor":1.0},{"not_picked":["AlicesGift","WitchLeyline"],"picked":"ManaConvection","floor":4.0},{"not_picked":["OortCloud","ChargeUpSpray"],"picked":"UltimateShortwave","floor":6.0},{"not_picked":["LuminesStrike","MilkyWay"],"picked":"OpenUniverse","floor":7.0},{"not_picked":["SporeBomb","RefractionSpark"],"picked":"ChargingUp","floor":8.0},{"not_picked":["StarBarrage","SporeBomb"],"picked":"StarDustReverie","floor":13.0},{"not_picked":["CasketOfStar","EscapeVelocity"],"picked":"UltimateShortwave","floor":16.0},{"not_picked":["MilkyWay","UnstableBomb","WitchLeyline"],"picked":"SKIP","floor":18.0},{"not_picked":["DC","DarkMatter","MysteriousBeam"],"picked":"SKIP","floor":19.0},{"not_picked":["NonDirectionalLaser","JA","WitchLeyline"],"picked":"SKIP","floor":21.0},{"not_picked":["UnstableBomb","MysteriousBeam"],"picked":"PulseMagic+1","floor":23.0},{"not_picked":["WitchOfGreed","RefractionSpark"],"picked":"PropBag","floor":27.0},{"not_picked":["StarBarrage","BlazeAway"],"picked":"MagicAbsorber+1","floor":28.0},{"not_picked":["MagicAbsorber","NonDirectionalLaser"],"picked":"ChargingUp","floor":29.0},{"not_picked":["LuminesStrike","BlazeAway"],"picked":"Acceleration","floor":31.0},{"not_picked":["GravityBeat","NonDirectionalLaser+1","IllusionStar"],"picked":"SKIP","floor":35.0},{"not_picked":["DC","SporeBomb"],"picked":"IllusionStar+1","floor":36.0},{"not_picked":["ShootingEcho+1","OpenUniverse"],"picked":"PropBag","floor":37.0},{"not_picked":["Chrysalis","Flash of Steel"],"picked":"Impatience","floor":38.0},{"not_picked":["Secret Weapon","Good Instincts"],"picked":"Magnetism","floor":38.0},{"not_picked":["PanicButton","Secret Technique"],"picked":"Forethought","floor":38.0},{"not_picked":["DragonMeteor","NonDirectionalLaser+1","IllusionStar"],"picked":"SKIP","floor":39.0},{"not_picked":["MachineGunSpark","DeepEcoloBomb+1"],"picked":"ShootTheMoon","floor":40.0},{"not_picked":["IllusionStar+1","AsteroidBelt+1"],"picked":"OpenUniverse+1","floor":42.0},{"not_picked":["GalacticHalo+1","DarkMatter+1"],"picked":"OortCloud+1","floor":44.0},{"not_picked":["MillisecondPulsars","ChargeUpSpray"],"picked":"Occultation","floor":45.0},{"not_picked":["ShootingEcho","DC"],"picked":"EarthLightRay+1","floor":46.0},{"not_picked":["DragonMeteor","UnstableBomb+1"],"picked":"OortCloud+1","floor":48.0},{"not_picked":["MachineGunSpark","ShootingEcho+1"],"picked":"OneTimeOff+1","floor":54}],"player_experience":267266,"relics_obtained":[{"floor":6.0,"key":"Centennial Puzzle"},{"floor":9.0,"key":"AT_BladeRuinedKing"},{"floor":13.0,"key":"AT_SunfireAegis"},{"floor":17.0,"key":"Vajra"},{"floor":17.0,"key":"Pantograph"},{"floor":17.0,"key":"AT_TheCollector"},{"floor":23.0,"key":"Akabeko"},{"floor":27.0,"key":"Potion Belt"},{"floor":36.0,"key":"Girya"},{"floor":40.0,"key":"Letter Opener"},{"floor":40.0,"key":"AT_BellDemon"},{"floor":42.0,"key":"Nunchaku"},{"floor":42.0,"key":"Gambling Chip"},{"floor":43.0,"key":"Bottled Flame"},{"floor":44.0,"key":"Regal Pillow"},{"floor":45.0,"key":"Bag of Marbles"},{"floor":45.0,"key":"CeramicFish"},{"floor":54,"key":"Ornamental Fan"},{"floor":54,"key":"AT_SpeedBoots"}],"event_choices":[{"cards_removed":["Strike_MRS"],"damage_healed":0.0,"max_hp_gain":0.0,"max_hp_loss":0.0,"gold_gain":0.0,"event_name":"Purifier","player_choice":"Purged","floor":2.0,"gold_loss":0.0,"damage_taken":0.0},{"cards_removed":["PowerUp"],"damage_healed":0.0,"max_hp_gain":0.0,"max_hp_loss":0.0,"gold_gain":0.0,"event_name":"WeMeetAgain","player_choice":"Gave Card","floor":5.0,"gold_loss":0.0,"damage_taken":0.0,"relics_obtained":["Pen Nib"]},{"cards_removed":["Strike_MRS"],"damage_healed":0.0,"max_hp_gain":0.0,"max_hp_loss":0.0,"gold_gain":0.0,"event_name":"Golden Wing","player_choice":"Card Removal","floor":11.0,"gold_loss":0.0,"damage_taken":7.0},{"damage_healed":0.0,"max_hp_gain":0.0,"max_hp_loss":0.0,"gold_gain":99.0,"event_name":"Nest","player_choice":"Stole From Cult","floor":22.0,"gold_loss":0.0,"damage_taken":0.0},{"damage_healed":0.0,"max_hp_gain":0.0,"max_hp_loss":38.0,"gold_gain":0.0,"event_name":"Ghosts","player_choice":"Became a Ghost","floor":25.0,"gold_loss":0.0,"damage_taken":0.0,"cards_obtained":["Ghostly","Ghostly","Ghostly","Ghostly","Ghostly"]},{"damage_healed":0.0,"max_hp_gain":0.0,"max_hp_loss":0.0,"gold_gain":0.0,"event_name":"MindBloom","player_choice":"Fight","floor":36.0,"gold_loss":0.0,"damage_taken":0.0},{"damage_healed":0.0,"max_hp_gain":0.0,"max_hp_loss":0.0,"gold_gain":0.0,"event_name":"SensoryStone","player_choice":"Memory 3","floor":38.0,"gold_loss":0.0,"damage_taken":10.0},{"damage_healed":0.0,"max_hp_gain":0.0,"max_hp_loss":0.0,"gold_gain":0.0,"event_name":"Winding Halls","player_choice":"Embrace Madness","floor":41.0,"gold_loss":0.0,"damage_taken":5.0,"cards_obtained":["Madness","Madness"]}],"is_beta":false,"boss_relics":[{"not_picked":["Empty Cage","Philosopher\u0027s Stone"],"picked":"Calling Bell"},{"not_picked":["Coffee Dripper","Snecko Eye"],"picked":"Black Star"}],"items_purged_floors":[24,53],"is_endless":false,"potions_floor_spawned":[4,7,16,19,23,29,35,39,40,44,45,54],"ascension_level":0}}