{"host":"kwyq3wo3fj8d4s27","time":1613185830,"event":{"mods":["BaseMod","Colored Map","Highlight Path","Minty Spire (QoL Compilation)","Shop Mod","StSLib"],"gold_per_floor":[119,119,30,321,321,321,331,362,362,362,362,380,407,1418,1418,1519,1519,1539,1539,1539,1553,1566,1601,1616,1641,1668,1678,1708,1708,941,961,961,1060,1060,1079,783,794,809,0,1533,1533,1533,1533,1533,1561,1571,1587,640,640,640],"floor_reached":51,"language":"ENG","playtime":2791,"items_purged":["Strike_B","Strike_B","Strike_B","Defend_B","Strike_B+1"],"score":925,"play_id":"fe60dccd-ea53-430e-9117-106b45afc8e8","local_time":"20210212191030","is_ascension_mode":false,"campfire_choices":[{"data":"Coolheaded","floor":6,"key":"SMITH"},{"data":"Loop","floor":10,"key":"SMITH"},{"data":"Capacitor","floor":15,"key":"SMITH"},{"data":"Redo","floor":29,"key":"SMITH"},{"data":"Blizzard","floor":32,"key":"SMITH"},{"data":"Consume","floor":41,"key":"SMITH"},{"data":"Dualcast","floor":44,"key":"SMITH"},{"data":"Zap","floor":49,"key":"SMITH"}],"circlet_count":0,"master_deck":["Defend_B","Defend_B","Defend_B","Zap+1","Dualcast+1","Coolheaded+1","Madness","Capacitor+1","Loop+1","Machine Learning","Redo+1","Electrodynamics","Barrage+1","Coolheaded+1","Conserve Battery","Consume+1","Defragment+1","Blizzard+1","Defragment+1"],"relics":["Cracked Core","NeowsBlessing","MerchantsRug","StoneCalendar","HornCleat","Toy Ornithopter","Mango","Sling","Bag of Marbles","Centennial Puzzle","Darkstone Periapt","Incense Burner","Inserter","Nloth\u0027s Gift","Torii","Whetstone","Lantern","Eternal Feather","Juzu Bracelet","Ice Cream","Lee\u0027s Waffle","Coffee Dripper","Regal Pillow","Red Mask","Molten Egg 2","Mercury Hourglass","Happy Flower","ClockworkSouvenir","Frozen Egg 2","Pocketwatch"],"acts_visited":["Exordium","TheCity","TheBeyond"],"potions_floor_usage":[50],"damage_taken":[{"damage":0,"enemies":"2 Louse","floor":1,"turns":1},{"damage":0,"enemies":"Cultist","floor":7,"turns":1},{"damage":0,"enemies":"Gremlin Nob","floor":8,"turns":1},{"damage":0,"enemies":"Small Slimes","floor":12,"turns":4},{"damage":7,"enemies":"Lagavulin","floor":13,"turns":7},{"damage":15,"enemies":"Exordium Wildlife","floor":14,"turns":6},{"damage":28,"enemies":"Slime Boss","floor":16,"turns":7},{"damage":10,"enemies":"Shell Parasite","floor":18,"turns":7},{"damage":25,"enemies":"3 Byrds","floor":21,"turns":4},{"damage":36,"enemies":"Snake Plant","floor":22,"turns":5},{"damage":51,"enemies":"Slavers","floor":23,"turns":5},{"damage":15,"enemies":"Cultist and Chosen","floor":24,"turns":6},{"damage":47,"enemies":"Book of Stabbing","floor":25,"turns":5},{"damage":4,"enemies":"3 Cultists","floor":27,"turns":4},{"damage":19,"enemies":"Gremlin Leader","floor":28,"turns":6},{"damage":1,"enemies":"Shelled Parasite and Fungi","floor":31,"turns":6},{"damage":20,"enemies":"Collector","floor":33,"turns":8},{"damage":14,"enemies":"3 Shapes","floor":35,"turns":3},{"damage":6,"enemies":"Orb Walker","floor":37,"turns":3},{"damage":13,"enemies":"4 Shapes","floor":38,"turns":4},{"damage":58,"enemies":"Nemesis","floor":40,"turns":7},{"damage":1,"enemies":"Giant Head","floor":45,"turns":6},{"damage":8,"enemies":"Jaw Worm Horde","floor":46,"turns":4},{"damage":9,"enemies":"Transient","floor":47,"turns":5},{"damage":17,"enemies":"Time Eater","floor":50,"turns":7}],"seed_played":"2985499847862376867","potions_obtained":[{"floor":3,"key":"Dexterity Potion"},{"floor":3,"key":"PowerPotion"},{"floor":3,"key":"Weak Potion"},{"floor":28,"key":"FocusPotion"},{"floor":33,"key":"Block Potion"},{"floor":46,"key":"Block Potion"}],"is_trial":false,"path_per_floor":["M","?","$","$","?","R","M","E","T","R","?","M","E","M","R","B",null,"M","?","?","M","M","E","M","E","T","M","E","R","$","M","R","B",null,"M","$","M","M","?","E","R","?","T","R","E","M","M","$","R","B",null],"character_chosen":"DEFECT","items_purchased":["MerchantsRug","StoneCalendar","HornCleat","Cauldron","Madness","Capacitor","Toy Ornithopter","Mango","Sling","Defragment","Juzu Bracelet","Ice Cream","Lee\u0027s Waffle","Regal Pillow","ClockworkSouvenir","Frozen Egg 2","Defragment+1","Pocketwatch"],"campfire_rested":0,"item_purchase_floors":[3,3,3,3,3,3,4,4,4,30,30,30,30,36,48,48,48,48],"current_hp_per_floor":[75,75,75,89,82,82,82,82,82,82,87,87,80,94,94,94,94,84,84,84,88,94,54,94,94,94,90,71,80,101,100,101,81,101,87,87,81,68,68,89,98,98,98,101,100,92,83,83,92,80],"gold":640,"neow_bonus":"THREE_ENEMY_KILL","is_daily":false,"chose_seed":false,"campfire_upgraded":8,"win_rate":0.0,"timestamp":1613185830,"path_taken":["M","?","?","$","?","R","M","E","T","R","?","M","E","M","R","BOSS","M","?","?","M","M","E","M","E","T","M","E","R","$","M","R","BOSS","M","$","M","M","?","E","R","?","T","R","E","M","M","$","R","BOSS"],"items_purchased_type":["Relic","Relic","Relic","Relic","Card","Card","Relic","Relic","Relic","Card","Relic","Relic","Relic","Relic","Relic","Relic","Card","Relic"],"build_version":"2020-12-22","purchased_purges":5,"victory":true,"max_hp_per_floor":[75,75,75,89,89,89,89,89,89,89,94,94,94,94,94,94,94,94,94,94,94,94,94,94,94,94,94,94,94,101,101,101,101,101,101,101,101,101,101,101,101,101,101,101,101,101,101,101,101,101],"card_choices":[{"not_picked":["Barrage","Gash"],"picked":"Coolheaded","floor":1},{"not_picked":["Glacier","Chill"],"picked":"Loop","floor":7},{"not_picked":["Leap","Storm","Stack"],"picked":"SKIP","floor":8},{"not_picked":["Melter","Ball Lightning","Hello World"],"picked":"SKIP","floor":12},{"not_picked":["Cold Snap","Streamline"],"picked":"Machine Learning","floor":13},{"not_picked":["Leap","BootSequence"],"picked":"Redo","floor":14},{"not_picked":["Seek","Biased Cognition"],"picked":"Electrodynamics","floor":16},{"not_picked":["Steam Power","Steam"],"picked":"Barrage","floor":18},{"not_picked":["Stack+1","Go for the Eyes"],"picked":"Coolheaded+1","floor":21},{"not_picked":["Steam","Tempest+1","Melter+1"],"picked":"SKIP","floor":22},{"not_picked":["Biased Cognition","Skim+1","Scrape"],"picked":"SKIP","floor":23},{"not_picked":["Sweeping Beam","Cold Snap","BootSequence+1"],"picked":"SKIP","floor":24},{"not_picked":["Biased Cognition","Barrage","Go for the Eyes"],"picked":"SKIP","floor":25},{"not_picked":["FTL","Hologram"],"picked":"Conserve Battery","floor":27},{"not_picked":["Fission","Electrodynamics"],"picked":"Consume","floor":28},{"not_picked":["Gash","Defragment"],"picked":"Blizzard","floor":31},{"not_picked":["Sweeping Beam","All For One","Compile Driver"],"picked":"SKIP","floor":35},{"not_picked":["Cold Snap+1","Steam+1","Stack+1"],"picked":"SKIP","floor":37},{"not_picked":["Chaos+1","Consume","Beam Cell"],"picked":"SKIP","floor":38},{"not_picked":["Rainbow","Biased Cognition","Genetic Algorithm"],"picked":"SKIP","floor":40},{"not_picked":["FTL+1","Hologram","Auto Shields"],"picked":"SKIP","floor":45},{"not_picked":["Reinforced Body+1","Aggregate","Tempest"],"picked":"SKIP","floor":46},{"not_picked":["Compile Driver+1","BootSequence+1","Hologram"],"picked":"SKIP","floor":47}],"player_experience":4733,"relics_obtained":[{"floor":8,"key":"Centennial Puzzle"},{"floor":9,"key":"Darkstone Periapt"},{"floor":13,"key":"Incense Burner"},{"floor":23,"key":"Torii"},{"floor":25,"key":"Whetstone"},{"floor":26,"key":"Lantern"},{"floor":28,"key":"Eternal Feather"},{"floor":40,"key":"Molten Egg 2"},{"floor":43,"key":"Mercury Hourglass"},{"floor":45,"key":"Happy Flower"}],"event_choices":[{"damage_healed":0,"gold_gain":0,"player_choice":"Ignored","damage_taken":0,"max_hp_gain":0,"max_hp_loss":0,"event_name":"NoteForYourself","floor":2,"gold_loss":0},{"damage_healed":0,"gold_gain":0,"player_choice":"Success","damage_taken":7,"relics_obtained":["Bag of Marbles"],"max_hp_gain":0,"max_hp_loss":0,"event_name":"Scrap Ooze","floor":5,"gold_loss":0},{"damage_healed":0,"gold_gain":0,"player_choice":"Donut","damage_taken":0,"max_hp_gain":5,"max_hp_loss":0,"event_name":"Big Fish","floor":11,"gold_loss":0},{"damage_healed":0,"gold_gain":0,"player_choice":"Ignored","damage_taken":0,"max_hp_gain":0,"max_hp_loss":0,"event_name":"Vampires","floor":19,"gold_loss":0},{"damage_healed":0,"gold_gain":0,"player_choice":"Traded Relic","damage_taken":0,"relics_obtained":["Nloth\u0027s Gift"],"max_hp_gain":0,"max_hp_loss":0,"event_name":"N\u0027loth","floor":20,"relics_lost":["Cauldron"],"gold_loss":0},{"damage_healed":0,"gold_gain":0,"player_choice":"Paid","damage_taken":0,"relics_obtained":["Red Mask"],"max_hp_gain":0,"max_hp_loss":0,"event_name":"Tomb of Lord Red Mask","floor":39,"gold_loss":809},{"damage_healed":0,"gold_gain":0,"player_choice":"Upgraded","damage_taken":0,"max_hp_gain":0,"max_hp_loss":0,"event_name":"Upgrade Shrine","floor":42,"gold_loss":0,"cards_upgraded":["Defragment"]}],"is_beta":false,"boss_relics":[{"not_picked":["Tiny House","Snecko Eye"],"picked":"Inserter"},{"not_picked":["Fusion Hammer","Runic Dome"],"picked":"Coffee Dripper"}],"items_purged_floors":[3,4,30,36,48],"is_endless":false,"potions_floor_spawned":[7,8,12,21,23,28,33,37,40,46],"ascension_level":0}}