{"host":"r6lqs70fdfl5jnjl","time":1613209315,"event":{"mods":["Act Like it!","BaseMod","Minty Spire (QoL Compilation)","StSLib"],"gold_per_floor":[109,284,284,284,284,284,302,316,339,357,400,423,423,444,444,568,568,551,576,597,612,612,612],"floor_reached":22,"language":"ZHS","playtime":1101,"items_purged":[],"score":240,"play_id":"da9ecfcf-376b-4809-94e0-cdcc500283d5","local_time":"20210213174155","is_ascension_mode":false,"campfire_choices":[{"data":"Tools of the Trade","floor":6.0,"key":"SMITH"},{"floor":15,"key":"REST"}],"circlet_count":0,"master_deck":["Strike_G+1","Strike_G+1","Defend_G","Defend_G","Defend_G","Defend_G","Survivor","Neutralize","Blade Dance","Tools of the Trade+1","Dagger Spray","Blade Dance","Catalyst","Prepared","Envenom+1","Blade Dance","After Image+1","Glass Knife+1","Noxious Fumes+1","Noxious Fumes+1","Infinite Blades+1","Riddle With Holes","Deadly Poison","Deadly Poison+1"],"relics":["Ring of the Snake","NeowsBlessing","Golden Idol","Whetstone","Frozen Egg 2","Astrolabe"],"acts_visited":["Exordium","TheCity"],"potions_floor_usage":[16],"damage_taken":[{"damage":0.0,"enemies":"Small Slimes","floor":1.0,"turns":1.0},{"damage":0.0,"enemies":"2 Louse","floor":7.0,"turns":1.0},{"damage":0.0,"enemies":"Jaw Worm","floor":8.0,"turns":1.0},{"damage":10.0,"enemies":"Gremlin Gang","floor":10.0,"turns":3.0},{"damage":13.0,"enemies":"Gremlin Nob","floor":11.0,"turns":3.0},{"damage":2,"enemies":"Blue Slaver","floor":12,"turns":4},{"damage":5,"enemies":"Looter","floor":14,"turns":4},{"damage":0,"enemies":"Slime Boss","floor":16,"turns":7},{"damage":21,"enemies":"2 Thieves","floor":18,"turns":4},{"damage":9,"enemies":"Chosen","floor":19,"turns":4},{"damage":20,"enemies":"Centurion and Healer","floor":20,"turns":5},{"damage":15,"enemies":"3 Cultists","floor":21,"turns":5},{"damage":6,"enemies":"Chosen and Byrds","floor":22,"turns":4}],"seed_played":"2097265318649815301","potions_obtained":[{"floor":10.0,"key":"Strength Potion"},{"floor":12,"key":"SneckoOil"},{"floor":18,"key":"GamblersBrew"},{"floor":21,"key":"FearPotion"}],"is_trial":false,"path_per_floor":["M","?","?","?","?","R","M","M","T","M","E","M","?","M","R","B",null,"M","M","M","M","M"],"character_chosen":"THE_SILENT","items_purchased":[],"campfire_rested":1,"item_purchase_floors":[],"current_hp_per_floor":[70,70,63,63,46,46,46,46,46,36,23,21,21,16,37,37,70,49,40,20,5,0,0],"gold":612,"neow_bonus":"THREE_ENEMY_KILL","is_daily":false,"chose_seed":false,"campfire_upgraded":1,"win_rate":0.0,"timestamp":1613209315,"path_taken":["M","?","?","?","?","R","M","M","T","?","E","?","?","M","R","BOSS","M","M","?","M","M"],"items_purchased_type":[],"build_version":"2020-12-22","purchased_purges":0,"victory":false,"max_hp_per_floor":[70,70,70,70,70,70,70,70,70,70,70,70,70,70,70,70,70,70,70,70,70,70,70],"card_choices":[{"not_picked":["Quick Slash","Endless Agony"],"picked":"Blade Dance","floor":1.0},{"not_picked":["Dagger Throw","Deflect"],"picked":"Dagger Spray","floor":7.0},{"not_picked":["Crippling Poison","Dodge and Roll"],"picked":"Blade Dance","floor":8.0},{"not_picked":["Slice","Deadly Poison"],"picked":"Catalyst","floor":10.0},{"not_picked":["Blade Dance","PiercingWail"],"picked":"Prepared","floor":11.0},{"not_picked":["Dodge and Roll","Bane"],"picked":"Envenom+1","floor":12},{"not_picked":["Dodge and Roll","Bouncing Flask"],"picked":"Blade Dance","floor":14},{"not_picked":["Glass Knife","Night Terror"],"picked":"After Image+1","floor":16},{"not_picked":["Prepared","Blade Dance+1"],"picked":"Infinite Blades+1","floor":18},{"not_picked":["Heel Hook","Poisoned Stab+1"],"picked":"Riddle With Holes","floor":19},{"not_picked":["Dagger Throw","Caltrops+1"],"picked":"Deadly Poison","floor":20},{"not_picked":["Quick Slash","Dagger Spray"],"picked":"Deadly Poison+1","floor":21}],"player_experience":10822,"relics_obtained":[{"floor":9.0,"key":"Whetstone"},{"floor":11.0,"key":"Frozen Egg 2"}],"event_choices":[{"damage_healed":0.0,"max_hp_gain":0.0,"max_hp_loss":0.0,"gold_gain":175.0,"event_name":"Liars Game","player_choice":"AGREE","floor":2.0,"gold_loss":0.0,"damage_taken":0.0,"cards_obtained":["Doubt"]},{"cards_removed":["Doubt"],"damage_healed":0.0,"max_hp_gain":0.0,"max_hp_loss":0.0,"gold_gain":0.0,"event_name":"Golden Wing","player_choice":"Card Removal","floor":3.0,"gold_loss":0.0,"damage_taken":7.0},{"damage_healed":0.0,"max_hp_gain":0.0,"max_hp_loss":0.0,"gold_gain":0.0,"cards_transformed":["Strike_G"],"event_name":"Living Wall","player_choice":"Change","floor":4.0,"gold_loss":0.0,"damage_taken":0.0,"cards_obtained":["Tools of the Trade"]},{"damage_healed":0.0,"max_hp_gain":0.0,"max_hp_loss":0.0,"gold_gain":0.0,"event_name":"Golden Idol","player_choice":"Take Damage","floor":5.0,"gold_loss":0.0,"damage_taken":17.0,"relics_obtained":["Golden Idol"]},{"damage_healed":0,"gold_gain":0,"player_choice":"Ignored","damage_taken":0,"max_hp_gain":0,"max_hp_loss":0,"event_name":"NoteForYourself","floor":13,"gold_loss":0}],"is_beta":false,"boss_relics":[{"not_picked":["Coffee Dripper","Ectoplasm"],"picked":"Astrolabe"}],"items_purged_floors":[],"is_endless":false,"potions_floor_spawned":[10,12,18,21],"killed_by":"Chosen and Byrds","ascension_level":0}}