{"host":"s24sb66hw4a4sfft","time":1613181633,"event":{"mods":["AchievementEnabler","BaseMod","Colored Map","Colored Powertips","Googly Eyes","Hermit","Hubris","Minty Spire (QoL Compilation)","Quick Restart","Shop Mod","StSLib"],"gold_per_floor":[111,128,128,403,421,451,431,462,498,515,515],"floor_reached":10,"language":"ENG","playtime":682,"items_purged":[],"score":70,"play_id":"749e8f1d-1935-4dac-ae18-02a06d5f58bc","local_time":"20210212210033","is_ascension_mode":false,"campfire_choices":[],"circlet_count":0,"master_deck":["hermit:Strike_Hermit","hermit:Strike_Hermit","hermit:Strike_Hermit","hermit:Strike_Hermit","hermit:Defend_Hermit","hermit:Defend_Hermit","hermit:Defend_Hermit","hermit:Defend_Hermit","hermit:Snapshot","hermit:Covet","hermit:Malice","hermit:Quickdraw","Regret","hermit:Scavenge","hermit:Snipe","hermit:Misfire","hermit:GoldenBullet"],"relics":["hermit:Momento","Centennial Puzzle","hubris:Icosahedron","MawBank","Regal Pillow"],"acts_visited":["Exordium"],"potions_floor_usage":[],"damage_taken":[{"damage":5,"enemies":"Small Slimes","floor":1,"turns":3},{"damage":1,"enemies":"Cultist","floor":2,"turns":3},{"damage":0,"enemies":"2 Louse","floor":5,"turns":2},{"damage":39,"enemies":"3 Sentries","floor":6,"turns":8},{"damage":0,"enemies":"Large Slime","floor":7,"turns":5},{"damage":23,"enemies":"Exordium Thugs","floor":8,"turns":3},{"damage":9,"enemies":"Lagavulin","floor":10,"turns":2}],"seed_played":"-8850272909291238761","potions_obtained":[{"floor":1,"key":"hermit:BlackBile"},{"floor":5,"key":"Dexterity Potion"},{"floor":7,"key":"Weak Potion"}],"is_trial":false,"path_per_floor":["M","M","?","?","M","E","M","M","T","E"],"character_chosen":"HERMIT","items_purchased":[],"campfire_rested":0,"item_purchase_floors":[],"current_hp_per_floor":[70,69,69,69,69,30,30,7,7,0,0],"gold":515,"neow_bonus":"RANDOM_COMMON_RELIC","is_daily":false,"chose_seed":false,"campfire_upgraded":0,"win_rate":0.0,"timestamp":1613181633,"path_taken":["M","M","?","?","M","E","M","M","T","E"],"items_purchased_type":[],"build_version":"2020-12-22","purchased_purges":0,"victory":false,"max_hp_per_floor":[75,75,75,75,75,75,75,75,75,75,75],"card_choices":[{"not_picked":["hermit:Manifest","hermit:ItchyTrigger"],"picked":"hermit:Malice","floor":1},{"not_picked":["hermit:Midnight","hermit:SprayPray"],"picked":"hermit:Quickdraw","floor":2},{"not_picked":["hermit:BodyArmor","hermit:TrackingShot"],"picked":"hermit:Scavenge","floor":5},{"not_picked":["hermit:Gestalt","hermit:FinalCanter"],"picked":"hermit:Snipe","floor":6},{"not_picked":["hermit:Ricochet","hermit:Brawl"],"picked":"hermit:Misfire","floor":7},{"not_picked":["hermit:Manifest","hermit:SprayPray"],"picked":"hermit:GoldenBullet","floor":8}],"player_experience":635126,"relics_obtained":[{"floor":6,"key":"MawBank"},{"floor":9,"key":"Regal Pillow"}],"event_choices":[{"damage_healed":0,"gold_gain":275,"player_choice":"Desecrate","damage_taken":0,"max_hp_gain":0,"max_hp_loss":0,"event_name":"Golden Shrine","floor":4,"gold_loss":0,"cards_obtained":["Regret"]}],"is_beta":false,"boss_relics":[],"items_purged_floors":[],"is_endless":false,"potions_floor_spawned":[1,5,7],"killed_by":"Lagavulin","ascension_level":0}}