{"host":"p2l5qekxejfprbqo","time":1613224871,"event":{"mods":["AchievementEnabler","BaseMod","BetterRewards","Colored Map","Colored Powertips","Highlight Path","Minty Spire (QoL Compilation)","Quick Restart","Rare Cards Sparkle","Shop Mod"],"gold_per_floor":[109,125,200,216,233,233,251,33,84,112,12,12,25,35,35,140,140,154,154,171,171,74,107,107,132,132,148,160,160,35,35,35,35,35],"floor_reached":33,"language":"ZHS","playtime":2213,"items_purged":["Defend_R","Strike_R","Bash"],"score":287,"play_id":"7dc84626-311c-413d-89d3-629c2db9cf61","local_time":"20210213220111","is_ascension_mode":false,"campfire_choices":[{"data":"Mayhem","floor":6,"key":"SMITH"},{"data":"Apotheosis","floor":12,"key":"SMITH"},{"data":"Seeing Red","floor":15,"key":"SMITH"},{"floor":24,"key":"REST"},{"floor":29,"key":"RECALL"},{"floor":32,"key":"REST"}],"circlet_count":0,"master_deck":["Strike_R","Strike_R","Defend_R","Mayhem+1","Good Instincts","Battle Trance","Metallicize","Headbutt","Heavy Blade","Whirlwind","Shockwave","Intimidate","Apotheosis+1","Warcry","Rage","Sword Boomerang","Seeing Red+1","Demon Form","Clash+1","Burning Pact","Exhume","Flex","Spot Weakness","Purity","Bloodletting+1","Flex+1","Dual Wield"],"relics":["Burning Blood","Omamori","Incense Burner","Bottled Flame","Empty Cage","Dream Catcher","Lantern","Darkstone Periapt"],"acts_visited":["Exordium","TheCity"],"potions_floor_usage":[23,25,27,28],"damage_taken":[{"damage":4,"enemies":"Small Slimes","floor":1,"turns":4},{"damage":6,"enemies":"Cultist","floor":2,"turns":4},{"damage":6,"enemies":"Jaw Worm","floor":4,"turns":3},{"damage":6,"enemies":"Blue Slaver","floor":5,"turns":5},{"damage":5,"enemies":"3 Louse","floor":7,"turns":3},{"damage":9,"enemies":"Gremlin Nob","floor":10,"turns":5},{"damage":3,"enemies":"Large Slime","floor":13,"turns":5},{"damage":0,"enemies":"Red Slaver","floor":14,"turns":3},{"damage":15,"enemies":"Slime Boss","floor":16,"turns":7},{"damage":10,"enemies":"Spheric Guardian","floor":18,"turns":4},{"damage":0,"enemies":"3 Byrds","floor":20,"turns":5},{"damage":42,"enemies":"Gremlin Leader","floor":23,"turns":5},{"damage":28,"enemies":"Slavers","floor":25,"turns":5},{"damage":8,"enemies":"Shelled Parasite and Fungi","floor":27,"turns":2},{"damage":15,"enemies":"Snake Plant","floor":28,"turns":5},{"damage":18,"enemies":"Colosseum Slavers","floor":31,"turns":4},{"damage":78,"enemies":"Automaton","floor":33,"turns":6}],"seed_played":"-8502537928293574705","potions_obtained":[{"floor":1,"key":"LiquidMemories"},{"floor":4,"key":"Regen Potion"},{"floor":10,"key":"BlessingOfTheForge"},{"floor":16,"key":"SmokeBomb"},{"floor":20,"key":"Regen Potion"},{"floor":23,"key":"Weak Potion"},{"floor":25,"key":"Swift Potion"}],"is_trial":false,"path_per_floor":["M","M","?","M","M","R","M","$","T","E","$","R","M","M","R","B",null,"M","?","M","?","$","E","R","E","T","M","M","R","$","?","R","B"],"character_chosen":"IRONCLAD","items_purchased":["Omamori","Incense Burner","Mayhem","Good Instincts","Battle Trance","Metallicize","Apotheosis","Warcry","Purity"],"campfire_rested":2,"item_purchase_floors":[0,0,0,0,0,0,8,8,22],"current_hp_per_floor":[80,80,72,72,72,72,73,73,73,70,70,70,73,79,79,70,80,76,76,80,80,80,56,80,65,65,63,54,54,54,42,66,0,0],"gold":35,"neow_bonus":"","is_daily":false,"chose_seed":false,"campfire_upgraded":3,"win_rate":0.0,"timestamp":1613224871,"path_taken":["M","M","?","M","M","R","M","?","T","E","$","R","?","M","R","BOSS","M","?","M","?","$","E","R","E","T","M","M","R","?","?","R","BOSS"],"items_purchased_type":["Relic","Relic","Card","Card","Card","Card","Card","Card","Card"],"build_version":"2020-12-22","purchased_purges":3,"victory":false,"max_hp_per_floor":[80,80,80,80,80,80,80,80,80,80,80,80,80,80,80,80,80,80,80,80,80,80,80,80,80,80,80,80,80,80,80,80,80,80],"card_choices":[{"not_picked":["Twin Strike","Iron Wave"],"picked":"Headbutt","floor":1},{"not_picked":["Cleave","Clash"],"picked":"Heavy Blade","floor":2},{"not_picked":["True Grit","Anger"],"picked":"Whirlwind","floor":4},{"not_picked":["Wild Strike","Thunderclap"],"picked":"Shockwave","floor":5},{"not_picked":["Headbutt","Shrug It Off"],"picked":"Intimidate","floor":7},{"not_picked":["Wild Strike","Brutality"],"picked":"Rage","floor":10},{"not_picked":["Armaments","Disarm"],"picked":"Sword Boomerang","floor":13},{"not_picked":["Armaments","Headbutt"],"picked":"Seeing Red","floor":14},{"not_picked":["Exhume","Feed"],"picked":"Demon Form","floor":16},{"not_picked":["Clothesline","Hemokinesis"],"picked":"Clash+1","floor":18},{"not_picked":["Rupture","Blood for Blood"],"picked":"Flex","floor":20},{"not_picked":["True Grit","Body Slam"],"picked":"Bloodletting+1","floor":23},{"not_picked":["Thunderclap","Clothesline","Fiend Fire"],"picked":"SKIP","floor":25},{"not_picked":["Thunderclap+1","Rampage"],"picked":"Flex+1","floor":27},{"not_picked":["True Grit","Battle Trance"],"picked":"Dual Wield","floor":28}],"player_experience":145593,"relics_obtained":[{"floor":10,"key":"Bottled Flame"},{"floor":23,"key":"Dream Catcher"},{"floor":25,"key":"Lantern"},{"floor":26,"key":"Darkstone Periapt"}],"event_choices":[{"damage_healed":0,"gold_gain":75,"player_choice":"Touch","damage_taken":8,"max_hp_gain":0,"max_hp_loss":0,"event_name":"FaceTrader","floor":3,"gold_loss":0},{"damage_healed":0,"gold_gain":0,"cards_transformed":["Strike_R","Defend_R"],"player_choice":"Became Test Subject","damage_taken":0,"max_hp_gain":0,"max_hp_loss":0,"event_name":"Drug Dealer","floor":19,"gold_loss":0,"cards_obtained":["Burning Pact","Exhume"]},{"damage_healed":0,"gold_gain":0,"player_choice":"Read","damage_taken":0,"max_hp_gain":0,"max_hp_loss":0,"event_name":"The Library","floor":21,"gold_loss":0,"cards_obtained":["Spot Weakness"]},{"damage_healed":0,"gold_gain":0,"player_choice":"Fight","damage_taken":0,"max_hp_gain":0,"max_hp_loss":0,"event_name":"Colosseum","floor":31,"gold_loss":0},{"damage_healed":0,"gold_gain":0,"player_choice":"Fled From Nobs","damage_taken":0,"max_hp_gain":0,"max_hp_loss":0,"event_name":"Colosseum","floor":31,"gold_loss":0}],"is_beta":false,"boss_relics":[{"not_picked":["Coffee Dripper","Tiny House"],"picked":"Empty Cage"}],"items_purged_floors":[0,11,30],"is_endless":false,"potions_floor_spawned":[1,4,10,16,20,23,25,31],"killed_by":"Automaton","ascension_level":0}}