{"host":"kpyf5rnb72uwap8k","time":1613202931,"event":{"mods":["AchievementEnabler","BaseMod","Colored Map","Colored Powertips","DeckTracker","Minty Spire (QoL Compilation)","Permanent Neow","Quick Restart","StSLib","SuperFastMode"],"gold_per_floor":[109,121,147,163,174,174,205,205,205,84,23,33,63,63,63,164,164,177,177,34,44,64,64,93,113,181,181,191,191,218,229,229,331,331,345,18,32,32,50,50,50,67,136,155,168,187,187,204,204,204,204],"floor_reached":50,"language":"KOR","playtime":1385,"items_purged":["Strike_P","Defend_P"],"score":578,"play_id":"1437bc0e-5efb-42c3-9976-1ec02961a518","local_time":"20210213165531","is_ascension_mode":true,"campfire_choices":[{"data":"Eruption","floor":6.0,"key":"SMITH"},{"data":"BowlingBash","floor":8.0,"key":"SMITH"},{"floor":15.0,"key":"REST"},{"data":"Ragnarok","floor":23.0,"key":"SMITH"},{"floor":27.0,"key":"REST"},{"floor":32.0,"key":"REST"},{"data":"Adaptation","floor":40,"key":"SMITH"},{"floor":49,"key":"REST"}],"circlet_count":0,"master_deck":["Defend_P+1","Defend_P","Defend_P","Eruption+1","Vigilance+1","PathToVictory","Wireheading","BowlingBash+1","Swivel","FollowUp+1","PathToVictory+1","EmptyMind+1","Ragnarok+1","TalkToTheHand+1","WheelKick+1","Necronomicurse","Adaptation+1","CurseOfTheBell","Adaptation+1","Panacea+1","Ragnarok"],"relics":["Velvet Choker","Juzu Bracelet","Sundial","Damaru","Toxic Egg 2","Question Card","Astrolabe","Necronomicon","MealTicket","Bronze Scales","Bottled Flame","Strawberry","Calling Bell","Toy Ornithopter","Blue Candle","Pocketwatch","Pen Nib","Kunai","StoneCalendar"],"acts_visited":["Exordium","TheCity","TheBeyond"],"potions_floor_usage":[33,42,50],"damage_taken":[{"damage":2.0,"enemies":"Cultist","floor":1.0,"turns":3.0},{"damage":0.0,"enemies":"Small Slimes","floor":2.0,"turns":3.0},{"damage":0.0,"enemies":"2 Louse","floor":4.0,"turns":3.0},{"damage":4.0,"enemies":"Exordium Wildlife","floor":5.0,"turns":4.0},{"damage":15.0,"enemies":"3 Sentries","floor":7.0,"turns":6.0},{"damage":0.0,"enemies":"3 Louse","floor":12.0,"turns":3.0},{"damage":0.0,"enemies":"Gremlin Nob","floor":13.0,"turns":2.0},{"damage":20.0,"enemies":"Slime Boss","floor":16.0,"turns":7.0},{"damage":0.0,"enemies":"Spheric Guardian","floor":18.0,"turns":2.0},{"damage":12.0,"enemies":"Chosen","floor":21.0,"turns":2.0},{"damage":0.0,"enemies":"Centurion and Healer","floor":22.0,"turns":2.0},{"damage":23.0,"enemies":"Slavers","floor":24.0,"turns":4.0},{"damage":0.0,"enemies":"Snecko","floor":25.0,"turns":2.0},{"damage":16.0,"enemies":"Snake Plant","floor":28.0,"turns":2.0},{"damage":3.0,"enemies":"3 Cultists","floor":31.0,"turns":3.0},{"damage":50,"enemies":"Collector","floor":33,"turns":8},{"damage":30,"enemies":"3 Darklings","floor":35,"turns":4},{"damage":15,"enemies":"3 Shapes","floor":37,"turns":4},{"damage":12,"enemies":"3 Darklings","floor":39,"turns":3},{"damage":19,"enemies":"Spire Growth","floor":42,"turns":3},{"damage":0,"enemies":"Sphere and 2 Shapes","floor":44,"turns":2},{"damage":26,"enemies":"Jaw Worm Horde","floor":45,"turns":3},{"damage":7,"enemies":"Spire Growth","floor":46,"turns":4},{"damage":4,"enemies":"3 Darklings","floor":48,"turns":2},{"damage":152,"enemies":"Awakened One","floor":50,"turns":7}],"seed_played":"-8339963770560113627","potions_obtained":[{"floor":4.0,"key":"Explosive Potion"},{"floor":12.0,"key":"FairyPotion"},{"floor":14.0,"key":"EssenceOfSteel"},{"floor":14.0,"key":"Dexterity Potion"},{"floor":31.0,"key":"Ancient Potion"},{"floor":35,"key":"Explosive Potion"},{"floor":42,"key":"Fruit Juice"}],"is_trial":false,"path_per_floor":["M","M","T","M","M","R","E","R","T","$","?","M","E","?","R","B",null,"M","?","$","M","M","R","E","M","T","R","M","?","T","M","R","B",null,"M","$","M","?","M","R","?","M","T","M","M","M","T","M","R","B"],"character_chosen":"WATCHER","items_purchased":["FollowUp","MealTicket","Adaptation","Pen Nib"],"campfire_rested":4,"item_purchase_floors":[10,20,36,36],"current_hp_per_floor":[70,70,70,70,66,66,51,51,51,51,51,51,51,51,72,52,72,72,56,56,44,44,44,21,21,21,42,26,26,33,30,53,3,79,49,64,49,89,77,77,77,68,68,68,42,35,35,31,59,0,0],"gold":204,"neow_bonus":"BOSS_RELIC","is_daily":false,"chose_seed":false,"campfire_upgraded":4,"win_rate":0.0,"timestamp":1613202931,"path_taken":["M","M","?","M","M","R","E","R","T","$","?","M","E","?","R","BOSS","M","?","$","M","M","R","E","M","T","R","M","?","?","M","R","BOSS","M","$","M","?","M","R","?","M","T","M","M","M","?","M","R","BOSS"],"items_purchased_type":["Card","Relic","Card","Relic"],"build_version":"2020-12-22","purchased_purges":2,"victory":false,"max_hp_per_floor":[72,72,72,72,72,72,72,72,72,72,72,72,72,72,72,72,72,72,72,72,72,72,72,72,72,72,72,72,72,79,79,79,79,79,79,79,79,89,89,89,89,94,94,94,94,94,94,94,94,94,94],"card_choices":[{"not_picked":["CarveReality","InnerPeace"],"picked":"PathToVictory","floor":1.0},{"not_picked":["Protect","EmptyBody"],"picked":"Wireheading","floor":2.0},{"not_picked":["LikeWater","Consecrate","DeceiveReality"],"picked":"SKIP","floor":4.0},{"not_picked":["JustLucky","WindmillStrike"],"picked":"BowlingBash","floor":5.0},{"not_picked":["Prostrate","SashWhip"],"picked":"Swivel","floor":7.0},{"not_picked":["Prostrate+1","FlurryOfBlows"],"picked":"PathToVictory+1","floor":12.0},{"not_picked":["BattleHymn","Crescendo+1"],"picked":"EmptyMind+1","floor":13.0},{"not_picked":["Brilliance","DeusExMachina+1","Scrawl+1"],"picked":"Ragnarok","floor":16.0},{"not_picked":["Study","ForeignInfluence+1","Consecrate","CrushJoints"],"picked":"SKIP","floor":18.0},{"not_picked":["PathToVictory+1","DeceiveReality+1","Conclude+1","ClearTheMind+1"],"picked":"SKIP","floor":21.0},{"not_picked":["Indignation+1","Crescendo+1","InnerPeace+1","Wallop+1"],"picked":"SKIP","floor":22.0},{"not_picked":["Perseverance+1","WaveOfTheHand+1","ForeignInfluence+1"],"picked":"Adaptation+1","floor":24.0},{"not_picked":["DeceiveReality+1","Halt+1","Evaluate+1","DevaForm"],"picked":"SKIP","floor":25.0},{"not_picked":["BowlingBash","ReachHeaven+1","Meditate+1","ThirdEye+1"],"picked":"SKIP","floor":28.0},{"not_picked":["Halt+1","ThirdEye+1","Pray+1","FollowUp"],"picked":"SKIP","floor":31.0},{"not_picked":["EmptyBody+1","PathToVictory+1","Devotion","Pray+1"],"picked":"SKIP","floor":35},{"not_picked":["FollowUp","Nirvana+1","ClearTheMind+1","Halt+1"],"picked":"SKIP","floor":37},{"not_picked":["EmptyMind+1","EmptyFist","Prostrate+1","PathToVictory+1"],"picked":"SKIP","floor":39},{"not_picked":["Conclude","Sanctity+1","Tantrum+1","Consecrate"],"picked":"SKIP","floor":42},{"not_picked":["PathToVictory+1","ClearTheMind+1","BowlingBash+1","CrushJoints"],"picked":"SKIP","floor":44},{"not_picked":["FearNoEvil","CrushJoints+1","FlurryOfBlows+1"],"picked":"Ragnarok","floor":45},{"not_picked":["Halt+1","Wireheading","BattleHymn","Wallop"],"picked":"SKIP","floor":46},{"not_picked":["FearNoEvil+1","SignatureMove","Consecrate+1","Vengeance+1"],"picked":"SKIP","floor":48}],"player_experience":267493,"relics_obtained":[{"floor":3.0,"key":"Juzu Bracelet"},{"floor":7.0,"key":"Sundial"},{"floor":9.0,"key":"Damaru"},{"floor":13.0,"key":"Question Card"},{"floor":19.0,"key":"Necronomicon"},{"floor":24.0,"key":"Bronze Scales"},{"floor":26.0,"key":"Bottled Flame"},{"floor":30.0,"key":"Strawberry"},{"floor":34,"key":"Toy Ornithopter"},{"floor":34,"key":"Blue Candle"},{"floor":34,"key":"Pocketwatch"},{"floor":43,"key":"Kunai"},{"floor":47,"key":"StoneCalendar"}],"event_choices":[{"damage_healed":0.0,"max_hp_gain":0.0,"max_hp_loss":0.0,"gold_gain":0.0,"event_name":"WeMeetAgain","player_choice":"Paid Gold","floor":11.0,"gold_loss":61.0,"damage_taken":0.0,"relics_obtained":["Toxic Egg 2"]},{"damage_healed":0.0,"max_hp_gain":0.0,"max_hp_loss":0.0,"gold_gain":0.0,"event_name":"Lab","player_choice":"Got Potions","floor":14.0,"gold_loss":0.0,"damage_taken":0.0},{"damage_healed":0.0,"max_hp_gain":0.0,"max_hp_loss":0.0,"gold_gain":0.0,"event_name":"Cursed Tome","player_choice":"Obtained Book","floor":19.0,"gold_loss":0.0,"damage_taken":16.0},{"damage_healed":0.0,"max_hp_gain":0.0,"max_hp_loss":0.0,"gold_gain":0.0,"event_name":"Vampires","player_choice":"Ignored","floor":29.0,"gold_loss":0.0,"damage_taken":0.0},{"cards_removed":["LessonLearned"],"damage_healed":30,"gold_gain":0,"player_choice":"Offered Rare","damage_taken":0,"max_hp_gain":10,"max_hp_loss":0,"event_name":"Bonfire Elementals","floor":38,"gold_loss":0},{"damage_healed":0,"gold_gain":0,"player_choice":"1 cards matched","damage_taken":0,"max_hp_gain":0,"max_hp_loss":0,"event_name":"Match and Keep!","floor":41,"gold_loss":0,"cards_obtained":["Panacea"]}],"is_beta":false,"boss_relics":[{"not_picked":["Runic Dome","Ectoplasm"],"picked":"Astrolabe"},{"not_picked":["Sozu","Cursed Key"],"picked":"Calling Bell"}],"items_purged_floors":[10,36],"is_endless":false,"potions_floor_spawned":[4,7,12,16,21,25,28,31,33,35,42,46],"killed_by":"Awakened One","ascension_level":2}}