{"host":"5y2vm16xfq9gfmb2","time":1613201068,"event":{"mods":["AchievementEnabler","BaseMod","Better Third Choice","Colored Map","Colored Powertips","DeckTracker","Marisa????????","Minty Spire (QoL Compilation)","Rare Cards Sparkle","Relic Stats","StSLib","The Alterego","The Animator","The Marked","The Servant 0.9.4"],"gold_per_floor":[119,132,132,148,30,30,62,62,141,141,176,176,193,209,209,312,312,328,343,343,357,357,357,357,371,443,443,454,472,472,489,489,489,489],"floor_reached":33,"language":"ENG","playtime":2054,"items_purged":[],"score":259,"play_id":"194b7e69-dd77-4ce7-b837-c44750dfaa88","local_time":"20210213022428","is_ascension_mode":false,"campfire_choices":[{"floor":6,"key":"RECALL"},{"data":"alterego_mod:Impale","floor":8,"key":"SMITH"},{"data":"alterego_mod:RidiculouslyBig","floor":15,"key":"SMITH"},{"floor":23,"key":"REST"},{"floor":30,"key":"REST"},{"floor":32,"key":"REST"}],"circlet_count":0,"master_deck":["alterego_mod:Strike","alterego_mod:Strike","alterego_mod:Strike","alterego_mod:Strike+1","alterego_mod:Defend","alterego_mod:Defend","alterego_mod:Defend","alterego_mod:Defend","alterego_mod:Impale+1","alterego_mod:BigMeatyClaws","alterego_mod:BrynhildrsRune","Deep Breath","alterego_mod:Swimsuit","alterego_mod:Birthday","alterego_mod:DeftHands","alterego_mod:BiFurious+1","alterego_mod:RidiculouslyBig+1","alterego_mod:BiFurious","Parasite","alterego_mod:Pet","alterego_mod:Rake","alterego_mod:Pet+1","alterego_mod:Palingenesis","CurseOfTheBell","alterego_mod:Crossover+1","alterego_mod:Cycle+1","Necronomicurse","alterego_mod:Alter+1","J.A.X.+1","alterego_mod:Birthday+1","alterego_mod:AlterEgo","alterego_mod:Belts+1","alterego_mod:Undulate+1","alterego_mod:BusterCard"],"relics":["alterego_mod:MasochisticConstitution","Blood Vial","Whetstone","Toxic Egg 2","Calling Bell","Boot","Question Card","Incense Burner","Necronomicon","Matryoshka"],"acts_visited":["Exordium","TheCity"],"potions_floor_usage":[7,16,16,33,33,33],"damage_taken":[{"damage":3,"enemies":"Cultist","floor":1,"turns":3},{"damage":11,"enemies":"Jaw Worm","floor":2,"turns":3},{"damage":5,"enemies":"Small Slimes","floor":4,"turns":4},{"damage":19,"enemies":"3 Sentries","floor":7,"turns":7},{"damage":31,"enemies":"Lagavulin","floor":11,"turns":7},{"damage":5,"enemies":"3 Louse","floor":13,"turns":4},{"damage":0,"enemies":"Large Slime","floor":14,"turns":7},{"damage":41,"enemies":"Hexaghost","floor":16,"turns":12},{"damage":14,"enemies":"Chosen","floor":18,"turns":6},{"damage":21,"enemies":"Spheric Guardian","floor":19,"turns":8},{"damage":13,"enemies":"Snake Plant","floor":21,"turns":6},{"damage":18,"enemies":"Centurion and Healer","floor":25,"turns":5},{"damage":11,"enemies":"Cultist and Chosen","floor":28,"turns":3},{"damage":3,"enemies":"Snecko","floor":29,"turns":4},{"damage":33,"enemies":"Centurion and Healer","floor":31,"turns":7},{"damage":80,"enemies":"Champ","floor":33,"turns":14}],"seed_played":"9173810328790352441","potions_obtained":[{"floor":2,"key":"BlessingOfTheForge"},{"floor":4,"key":"CultistPotion"},{"floor":13,"key":"SkillPotion"},{"floor":14,"key":"DuplicationPotion"},{"floor":28,"key":"PowerPotion"},{"floor":29,"key":"AttackPotion"}],"is_trial":false,"path_per_floor":["M","M","$","M","$","R","E","R","T","?","E","T","M","M","R","B",null,"M","M","?","M","?","R","?","M","T","?","M","M","R","M","R","B"],"character_chosen":"The_Alterego","items_purchased":["alterego_mod:BiFurious","alterego_mod:RidiculouslyBig"],"campfire_rested":3,"item_purchase_floors":[5,5],"current_hp_per_floor":[68,58,58,63,63,63,47,47,47,65,46,46,53,76,76,36,77,73,57,41,33,33,57,57,44,44,44,39,44,68,43,68,0,0],"gold":489,"neow_bonus":"RANDOM_COLORLESS","is_daily":false,"chose_seed":false,"campfire_upgraded":2,"win_rate":0.0,"timestamp":1613201068,"path_taken":["M","M","?","?","$","R","E","R","T","?","E","?","?","M","R","BOSS","M","M","?","M","?","R","?","M","T","?","M","M","R","M","R","BOSS"],"items_purchased_type":["Card","Card"],"build_version":"2020-12-22","purchased_purges":0,"victory":false,"max_hp_per_floor":[71,72,72,73,73,73,74,74,74,74,75,75,76,76,76,77,77,78,79,79,80,80,80,80,81,81,81,82,83,83,84,84,84,84],"relic_stats":{"Blood Vial":20,"counters":[16,100],"Necronomicon":[15],"Whetstone":["alterego_mod:Strike","alterego_mod:BiFurious"],"Boot":[92],"Question Card":7,"obtain_stats":[{"Blood Vial":7,"Calling Bell":17,"alterego_mod:MasochisticConstitution":0,"Matryoshka":26,"Incense Burner":17,"Necronomicon":20,"Whetstone":11,"Toxic Egg 2":12,"Boot":17,"Question Card":17},{"Blood Vial":4,"Calling Bell":8,"alterego_mod:MasochisticConstitution":0,"Matryoshka":12,"Incense Burner":8,"Necronomicon":10,"Whetstone":5,"Toxic Egg 2":5,"Boot":8,"Question Card":8},{"Blood Vial":17,"Calling Bell":47,"alterego_mod:MasochisticConstitution":0,"Matryoshka":72,"Incense Burner":47,"Necronomicon":61,"Whetstone":24,"Toxic Egg 2":24,"Boot":47,"Question Card":47}]},"card_choices":[{"not_picked":["Flash of Steel","Panacea"],"picked":"Deep Breath","floor":0},{"not_picked":["alterego_mod:1TonWallop","alterego_mod:MagicResistance"],"picked":"alterego_mod:Swimsuit","floor":1},{"not_picked":["alterego_mod:1TonWallop","alterego_mod:RocketPunch"],"picked":"alterego_mod:Birthday","floor":2},{"not_picked":["alterego_mod:Rip","alterego_mod:Punishment"],"picked":"alterego_mod:DeftHands","floor":4},{"not_picked":["alterego_mod:Bounce","alterego_mod:PresenceConcealment"],"picked":"alterego_mod:BiFurious","floor":7},{"not_picked":["alterego_mod:SuperDuperMasochism","alterego_mod:ChallengeComplete"],"picked":"alterego_mod:Pet","floor":11},{"not_picked":["alterego_mod:MagicResistance+1","alterego_mod:Skirt"],"picked":"alterego_mod:Rake","floor":13},{"not_picked":["alterego_mod:BiFurious","alterego_mod:Bounce"],"picked":"alterego_mod:Pet+1","floor":14},{"not_picked":["alterego_mod:TrickOrTreatment","alterego_mod:InsideBaseball"],"picked":"alterego_mod:Palingenesis","floor":16},{"not_picked":["alterego_mod:Pet+1","alterego_mod:Cooking+1","alterego_mod:Mirror+1"],"picked":"alterego_mod:Crossover+1","floor":18},{"not_picked":["alterego_mod:SakuraPetals","alterego_mod:Birthday+1","alterego_mod:Swimsuit"],"picked":"alterego_mod:Cycle+1","floor":19},{"not_picked":["alterego_mod:Complex","alterego_mod:Pet+1","alterego_mod:Jiggle+1"],"picked":"alterego_mod:Alter+1","floor":21},{"not_picked":["alterego_mod:Skirt","alterego_mod:1TonWallop","alterego_mod:Maid"],"picked":"alterego_mod:Birthday+1","floor":25},{"not_picked":["alterego_mod:Maid","alterego_mod:MagicResistance+1","alterego_mod:Schoolgirl+1"],"picked":"alterego_mod:Belts+1","floor":28},{"not_picked":["alterego_mod:DestructionOfProperty+1","alterego_mod:Maid","alterego_mod:Pet+1"],"picked":"alterego_mod:Undulate+1","floor":29},{"not_picked":["alterego_mod:Belts+1","alterego_mod:Clap+1","alterego_mod:Valentines+1"],"picked":"alterego_mod:BusterCard","floor":31}],"player_experience":81265,"relics_obtained":[{"floor":7,"key":"Blood Vial"},{"floor":11,"key":"Whetstone"},{"floor":12,"key":"Toxic Egg 2"},{"floor":17,"key":"Boot"},{"floor":17,"key":"Question Card"},{"floor":17,"key":"Incense Burner"},{"floor":20,"key":"Necronomicon"},{"floor":26,"key":"Matryoshka"}],"event_choices":[{"damage_healed":18,"gold_gain":0,"player_choice":"Healed and dodged fight","damage_taken":0,"max_hp_gain":0,"max_hp_loss":0,"event_name":"Mushrooms","floor":10,"gold_loss":0,"cards_obtained":["Parasite"]},{"damage_healed":0,"gold_gain":0,"player_choice":"Obtained Book","damage_taken":16,"max_hp_gain":0,"max_hp_loss":0,"event_name":"Cursed Tome","floor":20,"gold_loss":0},{"damage_healed":0,"gold_gain":0,"player_choice":"Obtain J.A.X.","damage_taken":0,"max_hp_gain":0,"max_hp_loss":0,"event_name":"Drug Dealer","floor":22,"gold_loss":0,"cards_obtained":["J.A.X."]},{"damage_healed":0,"gold_gain":0,"player_choice":"Ignored","damage_taken":0,"max_hp_gain":0,"max_hp_loss":0,"event_name":"Ghosts","floor":24,"gold_loss":0},{"damage_healed":0,"gold_gain":0,"player_choice":"Read","damage_taken":0,"max_hp_gain":0,"max_hp_loss":0,"event_name":"The Library","floor":27,"gold_loss":0,"cards_obtained":["alterego_mod:AlterEgo"]}],"is_beta":false,"boss_relics":[{"not_picked":["Cursed Key","Astrolabe"],"picked":"Calling Bell"}],"items_purged_floors":[],"is_endless":false,"potions_floor_spawned":[2,4,13,14,28,29,31],"killed_by":"Champ","ascension_level":0}}