{"host":"hi7fki77kkmhrce8","time":1613178268,"event":{"mods":["AchievementEnabler","BaseMod","Colored Map","Colored Powertips","Downfall","Minty Spire (QoL Compilation)","Relic Stats","Replay The Spire","StSLib","SuperFastMode"],"gold_per_floor":[119,119,129,129,129,156,172,172,172],"floor_reached":8,"language":"ENG","playtime":417,"items_purged":[],"score":56,"play_id":"dcbcab68-ac68-42e1-be30-411a8cd53315","local_time":"20210212200428","is_ascension_mode":false,"campfire_choices":[],"circlet_count":0,"master_deck":["Strike_R","Strike_R","Strike_R","Strike_R","Defend_R","Defend_R","Defend_R","Defend_R","Bash","ReplayTheSpireMod:Strike From Hell+1","Headbutt","Defy Death","Jack Of All Trades","ReplayTheSpireMod:Doomed","Limit Break","ReplayTheSpireMod:Limb From Limb"],"relics":["Burning Blood","Blue Doll"],"acts_visited":["Exordium"],"potions_floor_usage":[],"damage_taken":[{"damage":1,"enemies":"Cultist","floor":1,"turns":3},{"damage":10,"enemies":"2 Louse","floor":3,"turns":3},{"damage":41,"enemies":"3 Sentries","floor":6,"turns":14},{"damage":9,"enemies":"Jaw Worm","floor":7,"turns":5},{"damage":31,"enemies":"Lagavulin","floor":8,"turns":3}],"seed_played":"2979094809635755728","potions_obtained":[{"floor":3,"key":"LiquidBronze"},{"floor":7,"key":"Fruit Juice"}],"is_trial":false,"path_per_floor":["M","?","M","?","?","E","M","E"],"character_chosen":"IRONCLAD","items_purchased":[],"campfire_rested":0,"item_purchase_floors":[],"current_hp_per_floor":[88,70,66,66,66,31,28,0,0],"gold":172,"neow_bonus":"TEN_PERCENT_HP_BONUS","is_daily":false,"chose_seed":false,"campfire_upgraded":0,"win_rate":0.0,"timestamp":1613178268,"path_taken":["M","?","M","?","?","E","?","E"],"items_purchased_type":[],"build_version":"2020-12-22","purchased_purges":0,"victory":false,"max_hp_per_floor":[88,88,88,88,88,88,88,88,88],"relic_stats":{"counters":[5,28],"obtain_stats":[{"Blue Doll":6,"Burning Blood":0},{"Blue Doll":3,"Burning Blood":0},{"Blue Doll":20,"Burning Blood":0}],"Burning Blood":19},"card_choices":[{"not_picked":["Anger","Run Through"],"picked":"ReplayTheSpireMod:Strike From Hell","floor":1},{"not_picked":["Twin Strike","Run Through"],"picked":"Headbutt","floor":3},{"not_picked":["Flame Barrier","Replay:Undeath\u0027s Touch"],"picked":"Limit Break","floor":6},{"not_picked":["Sword Boomerang","Body Slam"],"picked":"ReplayTheSpireMod:Limb From Limb","floor":7}],"player_experience":159021,"relics_obtained":[{"floor":6,"key":"Blue Doll"}],"event_choices":[{"damage_healed":0,"gold_gain":0,"player_choice":"Entered Light","damage_taken":18,"max_hp_gain":0,"max_hp_loss":0,"event_name":"Shining Light","floor":2,"gold_loss":0,"cards_upgraded":["Strike_R","ReplayTheSpireMod:Strike From Hell"]},{"damage_healed":0,"gold_gain":0,"cards_transformed":["Strike_R"],"player_choice":"Change","damage_taken":0,"max_hp_gain":0,"max_hp_loss":0,"event_name":"Living Wall","floor":4,"gold_loss":0,"cards_obtained":["Defy Death"]},{"damage_healed":0,"gold_gain":0,"player_choice":"2 cards matched","damage_taken":0,"max_hp_gain":0,"max_hp_loss":0,"event_name":"Match and Keep!","floor":5,"gold_loss":0,"cards_obtained":["Jack Of All Trades","ReplayTheSpireMod:Doomed"]},{"damage_healed":0,"gold_gain":0,"player_choice":"2 cards matched","damage_taken":0,"max_hp_gain":0,"max_hp_loss":0,"event_name":"Match and Keep!","floor":5,"gold_loss":0,"cards_obtained":["Jack Of All Trades","ReplayTheSpireMod:Doomed"]}],"is_beta":false,"boss_relics":[],"items_purged_floors":[],"is_endless":false,"potions_floor_spawned":[3,7],"killed_by":"Lagavulin","ascension_level":0}}