{"host":"c97twqu0op5dg8i4","time":1613237536,"event":{"mods":["AchievementEnabler","BaseMod","Colored Map","Minty Spire (QoL Compilation)","Permanent Neow"],"gold_per_floor":[109,125,125,125,145,145,2,2,25,58,77,0,17,17,17,112,112,126,143,159,173,191,191,222,222,232,232,232,147,166,241,8,24,24,24,127,127,143,1142,744,762,80,80,115,134,160,160,160,160,192,192,207,207,207,207,207,207,34,62,62],"floor_reached":61,"language":"ENG","playtime":2331,"items_purged":["Strike_P","Normality","Normality"],"score":2069,"play_id":"57f5c1d8-bc59-4160-a405-2be2a91ed427","local_time":"20210213123216","is_ascension_mode":true,"campfire_choices":[{"data":"Tantrum","floor":6.0,"key":"SMITH"},{"data":"Ragnarok","floor":8.0,"key":"SMITH"},{"floor":15.0,"key":"REST"},{"floor":23.0,"key":"REST"},{"data":"DevaForm","floor":25.0,"key":"SMITH"},{"data":"WreathOfFlame","floor":34.0,"key":"SMITH"},{"floor":35.0,"key":"REST"},{"data":"Vigilance","floor":43.0,"key":"SMITH"},{"floor":48,"key":"REST"},{"floor":51,"key":"RECALL"},{"floor":53,"key":"REST"},{"data":"Evaluate","floor":54,"key":"SMITH"},{"data":"SpiritShield","floor":57,"key":"SMITH"}],"circlet_count":0,"master_deck":["AscendersBane","Strike_P","Strike_P","Strike_P","Defend_P","Defend_P+1","Defend_P","Defend_P","Eruption","Vigilance+1","Tantrum+1","Fasting2+1","WreathOfFlame+1","ThirdEye","Ragnarok+1","Evaluate+1","InnerPeace+1","Crescendo","DevaForm+1","DeusExMachina","SpiritShield+1","TalkToTheHand+1","Ragnarok+1","Eruption+1","EmptyMind","EmptyBody"],"relics":["PureWater","Orrery","Pen Nib","Mercury Hourglass","CultistMask","Snecko Eye","Eternal Feather","Molten Egg 2","HornCleat","Potion Belt","SlaversCollar","DollysMirror","Nunchaku","Sling","Lantern","Singing Bowl","TungstenRod","War Paint","Blue Candle","CaptainsWheel","Happy Flower"],"acts_visited":["Exordium","TheCity","TheBeyond","TheEnding"],"potions_floor_usage":[46,55,55,59,60],"damage_taken":[{"damage":1.0,"enemies":"Small Slimes","floor":1.0,"turns":2.0},{"damage":0.0,"enemies":"Jaw Worm","floor":2.0,"turns":3.0},{"damage":0.0,"enemies":"Cultist","floor":5.0,"turns":2.0},{"damage":12.0,"enemies":"3 Sentries","floor":10.0,"turns":5.0},{"damage":14.0,"enemies":"3 Louse","floor":11.0,"turns":3.0},{"damage":20.0,"enemies":"Gremlin Gang","floor":13.0,"turns":4.0},{"damage":0.0,"enemies":"Slime Boss","floor":16.0,"turns":2.0},{"damage":7.0,"enemies":"Chosen","floor":18.0,"turns":3.0},{"damage":18.0,"enemies":"2 Thieves","floor":19.0,"turns":3.0},{"damage":0.0,"enemies":"Sentry and Sphere","floor":20.0,"turns":3.0},{"damage":4.0,"enemies":"3 Cultists","floor":21.0,"turns":3.0},{"damage":12.0,"enemies":"Shelled Parasite and Fungi","floor":22.0,"turns":2.0},{"damage":16.0,"enemies":"Gremlin Leader","floor":24.0,"turns":3.0},{"damage":8.0,"enemies":"Chosen and Byrds","floor":26.0,"turns":4.0},{"damage":0.0,"enemies":"Snecko","floor":30.0,"turns":3.0},{"damage":1.0,"enemies":"Snake Plant","floor":33.0,"turns":3.0},{"damage":11.0,"enemies":"Champ","floor":36.0,"turns":6.0},{"damage":0.0,"enemies":"3 Shapes","floor":38.0,"turns":1.0},{"damage":0.0,"enemies":"3 Darklings","floor":41.0,"turns":2.0},{"damage":2.0,"enemies":"Giant Head","floor":44.0,"turns":4.0},{"damage":49.0,"enemies":"Jaw Worm Horde","floor":45.0,"turns":4.0},{"damage":12,"enemies":"Nemesis","floor":46,"turns":9},{"damage":0,"enemies":"Giant Head","floor":50,"turns":5},{"damage":24,"enemies":"Maw","floor":52,"turns":4},{"damage":0,"enemies":"Donu and Deca","floor":55,"turns":3},{"damage":26,"enemies":"Shield and Spear","floor":59,"turns":5},{"damage":45,"enemies":"The Heart","floor":60,"turns":9}],"seed_played":"-2632973775530668001","potions_obtained":[{"floor":2.0,"key":"Weak Potion"},{"floor":13.0,"key":"Weak Potion"},{"floor":21.0,"key":"Block Potion"},{"floor":24.0,"key":"Fire Potion"},{"floor":33.0,"key":"SteroidPotion"},{"floor":38.0,"key":"Ambrosia"},{"floor":46,"key":"AttackPotion"},{"floor":50,"key":"SteroidPotion"}],"is_trial":false,"path_per_floor":["M","M","?","?","M","R","$","R","T","E","M","$","M","?","R","B",null,"M","M","M","M","M","R","E","R","M","T","T","?","M","T","$","M","R","R","B",null,"M","?","$","M","$","R","E","M","E","T","R","?","E","R","M","R","R","B",null,"R","$","E","B",null],"character_chosen":"WATCHER","items_purchased":["Orrery","DevaForm","SpiritShield","DollysMirror","Nunchaku","Sling","Lantern","Singing Bowl","Swift Potion","Energy Potion","EmptyMind"],"campfire_rested":5,"item_purchase_floors":[7,12,32,40,40,42,42,42,58,58,58],"current_hp_per_floor":[64,64,64,69,69,69,69,69,69,57,43,43,23,23,46,46,69,62,44,44,40,28,51,35,47,39,39,39,39,39,39,39,38,50,77,66,74,74,74,74,74,74,77,77,30,20,20,56,56,58,70,48,86,87,87,87,87,87,61,16],"gold":62,"neow_bonus":"THREE_CARDS","is_daily":false,"chose_seed":false,"campfire_upgraded":7,"win_rate":0.0,"timestamp":1613237536,"path_taken":["M","M","?","?","?","R","?","R","T","E","M","$","M","?","R","BOSS","M","M","M","M","?","R","E","R","M","T","T","?","M","?","$","?","R","R","BOSS","M","?","$","M","$","R","E","M","E","T","R","?","E","R","M","R","R","BOSS","R","$","E","BOSS"],"items_purchased_type":["Relic","Card","Card","Relic","Relic","Relic","Relic","Relic","Potion","Potion","Card"],"build_version":"2020-12-22","purchased_purges":3,"victory":true,"max_hp_per_floor":[72,72,72,77,77,77,77,77,77,77,77,77,77,77,77,77,77,77,77,77,77,77,77,77,77,77,77,77,77,77,77,77,77,77,77,77,77,77,77,77,77,77,77,79,81,83,83,83,83,85,85,87,87,87,87,87,87,87,87,87],"card_choices":[{"not_picked":["ThirdEye","WreathOfFlame"],"picked":"Tantrum","floor":0.0},{"not_picked":["PathToVictory","Collect"],"picked":"Fasting2","floor":1.0},{"not_picked":["FlurryOfBlows","EmptyBody"],"picked":"WreathOfFlame","floor":2.0},{"not_picked":["MentalFortress","LikeWater"],"picked":"ThirdEye","floor":5.0},{"not_picked":["Swivel","BowlingBash"],"picked":"Ragnarok","floor":7.0},{"not_picked":["BowlingBash","SandsOfTime"],"picked":"Evaluate","floor":7.0},{"not_picked":["FlyingSleeves","BowlingBash"],"picked":"InnerPeace","floor":7.0},{"not_picked":["Wireheading","Prostrate"],"picked":"Crescendo","floor":10.0},{"not_picked":["SashWhip","CutThroughFate","LikeWater"],"picked":"SKIP","floor":11.0},{"not_picked":["Indignation","SashWhip","Weave"],"picked":"SKIP","floor":13.0},{"not_picked":["Wish","Judgement"],"picked":"DeusExMachina","floor":16.0},{"not_picked":["CrushJoints","Indignation","SandsOfTime"],"picked":"SKIP","floor":18.0},{"not_picked":["SandsOfTime","Prostrate","Perseverance"],"picked":"SKIP","floor":19.0},{"not_picked":["EmptyFist+1","Conclude+1","FlyingSleeves"],"picked":"SKIP","floor":20.0},{"not_picked":["SignatureMove","Halt","Conclude+1"],"picked":"SKIP","floor":21.0},{"not_picked":["Consecrate","ClearTheMind","Wireheading"],"picked":"SKIP","floor":22.0},{"not_picked":["WheelKick","PathToVictory","Consecrate+1"],"picked":"SKIP","floor":24.0},{"not_picked":["BowlingBash","Indignation","FlyingSleeves"],"picked":"SKIP","floor":26.0},{"not_picked":["Halt","Alpha","Nirvana"],"picked":"SKIP","floor":30.0},{"not_picked":["CutThroughFate+1","FlyingSleeves+1"],"picked":"TalkToTheHand+1","floor":33.0},{"not_picked":["LessonLearned+1","ConjureBlade"],"picked":"Ragnarok+1","floor":36.0},{"not_picked":["BowlingBash+1","Crescendo+1","SashWhip+1"],"picked":"SKIP","floor":38.0},{"not_picked":["ThirdEye","ClearTheMind","BowlingBash+1"],"picked":"SKIP","floor":41.0},{"not_picked":["Pray","Adaptation+1","SignatureMove+1"],"picked":"Singing Bowl","floor":44.0},{"not_picked":["PathToVictory+1","Adaptation+1","SashWhip+1"],"picked":"Singing Bowl","floor":45.0},{"not_picked":["Perseverance+1","Crescendo","MasterReality"],"picked":"Singing Bowl","floor":46},{"not_picked":["Worship+1","Protect+1","FlurryOfBlows+1"],"picked":"Singing Bowl","floor":50},{"not_picked":["ThirdEye+1","Pray","SandsOfTime+1"],"picked":"Singing Bowl","floor":52},{"not_picked":["LikeWater","Collect"],"picked":"EmptyBody","floor":59}],"player_experience":400588,"relics_obtained":[{"floor":9.0,"key":"Pen Nib"},{"floor":10.0,"key":"Mercury Hourglass"},{"floor":24.0,"key":"Eternal Feather"},{"floor":27.0,"key":"Molten Egg 2"},{"floor":28.0,"key":"HornCleat"},{"floor":44.0,"key":"TungstenRod"},{"floor":46,"key":"War Paint"},{"floor":47,"key":"Blue Candle"},{"floor":50,"key":"CaptainsWheel"},{"floor":59,"key":"Happy Flower"}],"event_choices":[{"damage_healed":0.0,"max_hp_gain":0.0,"max_hp_loss":0.0,"gold_gain":0.0,"event_name":"Living Wall","player_choice":"Grow","floor":3.0,"gold_loss":0.0,"damage_taken":0.0,"cards_upgraded":["Fasting2"]},{"damage_healed":0.0,"max_hp_gain":5.0,"max_hp_loss":0.0,"gold_gain":0.0,"event_name":"Big Fish","player_choice":"Donut","floor":4.0,"gold_loss":0.0,"damage_taken":0.0},{"damage_healed":0.0,"max_hp_gain":0.0,"max_hp_loss":0.0,"gold_gain":0.0,"event_name":"FaceTrader","player_choice":"Trade","floor":14.0,"gold_loss":0.0,"damage_taken":0.0,"relics_obtained":["CultistMask"]},{"damage_healed":0.0,"max_hp_gain":0.0,"max_hp_loss":0.0,"gold_gain":0.0,"event_name":"Addict","player_choice":"Obtained Relic","floor":29.0,"gold_loss":85.0,"damage_taken":0.0,"relics_obtained":["Potion Belt"]},{"damage_healed":0.0,"max_hp_gain":0.0,"max_hp_loss":0.0,"gold_gain":999.0,"event_name":"MindBloom","player_choice":"Gold","floor":39.0,"gold_loss":0.0,"damage_taken":0.0,"cards_obtained":["Normality","Normality"]},{"damage_healed":0,"gold_gain":0,"player_choice":"Ignored","damage_taken":0,"max_hp_gain":0,"max_hp_loss":0,"event_name":"SecretPortal","floor":49,"gold_loss":0}],"is_beta":false,"boss_relics":[{"not_picked":["Black Star","Cursed Key"],"picked":"Snecko Eye"},{"not_picked":["Runic Dome","Philosopher\u0027s Stone"],"picked":"SlaversCollar"}],"items_purged_floors":[32,40,42],"is_endless":false,"potions_floor_spawned":[2,13,21,22,24,33,38,46,50],"ascension_level":11}}