{"host":"gnzlh62i2jn8yl8d","time":1613218325,"event":{"mods":["AchievementEnabler","BaseMod","Keyboard Shortcuts","Minty Spire (QoL Compilation)","SuperFastMode","everything is the same but u backflip on backflip"],"gold_per_floor":[119,134,151,166,166,201,219,219,219],"floor_reached":8,"language":"KOR","playtime":1031,"items_purged":[],"score":66,"play_id":"4232c17b-7ba6-43bf-b4a2-f8dc1dd450fe","local_time":"20210213211205","is_ascension_mode":true,"campfire_choices":[],"circlet_count":0,"master_deck":["Strike_R","Strike_R","Strike_R","Strike_R","Strike_R","Defend_R","Defend_R+1","Defend_R","Defend_R","Bash","Heavy Blade","Feel No Pain+1","True Grit","Pummel","Shrug It Off","Heavy Blade"],"relics":["Burning Blood","Centennial Puzzle","Bottled Lightning"],"acts_visited":["Exordium"],"potions_floor_usage":[8,8],"damage_taken":[{"damage":5.0,"enemies":"Cultist","floor":1.0,"turns":4.0},{"damage":8.0,"enemies":"Jaw Worm","floor":2.0,"turns":4.0},{"damage":10.0,"enemies":"Small Slimes","floor":3.0,"turns":3.0},{"damage":16,"enemies":"Blue Slaver","floor":4,"turns":4},{"damage":12,"enemies":"3 Sentries","floor":6,"turns":13},{"damage":0,"enemies":"Large Slime","floor":7,"turns":5},{"damage":55,"enemies":"Gremlin Nob","floor":8,"turns":6}],"seed_played":"-9057729877219574125","potions_obtained":[{"floor":2.0,"key":"Regen Potion"},{"floor":3.0,"key":"HeartOfIron"},{"floor":4,"key":"BlessingOfTheForge"}],"is_trial":false,"path_per_floor":["M","M","M","M","?","E","M","E"],"character_chosen":"IRONCLAD","items_purchased":[],"campfire_rested":0,"item_purchase_floors":[],"current_hp_per_floor":[80,78,74,64,48,42,48,0,0],"gold":219,"neow_bonus":"RANDOM_COMMON_RELIC","is_daily":false,"chose_seed":false,"campfire_upgraded":0,"win_rate":0.0,"timestamp":1613218325,"path_taken":["M","M","M","M","?","E","M","E"],"items_purchased_type":[],"build_version":"2020-12-22","purchased_purges":0,"victory":false,"max_hp_per_floor":[80,80,80,80,80,80,80,80,80],"card_choices":[{"not_picked":["Cleave","Twin Strike"],"picked":"Heavy Blade","floor":1.0},{"not_picked":["Twin Strike","Cleave"],"picked":"Feel No Pain","floor":2.0},{"not_picked":["Headbutt","Flame Barrier"],"picked":"True Grit","floor":3.0},{"not_picked":["Havoc","Clothesline"],"picked":"Pummel","floor":4},{"not_picked":["Wild Strike","Clash"],"picked":"Shrug It Off","floor":6},{"not_picked":["Clothesline","Anger"],"picked":"Heavy Blade","floor":7}],"player_experience":144616,"relics_obtained":[{"floor":6,"key":"Bottled Lightning"}],"event_choices":[{"damage_healed":0,"gold_gain":0,"player_choice":"Entered Light","damage_taken":16,"max_hp_gain":0,"max_hp_loss":0,"event_name":"Shining Light","floor":5,"gold_loss":0,"cards_upgraded":["Feel No Pain","Defend_R"]}],"is_beta":false,"boss_relics":[],"items_purged_floors":[],"is_endless":false,"potions_floor_spawned":[2,3,4,6],"killed_by":"Gremlin Nob","ascension_level":2}}