{"host":"za9ilm1uiwmpmin1","time":1613226701,"event":{"mods":["AchievementEnabler","Act Like it!","BaseMod","Dota2Spire","Downfall","Friendly Minions","KomeijiMod","Lobotomy","LobotomyExtend","Minty Spire (QoL Compilation)","MostiFishMod","Reorder Act Four","RumiaBox-露米娅的神秘盒子","StSLib","TestMod","Waifu the Spire","[IsaacMod]以撒尖塔","【功能Mod】混沌之环修复补丁"],"gold_per_floor":[113,113,200,200,220,220,244,282,282,320,320,320,359,382,382,477,477,491,506,0,-1400,-1385,-1385,-1349,-1325,-1325,-1325,-1325,-1281,-1281,-1240,-1240,-1144,-1144,-1129,-1109,-1109,-1109,-1093,-1062,-1062,-1019,-1019,-998,-975,-960,-922,-906,-906,-906,-906,-906,-906,-906,-866,-866],"floor_reached":57,"language":"ZHS","playtime":1573,"items_purged":["sneckomod:Strike","sneckomod:Unknown"],"score":3293,"play_id":"057a6ad6-97d5-4fd7-90c2-9952090168a1","local_time":"20210213223141","is_ascension_mode":true,"campfire_choices":[{"data":"sneckomod:TailWhip","floor":6.0,"key":"SMITH"},{"data":"sneckomod:UnknownDraw","floor":11,"key":"SMITH"},{"data":"sneckomod:UnknownClassAngela","floor":15,"key":"SMITH"},{"floor":23,"key":"RECALL"},{"data":"sneckomod:Defend","floor":27,"key":"SMITH"},{"data":"sneckomod:Defend","floor":32,"key":"SMITH"},{"data":"sneckomod:Defend","floor":41,"key":"SMITH"},{"data":"sneckomod:Unknown","floor":49,"key":"SMITH"},{"data":"sneckomod:Strike","floor":54,"key":"SMITH"}],"circlet_count":0,"master_deck":["sneckomod:Strike+1","sneckomod:Defend+1","sneckomod:Defend+1","sneckomod:Defend+1","sneckomod:TailWhip+1","sneckomod:Unknown+1","sneckomod:UnknownDraw+1","sneckomod:UnknownClassAngela+1","sneckomod:IronFang+1","sneckomod:UnknownStrength+1","sneckomod:UnknownClassGREEN+1","sneckomod:UnknownBlock+1","sneckomod:TrashToTreasure+1","sneckomod:Rotation+1"],"relics":["DaveBox","HushsDoor","testmod-TestBox","testmod-Charity","Void","MetatronsCube","ExusiaiGun","SynthV:TestCard","Golden Idol","Ornamental Fan","Dota2Spire:CrimsonGuard","PreservedInsect","Letter Opener","SlaversCollar","SatanicBible","DeadEye","SynthV:MejaisSoulstealer","GuppysHead","Regal Pillow","CaptainsWheel","Toxic Egg 2","JellyFishMachine","BelialBook","MomsKnife","Lantern","Centennial Puzzle","SharpPlug","Dota2Spire:MantaStyle","HowToJump","LetterFromLob"],"acts_visited":["Exordium","TheCity","TheBeyond","TheEnding"],"potions_floor_usage":[56,56,56,56],"damage_taken":[{"damage":0.0,"enemies":"Small Slimes","floor":1.0,"turns":1.0},{"damage":0.0,"enemies":"2 Louse","floor":5.0,"turns":1.0},{"damage":0.0,"enemies":"Cultist","floor":7.0,"turns":1.0},{"damage":0,"enemies":"3 Sentries","floor":8,"turns":3},{"damage":0,"enemies":"Lagavulin","floor":10,"turns":1},{"damage":0,"enemies":"Gremlin Nob","floor":13,"turns":1},{"damage":2,"enemies":"3 Louse","floor":14,"turns":2},{"damage":0,"enemies":"Slime Boss","floor":16,"turns":2},{"damage":0,"enemies":"Chosen","floor":18,"turns":2},{"damage":0,"enemies":"Spheric Guardian","floor":19,"turns":1},{"damage":0,"enemies":"Chosen and Byrds","floor":22,"turns":1},{"damage":0,"enemies":"Book of Stabbing","floor":24,"turns":1},{"damage":0,"enemies":"Snecko","floor":25,"turns":1},{"damage":0,"enemies":"Slavers","floor":29,"turns":1},{"damage":0,"enemies":"Book of Stabbing","floor":31,"turns":1},{"damage":0,"enemies":"Collector","floor":33,"turns":2},{"damage":0,"enemies":"3 Shapes","floor":35,"turns":1},{"damage":0,"enemies":"3 Darklings","floor":36,"turns":1},{"damage":0,"enemies":"Spire Growth","floor":39,"turns":1},{"damage":0,"enemies":"Reptomancer","floor":40,"turns":1},{"damage":0,"enemies":"Giant Head","floor":42,"turns":1},{"damage":0,"enemies":"4 Shapes","floor":44,"turns":1},{"damage":0,"enemies":"Transient","floor":45,"turns":6},{"damage":0,"enemies":"Jaw Worm Horde","floor":46,"turns":1},{"damage":0,"enemies":"Nemesis","floor":47,"turns":1},{"damage":0,"enemies":"3 Darklings","floor":48,"turns":2},{"damage":0,"enemies":"Time Eater","floor":50,"turns":2},{"damage":0,"enemies":"Shield and Spear","floor":55,"turns":2},{"damage":0,"enemies":"The Heart","floor":56,"turns":3}],"seed_played":"4610929520501592132","potions_obtained":[{"floor":5.0,"key":"FearPotion"},{"floor":8,"key":"Explosive Potion"},{"floor":18,"key":"GamblersBrew"},{"floor":28,"key":"testmod-EscapePotion"},{"floor":40,"key":"ColorlessPotion"},{"floor":46,"key":"testmod-TestPotion"},{"floor":48,"key":"ColorlessPotion"}],"is_trial":false,"path_per_floor":["M","?","?","?","M","R","M","E","T","E","R","?","E","M","R","B",null,"M","M","?","$","M","R","E","M","T","R","?","E","$","E","R","B",null,"M","M","?","?","M","E","R","E","T","M","M","M","E","M","R","B",null,null,"$","R","E","B",null],"character_chosen":"THE_SNECKO","items_purchased":["SatanicBible","SynthV:MejaisSoulstealer","BelialBook","MomsKnife"],"campfire_rested":0,"item_purchase_floors":[17,21,34,34],"current_hp_per_floor":[76,47,33,26,27,27,28,29,29,30,30,15,16,15,15,16,62,63,64,64,64,65,65,66,67,67,67,67,68,68,69,69,70,36,37,38,38,38,39,40,40,41,41,42,43,44,45,46,46,46,46,46,46,46,47,47],"gold":-866,"neow_bonus":"BOSS_RELIC","is_daily":false,"chose_seed":false,"campfire_upgraded":8,"win_rate":0.0,"timestamp":1613226701,"path_taken":["M","?","?","?","M","R","M","E","T","E","R","?","E","M","R","BOSS","M","M","?","$","M","R","E","?","T","R","?","E","?","E","R","BOSS","M","M","?","?","M","E","R","E","T","M","M","M","E","?","R","BOSS","$","R","E","BOSS"],"items_purchased_type":["Relic","Relic","Relic","Relic"],"build_version":"2020-12-22","purchased_purges":2,"victory":true,"max_hp_per_floor":[84,84,85,85,86,86,87,88,88,89,89,89,90,91,91,92,77,78,79,79,79,80,80,81,82,82,82,82,83,83,84,84,85,36,37,38,38,38,39,40,40,41,41,42,43,44,45,46,46,46,46,46,46,46,47,47],"card_choices":[{"not_picked":["sneckomod:SnekBeam","sneckomod:UnknownWeak","sneckomod:UnknownBlock"],"picked":"SKIP","floor":1.0},{"not_picked":["sneckomod:WideSting","sneckomod:UnknownDraw","sneckomod:QuickMove","sneckomod:UnknownCommonSkill"],"picked":"Bomb","floor":5.0},{"not_picked":["sneckomod:UnknownRareSkill","sneckomod:IronFang","sneckomod:SoulRoll","sneckomod:UnknownVulnerable"],"picked":"sneckomod:UnknownDraw","floor":7.0},{"not_picked":["sneckomod:UnknownWeak","sneckomod:ImprovisedGuard","sneckomod:QuickMove","sneckomod:UnknownUncommonAttack","sneckomod:UnknownCommonAttack"],"picked":"SKIP","floor":8},{"not_picked":["sneckomod:UnknownX","sneckomod:UnknownRareAttack","sneckomod:IronFang","sneckomod:SlitherStrike","sneckomod:UnknownClassGREEN"],"picked":"SKIP","floor":10},{"not_picked":["sneckomod:UnknownX","sneckomod:UnknownRareAttack","sneckomod:IronFang","sneckomod:SlitherStrike","sneckomod:UnknownClassGREEN"],"picked":"SKIP","floor":10},{"not_picked":["sneckomod:Nope","sneckomod:RainOfDice","sneckomod:CheapStock","sneckomod:DiceBlock","sneckomod:UnknownDexterity"],"picked":"SKIP","floor":13},{"not_picked":["sneckomod:Mudshield","sneckomod:UnknownUncommonAttack","sneckomod:WideSting","sneckomod:UnknownDraw"],"picked":"sneckomod:UnknownClassAngela","floor":14},{"not_picked":["sneckomod:UnendingSupply","sneckomod:SoulRoll","sneckomod:QuickMove","sneckomod:UnknownVulnerable","sneckomod:WideSting"],"picked":"SKIP","floor":18},{"not_picked":["sneckomod:UnknownDraw","sneckomod:SnekBeam","sneckomod:SoulRoll","sneckomod:UnknownExhaust","sneckomod:SoulCleanse"],"picked":"SKIP","floor":19},{"not_picked":["sneckomod:PureSnecko","sneckomod:UnknownClassGREEN+1","sneckomod:UnlimitedRolls","sneckomod:DefensiveFlair","sneckomod:UnknownUncommonAttack"],"picked":"SKIP","floor":22},{"not_picked":["sneckomod:SoulDraw","sneckomod:UnknownClassAngela","sneckomod:CheapStock+1","sneckomod:Unknown1Cost","sneckomod:UnknownWeak+1"],"picked":"SKIP","floor":24},{"not_picked":["sneckomod:CheapStock","sneckomod:UnknownCommonSkill","sneckomod:UnknownUncommonAttack","sneckomod:QuickBite","sneckomod:DiceBlock"],"picked":"SKIP","floor":25},{"not_picked":["sneckomod:MasterEye","sneckomod:SnakeSap","sneckomod:UnknownClassGREEN","sneckomod:WideSting"],"picked":"sneckomod:IronFang+1","floor":29},{"not_picked":["sneckomod:IronFang","sneckomod:UnknownColorless+1","sneckomod:Nope+1","sneckomod:QuickBite","sneckomod:TrashToTreasure+1"],"picked":"SKIP","floor":31},{"not_picked":["sneckomod:DiceBlock+1","sneckomod:DiceCrush+1","sneckomod:UnknownClassAngela+1","sneckomod:QuickBite"],"picked":"sneckomod:UnknownStrength+1","floor":35},{"not_picked":["sneckomod:DiceBoulder","sneckomod:UnknownCommonAttack","sneckomod:DefensiveFlair+1","sneckomod:UnknownCommonSkill+1"],"picked":"sneckomod:UnknownClassGREEN+1","floor":36},{"not_picked":["sneckomod:QuickMove+1","sneckomod:UnknownClassRemiria+1","sneckomod:UnknownClassGREEN+1","sneckomod:RainOfDice","sneckomod:UnknownBlock+1"],"picked":"SKIP","floor":39},{"not_picked":["sneckomod:QuickMove+1","sneckomod:UnknownClassRemiria+1","sneckomod:UnknownClassGREEN+1","sneckomod:RainOfDice"],"picked":"sneckomod:UnknownBlock+1","floor":39},{"not_picked":["sneckomod:Unknown2Cost+1","sneckomod:Unknown3Cost+1","sneckomod:UnknownDexterity+1","sneckomod:SoulDraw+1"],"picked":"sneckomod:TrashToTreasure+1","floor":40},{"not_picked":["sneckomod:UnknownDraw+1","sneckomod:UnknownExhaust+1","sneckomod:MorePower","sneckomod:UnknownClassRemiria+1"],"picked":"sneckomod:Rotation+1","floor":42},{"not_picked":["sneckomod:UnknownCommonAttack","sneckomod:QuickBite","sneckomod:Mudshield","sneckomod:Nope+1","sneckomod:UnknownBlock+1"],"picked":"SKIP","floor":44},{"not_picked":["sneckomod:DiceBlock+1","sneckomod:UnknownCommonAttack+1","sneckomod:UnknownCommonSkill+1","sneckomod:RainOfDice","sneckomod:UnknownDraw+1"],"picked":"SKIP","floor":45},{"not_picked":["sneckomod:UnknownCommonSkill+1","sneckomod:DiceBoulder+1","sneckomod:Unknown1Cost+1","sneckomod:ImprovisedGuard+1","sneckomod:UnknownUncommonSkill+1"],"picked":"SKIP","floor":46},{"not_picked":["sneckomod:DiceCrush+1","sneckomod:Unknown3Cost+1","sneckomod:UnknownDraw+1","sneckomod:MixItUp","sneckomod:UnknownX+1"],"picked":"SKIP","floor":47},{"not_picked":["sneckomod:QuickMove+1","sneckomod:UnknownClassGREEN+1","sneckomod:UnknownBlock+1","sneckomod:UnknownClassRemiria+1","sneckomod:UnknownStrength+1"],"picked":"SKIP","floor":48},{"not_picked":["sneckomod:IronFang","sneckomod:UnknownClassRemiria+1","sneckomod:Unknown1Cost+1","sneckomod:UnknownUncommonSkill+1","sneckomod:DiceCrush+1"],"picked":"SKIP","floor":55}],"player_experience":1128984,"relics_obtained":[{"floor":1.0,"key":"SynthV:TestCard"},{"floor":1.0,"key":"LetterFromLob"},{"floor":5.0,"key":"LetterFromLob"},{"floor":7.0,"key":"LetterFromLob"},{"floor":8,"key":"Ornamental Fan"},{"floor":8,"key":"LetterFromLob"},{"floor":10,"key":"Dota2Spire:CrimsonGuard"},{"floor":10,"key":"LetterFromLob"},{"floor":13,"key":"Letter Opener"},{"floor":13,"key":"LetterFromLob"},{"floor":14,"key":"LetterFromLob"},{"floor":16,"key":"LetterFromLob"},{"floor":18,"key":"LetterFromLob"},{"floor":19,"key":"LetterFromLob"},{"floor":20,"key":"DeadEye"},{"floor":22,"key":"LetterFromLob"},{"floor":24,"key":"GuppysHead"},{"floor":24,"key":"LetterFromLob"},{"floor":25,"key":"LetterFromLob"},{"floor":26,"key":"Regal Pillow"},{"floor":29,"key":"CaptainsWheel"},{"floor":29,"key":"LetterFromLob"},{"floor":31,"key":"Toxic Egg 2"},{"floor":31,"key":"LetterFromLob"},{"floor":33,"key":"LetterFromLob"},{"floor":35,"key":"LetterFromLob"},{"floor":36,"key":"LetterFromLob"},{"floor":39,"key":"LetterFromLob"},{"floor":40,"key":"Lantern"},{"floor":40,"key":"LetterFromLob"},{"floor":42,"key":"Centennial Puzzle"},{"floor":42,"key":"LetterFromLob"},{"floor":43,"key":"SharpPlug"},{"floor":44,"key":"LetterFromLob"},{"floor":45,"key":"LetterFromLob"},{"floor":46,"key":"LetterFromLob"},{"floor":47,"key":"Dota2Spire:MantaStyle"},{"floor":47,"key":"LetterFromLob"},{"floor":48,"key":"LetterFromLob"},{"floor":55,"key":"HowToJump"},{"floor":55,"key":"LetterFromLob"}],"event_choices":[{"damage_healed":0.0,"max_hp_gain":0.0,"max_hp_loss":0.0,"gold_gain":0.0,"event_name":"Golden Idol","player_choice":"Take Damage","floor":2.0,"gold_loss":0.0,"damage_taken":29.0,"relics_obtained":["Golden Idol"]},{"cards_removed":["sneckomod:Strike"],"damage_healed":0.0,"max_hp_gain":0.0,"max_hp_loss":0.0,"gold_gain":0.0,"event_name":"Golden Wing","player_choice":"Card Removal","floor":4.0,"gold_loss":0.0,"damage_taken":7.0},{"damage_healed":0,"gold_gain":0,"player_choice":"Got Potions","damage_taken":0,"max_hp_gain":0,"max_hp_loss":0,"event_name":"Lab","floor":28,"gold_loss":0},{"cards_removed":["sneckomod:SnekBite"],"damage_healed":0,"gold_gain":0,"player_choice":"Removed Attack","damage_taken":0,"max_hp_gain":0,"max_hp_loss":0,"event_name":"Falling","floor":37,"gold_loss":0}],"is_beta":false,"boss_relics":[{"not_picked":["EasyGame_NEW","NightmareShop"],"picked":"SlaversCollar"},{"not_picked":[]},{"not_picked":["testmod-Fanaticism","FixedStarFall"],"picked":"JellyFishMachine"},{"not_picked":[]}],"items_purged_floors":[17,34],"is_endless":false,"potions_floor_spawned":[5,8,10,14,16,18,22,24,29,39,40,44,46,48],"ascension_level":18}}