{"host":"6p0attdrtjqaih7v","time":1613194819,"event":{"mods":["2.2 Compatiblity","AchievementEnabler","Bard","BaseMod","Better Skull","Better Third Choice","Card Filter","Colored Powertips","Hermit","Highlight Path","Hubris","Key Reminder","Minty Spire (QoL Compilation)","Permanent Neow","Quick Restart","Random Character Button","Relic Filter","Relic Stats","Reliquary","Replay The Spire","Robot Space Explorer","StSLib","The Hayseed","The Witch"],"gold_per_floor":[114,43,60,80,355,385,398,410,437,437,451,34,34,65,65,168,168,186,201,212,212,212,212,245,245,314,344,11,40,40,40,40,139,139,149,276,295,313,323,339,439,466,466,485,498,498,530,544,544,544],"floor_reached":51,"language":"ENG","playtime":2616,"items_purged":["Regret","Strike_Witch"],"score":1506,"play_id":"cdd0a8e7-9d92-40cf-a7bd-dae10518bec6","local_time":"20210213004019","is_ascension_mode":true,"campfire_choices":[{"data":"PainBolt","floor":10,"key":"SMITH"},{"floor":13,"key":"REST"},{"data":"SkullFlask","floor":15,"key":"SMITH"},{"data":"BloodSabbath","floor":23,"key":"SMITH"},{"data":"Shrooms","floor":25,"key":"SMITH"},{"data":"Demonfyre","floor":30,"key":"SMITH"},{"data":"Demonfyre","floor":32,"key":"SMITH"},{"floor":46,"key":"REST"},{"data":"Schadenfreude","floor":49,"key":"SMITH"}],"circlet_count":0,"master_deck":["AscendersBane","Strike_Witch","Strike_Witch","Strike_Witch","Defend_Witch","Defend_Witch","Defend_Witch","Defend_Witch","Hexguard+1","ZombieSpit","PainBolt+1","SkullFlask+1","BlackBolt","Demonfyre+1","Shrooms+1","Bewitch+1","BleedOut","BloodSabbath+1","SummonRavenFamiliar+1","CurseOfTheBell","Decrepify","MagicFang+1","Demonfyre+1","GhoulTouch+1","Puncture","SoulBarrier+1","DoomBlade","Schadenfreude+1","Enlightenment","Bewitch+1","CrystalResonance+1","GhoulTouch","Schadenfreude+1","FatalRay","NighInvulnerability","Schadenfreude+1","EvilEye"],"relics":["BlackCat","Simple Rune","reliquary:HotPoker","reliquary:Buckler","Chemical X","Oddly Smooth Stone","PreservedInsect","Calling Bell","Potion Belt","Meat on the Bone","hubris:64BitClover","reliquary:ExpiredCoupon","Pantograph","Gremlin Horn","Centennial Puzzle","ReplayTheSpireMod:TigerMarble","Snecko Eye","Mercury Hourglass","Turnip","Letter Opener","Blue Candle","hubris:BundleOfHerbs"],"acts_visited":["Exordium","TheCity","TheBeyond"],"potions_floor_usage":[6,6,8,14,16,24,27,33,33,48,50,50],"damage_taken":[{"damage":6,"enemies":"Jaw Worm","floor":1,"turns":4},{"damage":6,"enemies":"Cultist","floor":3,"turns":3},{"damage":2,"enemies":"Small Slimes","floor":4,"turns":3},{"damage":11,"enemies":"3 Sentries","floor":6,"turns":9},{"damage":0,"enemies":"2 Fungi Beasts","floor":7,"turns":3},{"damage":5,"enemies":"3 Louse","floor":8,"turns":3},{"damage":9,"enemies":"Blue Slaver","floor":11,"turns":3},{"damage":3,"enemies":"Gremlin Nob","floor":14,"turns":4},{"damage":0,"enemies":"Slime Boss","floor":16,"turns":7},{"damage":26,"enemies":"2 Thieves","floor":18,"turns":4},{"damage":14,"enemies":"Spheric Guardian","floor":19,"turns":6},{"damage":10,"enemies":"Chosen and Byrds","floor":20,"turns":6},{"damage":17,"enemies":"Slavers","floor":24,"turns":2},{"damage":12,"enemies":"Book of Stabbing","floor":27,"turns":2},{"damage":0,"enemies":"Gremlin Leader","floor":29,"turns":3},{"damage":64,"enemies":"Champ","floor":33,"turns":9},{"damage":3,"enemies":"Orb Walker","floor":35,"turns":3},{"damage":0,"enemies":"3 Shapes","floor":37,"turns":2},{"damage":1,"enemies":"Spire Growth","floor":38,"turns":4},{"damage":16,"enemies":"Sphere and 2 Shapes","floor":39,"turns":4},{"damage":4,"enemies":"Maw","floor":40,"turns":6},{"damage":0,"enemies":"Nemesis","floor":42,"turns":5},{"damage":12,"enemies":"Jaw Worm Horde","floor":44,"turns":4},{"damage":6,"enemies":"Writhing Mass","floor":45,"turns":4},{"damage":0,"enemies":"R_Hoarder","floor":47,"turns":3},{"damage":17,"enemies":"Transient","floor":48,"turns":5},{"damage":94,"enemies":"Time Eater","floor":50,"turns":13}],"seed_played":"3866706868779829973","potions_obtained":[{"floor":1,"key":"SmokeBomb"},{"floor":3,"key":"SkillPotion"},{"floor":7,"key":"Swift Potion"},{"floor":14,"key":"GamblersBrew"},{"floor":19,"key":"SkillPotion"},{"floor":20,"key":"Death Potion"},{"floor":33,"key":"Dexterity Potion"},{"floor":35,"key":"Elixir"},{"floor":36,"key":"FairyPotion"},{"floor":37,"key":"Reflective Coating"},{"floor":39,"key":"Dexterity Potion"}],"is_trial":false,"path_per_floor":["M","$","M","M","?","E","M","M","T","R","M","$","R","E","R","B",null,"M","M","M","?","?","R","E","R","T","E","$","E","R","T","R","B",null,"M","?","M","M","M","M","?","E","T","M","M","R","E","M","R","B",null],"character_chosen":"WITCH","items_purchased":["SkullFlask","Swift Potion","Chemical X","Oddly Smooth Stone","Weak Potion","Puncture","Swift Potion","SkillPotion","BlessingOfTheForge"],"campfire_rested":2,"item_purchase_floors":[2,2,12,12,12,28,28,28,28],"current_hp_per_floor":[54,54,48,46,46,35,35,30,30,30,21,21,41,38,38,38,60,34,32,34,34,56,56,39,39,39,39,39,39,39,39,39,15,54,51,51,51,50,34,42,42,42,42,42,36,56,56,39,39,27],"gold":544,"neow_bonus":"RANDOM_COMMON_RELIC","is_daily":false,"chose_seed":false,"campfire_upgraded":7,"win_rate":0.0,"timestamp":1613194819,"path_taken":["M","$","M","M","?","E","M","?","T","R","M","$","R","E","R","BOSS","M","M","M","?","?","R","E","R","T","E","$","E","R","?","R","BOSS","M","?","?","M","M","M","?","E","T","?","?","R","E","M","R","BOSS"],"items_purchased_type":["Card","Potion","Relic","Relic","Potion","Card","Potion","Potion","Potion"],"build_version":"2020-12-22","purchased_purges":2,"victory":true,"max_hp_per_floor":[67,67,67,67,67,67,67,67,67,67,67,67,67,67,67,67,67,67,67,67,67,67,67,67,67,67,67,67,67,67,67,67,67,67,67,67,67,67,67,67,67,67,67,67,67,67,67,67,67,67],"relic_stats":{"Gremlin Horn":[9,9],"counters":[27,124],"Blue Candle":[4],"PreservedInsect":271,"Letter Opener":[41],"Mercury Hourglass":[137],"Centennial Puzzle":[27],"Pantograph":50,"Snecko Eye":[94,109,91,83],"Turnip":[9],"Chemical X":[1],"obtain_stats":[{"Potion Belt":17,"Gremlin Horn":27,"hubris:64BitClover":17,"Blue Candle":43,"Oddly Smooth Stone":12,"PreservedInsect":14,"Letter Opener":42,"BlackCat":0,"Mercury Hourglass":36,"Calling Bell":17,"reliquary:ExpiredCoupon":24,"reliquary:HotPoker":6,"Centennial Puzzle":29,"Pantograph":26,"Snecko Eye":34,"Simple Rune":0,"reliquary:Buckler":9,"Turnip":38,"hubris:BundleOfHerbs":47,"ReplayTheSpireMod:TigerMarble":31,"Chemical X":12,"Meat on the Bone":17},{"Potion Belt":9,"Gremlin Horn":14,"hubris:64BitClover":9,"Blue Candle":22,"Oddly Smooth Stone":7,"PreservedInsect":8,"Letter Opener":22,"BlackCat":0,"Mercury Hourglass":17,"Calling Bell":9,"reliquary:ExpiredCoupon":13,"reliquary:HotPoker":4,"Centennial Puzzle":15,"Pantograph":13,"Snecko Eye":16,"Simple Rune":0,"reliquary:Buckler":6,"Turnip":19,"hubris:BundleOfHerbs":25,"ReplayTheSpireMod:TigerMarble":15,"Chemical X":7,"Meat on the Bone":9},{"Potion Belt":39,"Gremlin Horn":59,"hubris:64BitClover":39,"Blue Candle":95,"Oddly Smooth Stone":28,"PreservedInsect":32,"Letter Opener":95,"BlackCat":0,"Mercury Hourglass":74,"Calling Bell":39,"reliquary:ExpiredCoupon":57,"reliquary:HotPoker":19,"Centennial Puzzle":62,"Pantograph":57,"Snecko Eye":71,"Simple Rune":0,"reliquary:Buckler":25,"Turnip":80,"hubris:BundleOfHerbs":106,"ReplayTheSpireMod:TigerMarble":62,"Chemical X":28,"Meat on the Bone":39}],"Meat on the Bone":84},"card_choices":[{"not_picked":["Foresight","MercuryWand"],"picked":"PainBolt","floor":1},{"not_picked":["SummonOwlFamiliar","BleedOut"],"picked":"BlackBolt","floor":3},{"not_picked":["Atonement","BalefulWard"],"picked":"Demonfyre","floor":4},{"not_picked":["EvilEye","BlackShield"],"picked":"Shrooms","floor":6},{"not_picked":["RoilingBarrier","CursedBlade"],"picked":"Bewitch","floor":7},{"not_picked":["RiteOfWinter","CursedBlade","GnarledBody"],"picked":"SKIP","floor":8},{"not_picked":["SummonCatFamiliar","GnarledBody"],"picked":"BleedOut","floor":11},{"not_picked":["Thundercloud","Broomstick"],"picked":"BloodSabbath","floor":14},{"not_picked":["StrangeBrew","UnluckySeven"],"picked":"SummonRavenFamiliar","floor":16},{"not_picked":["SummonBatFamiliar","MercuryWand"],"picked":"Decrepify","floor":18},{"not_picked":["Puncture","WickedThoughts"],"picked":"MagicFang+1","floor":19},{"not_picked":["Puncture","GnarledBody"],"picked":"Demonfyre","floor":20},{"not_picked":["RiteOfSummer","BlackShield"],"picked":"GhoulTouch+1","floor":24},{"not_picked":["SummonBatFamiliar","MagicFang","MercuryWand"],"picked":"SKIP","floor":27},{"not_picked":["SummonBatFamiliar","BlackBolt"],"picked":"SoulBarrier+1","floor":29},{"not_picked":["SummonToadFamiliar","TrollsBlood"],"picked":"DoomBlade","floor":33},{"not_picked":["PainBolt","RiteOfAutumn"],"picked":"Schadenfreude","floor":35},{"not_picked":["Jack Of All Trades","PanicButton"],"picked":"Enlightenment","floor":36},{"not_picked":["SaltCircle","KarmaDrain"],"picked":"Bewitch+1","floor":37},{"not_picked":["PainBolt+1","WickedThoughts"],"picked":"CrystalResonance+1","floor":38},{"not_picked":["MagicFang","SaltCircle"],"picked":"GhoulTouch","floor":39},{"not_picked":["Malady","SummonCatFamiliar"],"picked":"Schadenfreude+1","floor":40},{"not_picked":["Pillage","SkullFlask"],"picked":"FatalRay","floor":42},{"not_picked":["MementoMori+1","Puncture"],"picked":"NighInvulnerability","floor":44},{"not_picked":["RiteOfSummer","MagicFang"],"picked":"Schadenfreude+1","floor":45},{"not_picked":["SummonOwlFamiliar","MementoMori"],"picked":"EvilEye","floor":47},{"not_picked":["BleedOut","KarmaDrain","MementoMori"],"picked":"SKIP","floor":48}],"player_experience":1119377,"relics_obtained":[{"floor":6,"key":"reliquary:HotPoker"},{"floor":9,"key":"reliquary:Buckler"},{"floor":14,"key":"PreservedInsect"},{"floor":17,"key":"Potion Belt"},{"floor":17,"key":"Meat on the Bone"},{"floor":17,"key":"hubris:64BitClover"},{"floor":24,"key":"reliquary:ExpiredCoupon"},{"floor":26,"key":"Pantograph"},{"floor":27,"key":"Gremlin Horn"},{"floor":29,"key":"Centennial Puzzle"},{"floor":31,"key":"ReplayTheSpireMod:TigerMarble"},{"floor":36,"key":"Mercury Hourglass"},{"floor":38,"key":"Turnip"},{"floor":42,"key":"Letter Opener"},{"floor":43,"key":"Blue Candle"},{"floor":47,"key":"hubris:BundleOfHerbs"}],"event_choices":[{"damage_healed":0,"gold_gain":275,"player_choice":"Desecrate","damage_taken":0,"max_hp_gain":0,"max_hp_loss":0,"event_name":"Golden Shrine","floor":5,"gold_loss":0,"cards_obtained":["Regret"]},{"damage_healed":22,"gold_gain":0,"player_choice":"Heal","damage_taken":0,"max_hp_gain":0,"max_hp_loss":0,"event_name":"The Library","floor":22,"gold_loss":0},{"damage_healed":0,"gold_gain":0,"player_choice":"Random: Red","damage_taken":0,"max_hp_gain":0,"max_hp_loss":0,"event_name":"betterThird:BetterPortal","floor":36,"gold_loss":0},{"damage_healed":0,"gold_gain":100,"player_choice":"Pray","damage_taken":0,"max_hp_gain":0,"max_hp_loss":0,"event_name":"Golden Shrine","floor":41,"gold_loss":0}],"is_beta":false,"boss_relics":[{"not_picked":["reliquary:KinkedSpring","Coffee Dripper"],"picked":"Calling Bell"},{"not_picked":["Abe\u0027s Treasure","Velvet Choker"],"picked":"Snecko Eye"}],"items_purged_floors":[12,28],"is_endless":false,"potions_floor_spawned":[1,3,7,14,19,20,33,35,37,39,42,44],"ascension_level":12}}