{"host":"dh4nu8nelr2izibb","time":1613252214,"event":{"mods":["BaseMod","Better Skull","Better Third Choice","Card Filter","Card Forge","Curses Come First","Displayed Cursed Tome","HololiveMod","Marisa????????","Minty Spire (QoL Compilation)","Poor People Problems","Quick Restart","Relic Filter","Reliquary","StSLib","The Servant 0.9.4","WarShipGirlsR/????R mod","Yakumo Yukari mod"],"gold_per_floor":[114,127,137,154,172,92,109,109,157,190,190,224,238,238,238,341,341,341,199,199,199,199,199,199,48,48,48,48,48,48,48,48,48,48,48,48],"floor_reached":35,"language":"ENG","playtime":1651,"items_purged":["Strike_S"],"score":698,"play_id":"a60af031-ee4f-4295-9be0-82a7b8fe3e67","local_time":"20210213163654","is_ascension_mode":true,"campfire_choices":[{"data":"LightFlow","floor":8.0,"key":"SMITH"},{"floor":11.0,"key":"REST"},{"data":"Gouge","floor":15.0,"key":"SMITH"},{"data":"DoubleEdge","floor":23.0,"key":"SMITH"},{"data":"KidneyShot","floor":27,"key":"SMITH"},{"data":"MurderousAura","floor":32,"key":"SMITH"}],"circlet_count":0,"master_deck":["AscendersBane","Strike_S","Strike_S","Defend_S","Defend_S","Defend_S","KidneyShot+1","Exchange","FastForward","Misdirection","Ricochet","Unruled","Rearm","DoubleEdge+1","FastForward","InstantArmor","Rearm","LightFlow+1","Rewind","Gouge+1","Defy","BottledTime","Defy","Orbit","Dilation+1","Snipe","SilverBlades+1","Luminosity+1","Luminosity+1","SilverMatrix+1","SilverMatrix+1","MurderousAura+1","TheWorld"],"relics":["Uniform","Hammer of Thor","Seething Fire","Anvil of the Gods","MealTicket","Ectoplasm","Question Card","DollysMirror","Darkstone Periapt","Strawberry","MawBank","reliquary:RedPaperclip"],"acts_visited":["Exordium","TheCity","TheBeyond"],"potions_floor_usage":[24,33],"damage_taken":[{"damage":2.0,"enemies":"Small Slimes","floor":1.0,"turns":4.0},{"damage":0.0,"enemies":"Cultist","floor":2.0,"turns":4.0},{"damage":3.0,"enemies":"Jaw Worm","floor":3.0,"turns":4.0},{"damage":9.0,"enemies":"Blue Slaver","floor":4.0,"turns":4.0},{"damage":9.0,"enemies":"Exordium Wildlife","floor":5.0,"turns":4.0},{"damage":0.0,"enemies":"Exordium Thugs","floor":7.0,"turns":4.0},{"damage":14.0,"enemies":"Gremlin Nob","floor":10.0,"turns":4.0},{"damage":2.0,"enemies":"3 Sentries","floor":12.0,"turns":4.0},{"damage":0.0,"enemies":"Looter","floor":13.0,"turns":2.0},{"damage":12.0,"enemies":"The Guardian","floor":16.0,"turns":8.0},{"damage":0.0,"enemies":"3 Byrds","floor":18.0,"turns":3.0},{"damage":8.0,"enemies":"Shell Parasite","floor":20.0,"turns":5.0},{"damage":6.0,"enemies":"Centurion and Healer","floor":21.0,"turns":4.0},{"damage":5.0,"enemies":"3 Cultists","floor":22.0,"turns":5.0},{"damage":16,"enemies":"Slavers","floor":24,"turns":4},{"damage":1,"enemies":"Cultist and Chosen","floor":28,"turns":3},{"damage":0,"enemies":"Snake Plant","floor":29,"turns":3},{"damage":0,"enemies":"Gremlin Leader","floor":31,"turns":5},{"damage":20,"enemies":"Collector","floor":33,"turns":9},{"damage":1,"enemies":"3 Shapes","floor":35,"turns":2}],"seed_played":"2497941214302266303","potions_obtained":[{"floor":1.0,"key":"SneckoOil"},{"floor":2.0,"key":"Energy Potion"},{"floor":7.0,"key":"SkillPotion"},{"floor":10.0,"key":"ColorlessPotion"},{"floor":20.0,"key":"Weak Potion"},{"floor":22.0,"key":"FearPotion"},{"floor":29,"key":"Strength Potion"}],"is_trial":false,"path_per_floor":["M","M","M","M","M","?","M","R","T","E","R","E","M","?","R","B",null,"M","$","M","M","M","R","E","$","T","R","M","M","T","E","R","B",null,"M"],"character_chosen":"THE_SERVANT","items_purchased":["SilverBlades","DollysMirror"],"campfire_rested":1,"item_purchase_floors":[19,25],"current_hp_per_floor":[63,63,60,51,42,42,42,42,42,28,49,47,47,47,47,35,62,62,71,63,57,52,52,36,51,51,51,50,50,57,57,57,37,68,67,67],"gold":48,"neow_bonus":"TEN_PERCENT_HP_BONUS","is_daily":false,"chose_seed":false,"campfire_upgraded":5,"win_rate":0.0,"timestamp":1613252214,"path_taken":["M","M","M","M","M","?","M","R","T","E","R","E","M","?","R","BOSS","M","$","M","M","?","R","E","?","T","R","M","?","?","E","R","BOSS","M"],"items_purchased_type":["Card","Relic"],"build_version":"2020-12-22","purchased_purges":1,"victory":false,"max_hp_per_floor":[71,71,71,71,71,71,71,71,71,71,71,71,71,71,71,71,71,71,71,71,71,71,71,71,71,71,71,71,71,78,78,78,78,78,78,78],"card_choices":[{"not_picked":["Barrier","BottledTime"],"picked":"FastForward","floor":1.0},{"not_picked":["TimeWarp","SurpressingFire"],"picked":"Misdirection","floor":2.0},{"not_picked":["Starlight","DancingSilver"],"picked":"Ricochet","floor":3.0},{"not_picked":["Ricochet","Replace","Unruled"],"picked":"SKIP","floor":4.0},{"not_picked":["Ricochet","Replace"],"picked":"Unruled","floor":4.0},{"not_picked":["Moondial","ShatteredReality"],"picked":"Rearm","floor":5.0},{"not_picked":[],"picked":"DoubleEdge","floor":6.0},{"not_picked":[],"picked":"FastForward","floor":6.0},{"not_picked":[],"picked":"InstantArmor","floor":6.0},{"not_picked":[],"picked":"Rearm","floor":6.0},{"not_picked":[],"picked":"LightFlow","floor":6.0},{"not_picked":["Ricochet","Alleviate"],"picked":"Rewind","floor":7.0},{"not_picked":["Replace","Hightail"],"picked":"Gouge","floor":10.0},{"not_picked":["Misdirection","SilverMatrix"],"picked":"Defy","floor":11.0},{"not_picked":["Rewind","Revamp"],"picked":"BottledTime","floor":12.0},{"not_picked":["Snipe","Rewind"],"picked":"Defy","floor":13.0},{"not_picked":["Solidify","Duplication"],"picked":"Dilation","floor":16.0},{"not_picked":["Snipe","Starlight"],"picked":"Revamp","floor":18.0},{"not_picked":["RealityMarble","Ricochet"],"picked":"Luminosity","floor":20.0},{"not_picked":["TimeTheft","Moondial+1","ShatteredReality"],"picked":"SKIP","floor":21.0},{"not_picked":["ShatteredReality","Starlight"],"picked":"Luminosity","floor":22.0},{"not_picked":["ShatteredReality","Replace+1"],"picked":"SilverMatrix","floor":24},{"not_picked":["Potential","FastForward","Unruled","FanOfKnives+1"],"picked":"SKIP","floor":28},{"not_picked":["TimeWarp","Shuttle","Barrier+1"],"picked":"MurderousAura","floor":29},{"not_picked":["Unruled","Starlight","DoubleEdge","FastForward"],"picked":"SKIP","floor":31},{"not_picked":["Deny","ForgedInTime","Sunlight"],"picked":"TheWorld","floor":33}],"player_experience":1177652,"relics_obtained":[{"floor":9.0,"key":"Dream Catcher"},{"floor":10.0,"key":"MealTicket"},{"floor":12.0,"key":"Boot"},{"floor":24,"key":"Question Card"},{"floor":26,"key":"Darkstone Periapt"},{"floor":30,"key":"Strawberry"},{"floor":31,"key":"MawBank"}],"event_choices":[{"damage_healed":0.0,"max_hp_gain":0.0,"max_hp_loss":0.0,"gold_gain":0.0,"cards_transformed":["Strike_S"],"event_name":"Transmorgrifier","player_choice":"Transformed","floor":14.0,"gold_loss":0.0,"damage_taken":0.0,"cards_obtained":["Orbit"]}],"is_beta":false,"boss_relics":[{"not_picked":["reliquary:KinkedSpring","reliquary:WritOfMandamus"],"picked":"Ectoplasm"},{"not_picked":["SlaversCollar","Philosopher\u0027s Stone"],"picked":"reliquary:RedPaperclip"}],"items_purged_floors":[19],"is_endless":false,"potions_floor_spawned":[1,2,7,10,20,22,29,31],"killed_by":"3 Shapes","ascension_level":12}}