{"host":"tcdxiwht2vajk3tk","time":1613195040,"event":{"mods":["AchievementEnabler","BaseMod","Beaked The Cultist","Colored Powertips","Conspire","Defuse TimeMaze Blight","Downfall","Halation","Hermit","Hubris","Infinite Spire","Lobotomy","LobotomyExtend","Minty Spire (QoL Compilation)","Replay The Spire","Shop Mod","StSLib","The Cursed","The Disciple"],"gold_per_floor":[114,114,129,129,29,81,132,176,176,195,215,215],"floor_reached":11,"language":"ENG","playtime":1199,"items_purged":[],"score":91,"play_id":"c692245a-dddc-41d4-b85a-c00f6df2c145","local_time":"20210213004400","is_ascension_mode":true,"campfire_choices":[],"circlet_count":0,"master_deck":["TheCursedMod:Strike_TheCursed","TheCursedMod:Strike_TheCursed","TheCursedMod:Strike_TheCursed","TheCursedMod:Strike_TheCursed","TheCursedMod:Defend_TheCursed","TheCursedMod:Defend_TheCursed","TheCursedMod:Defend_TheCursed","TheCursedMod:Defend_TheCursed","TheCursedMod:CursedWand","TheCursedMod:CleanUpWorkshop","TheCursedMod:Dregs","TheCursedMod:Torture","TheCursedMod:CursedShiv","conspire:SpireCoStock","conspire:SpireCoStock","TheCursedMod:DemonSword","TheCursedMod:Obscuration","TheCursedMod:CircleOfFlame","TheCursedMod:SurpriseAttack"],"relics":["TheCursedMod:BlackMagic101","LetterFromLob","hubris:CrystalStatue","TheCursedMod:DemonicMark","hubris:DisguiseKit"],"acts_visited":["Exordium"],"potions_floor_usage":[],"damage_taken":[{"damage":8.0,"enemies":"Jaw Worm","floor":1.0,"turns":4.0},{"damage":0.0,"enemies":"2 Louse","floor":3.0,"turns":5.0},{"damage":47.0,"enemies":"3 Sentries","floor":6.0,"turns":14.0},{"damage":3.0,"enemies":"Cultist","floor":7.0,"turns":4.0},{"damage":20.0,"enemies":"Lagavulin","floor":8.0,"turns":8.0},{"damage":2,"enemies":"Gremlin Gang","floor":10,"turns":5},{"damage":8,"enemies":"Replay:BlueRogue","floor":11,"turns":3}],"seed_played":"-9191433621179367574","potions_obtained":[{"floor":3.0,"key":"BlessingOfTheForge"},{"floor":7.0,"key":"Explosive Potion"}],"is_trial":false,"path_per_floor":["M","?","M","$","?","E","M","E","T","M","E"],"character_chosen":"THE_CURSED","items_purchased":[],"campfire_rested":0,"item_purchase_floors":[],"current_hp_per_floor":[74,74,74,74,74,27,24,4,4,2,0,0],"gold":215,"neow_bonus":"TEN_PERCENT_HP_BONUS","is_daily":false,"chose_seed":false,"campfire_upgraded":0,"win_rate":0.0,"timestamp":1613195040,"path_taken":["M","?","M","$","?","E","M","E","T","M","E"],"items_purchased_type":[],"build_version":"2020-12-22","purchased_purges":0,"victory":false,"max_hp_per_floor":[82,82,82,82,82,82,82,82,82,82,82,82],"card_choices":[{"not_picked":["TheCursedMod:FuryStrike","TheCursedMod:Stretching"],"picked":"TheCursedMod:Torture","floor":1.0},{"not_picked":["TheCursedMod:Mangle","TheCursedMod:RapidMovement"],"picked":"TheCursedMod:CursedShiv","floor":3.0},{"not_picked":["TheCursedMod:Obscuration","TheCursedMod:CircleOfFlame"],"picked":"TheCursedMod:DemonSword","floor":6.0},{"not_picked":["TheCursedMod:CursedShiv","TheCursedMod:CircleOfFlame"],"picked":"TheCursedMod:Obscuration","floor":7.0},{"not_picked":["TheCursedMod:CursedMace","TheCursedMod:CursedAmulet"],"picked":"TheCursedMod:CircleOfFlame","floor":8.0},{"not_picked":["TheCursedMod:FuryStrike","TheCursedMod:ManaCirculation","True Grit"],"picked":"TheCursedMod:SurpriseAttack","floor":10}],"player_experience":1737448,"relics_obtained":[{"floor":1.0,"key":"LetterFromLob"},{"floor":6.0,"key":"hubris:CrystalStatue"},{"floor":8.0,"key":"TheCursedMod:DemonicMark"},{"floor":9.0,"key":"hubris:DisguiseKit"}],"event_choices":[{"damage_healed":0.0,"max_hp_gain":0.0,"max_hp_loss":0.0,"gold_gain":0.0,"event_name":"The Cleric","player_choice":"Leave","floor":2.0,"gold_loss":0.0,"damage_taken":0.0},{"damage_healed":0.0,"max_hp_gain":0.0,"max_hp_loss":0.0,"gold_gain":0.0,"event_name":"conspire:Investor","player_choice":"Invest 2","floor":5.0,"gold_loss":0.0,"damage_taken":0.0}],"is_beta":false,"boss_relics":[],"items_purged_floors":[],"is_endless":false,"potions_floor_spawned":[3,7],"killed_by":"Replay:BlueRogue","ascension_level":2}}