{"host":"f1maidnm8yjhsaty","time":1613198438,"event":{"mods":["BaseMod","Colored Map","Colored Powertips","Highlight Path","Infinite Spire","Minty Spire (QoL Compilation)","Replay The Spire","StSLib"],"gold_per_floor":[117,130,145,164,36,69,69,104,104,104,117,136,37,66,66,169,169,185,185,205,205,220,249,249,264,264,264,282,297,297,297],"floor_reached":30,"language":"ENG","playtime":2425,"items_purged":[],"score":374,"play_id":"526a1945-46b3-4362-9dd8-518fe1b95326","local_time":"20210213144038","is_ascension_mode":false,"campfire_choices":[{"floor":7,"key":"REST"},{"floor":15,"key":"REST"},{"floor":24,"key":"REST"}],"circlet_count":0,"master_deck":["Survivor","Neutralize","Masterful Stab","Footwork","Night Terror","Doppelganger","Adrenaline","ReplayTheSpireMod:Necrosis","Well Laid Plans","Finisher","Well Laid Plans","Dash","Endless Agony","Endless Agony","Backstab","Noxious Fumes","Enlightenment","Leg Sweep","Unload","Deadly Poison","Pot Of Greed","Pot Of Greed","Finisher","Crippling Poison","Infinite Blades","Masterful Stab","Pot Of Greed","Infinite Blades","ReplayTheSpireMod:From All Sides","Slice","infinitespire:Collect","Backflip","Bite","Bite","Bite","Bite","Bite","Bouncing Flask","Adrenaline","Pot Of Greed","Endless Agony","Backflip+1","Finisher+1"],"relics":["Pandora\u0027s Box","Blue Doll","ReplayFunnel","Grinning Jar","infinitespire:EmpoweringShard","Philosopher\u0027s Stone","infinitespire:Lychee Nut","ReplayTheSpireMod:Lightbulb","infinitespire:Eraser","Replay:Mystery Machine"],"acts_visited":["Exordium","TheCity"],"potions_floor_usage":[6,6,16,16,18,20,23,30],"damage_taken":[{"damage":1,"enemies":"Jaw Worm","floor":1,"turns":3},{"damage":0,"enemies":"infinitespire:Voidling","floor":2,"turns":3},{"damage":0,"enemies":"2 Louse","floor":3,"turns":2},{"damage":0,"enemies":"2 Fungi Beasts","floor":4,"turns":3},{"damage":22,"enemies":"Replay:BlueRogue","floor":6,"turns":4},{"damage":0,"enemies":"Gremlin Nob","floor":8,"turns":2},{"damage":0,"enemies":"Looter","floor":11,"turns":2},{"damage":12,"enemies":"Blue Slaver","floor":12,"turns":2},{"damage":26,"enemies":"Replay:BlueRogue","floor":14,"turns":4},{"damage":26,"enemies":"The Guardian","floor":16,"turns":9},{"damage":0,"enemies":"Shell Parasite","floor":18,"turns":2},{"damage":4,"enemies":"3 Byrds","floor":20,"turns":2},{"damage":10,"enemies":"Snake Plant","floor":22,"turns":4},{"damage":44,"enemies":"Slavers","floor":23,"turns":5},{"damage":0,"enemies":"Cultist and Chosen","floor":25,"turns":4},{"damage":20,"enemies":"3 Cultists","floor":28,"turns":4},{"damage":17,"enemies":"Sentry and Sphere","floor":29,"turns":4},{"damage":28,"enemies":"Nightmare","floor":30,"turns":4}],"seed_played":"7310590427867960511","potions_obtained":[{"floor":2,"key":"PowerPotion"},{"floor":4,"key":"Fire Potion"},{"floor":6,"key":"DuplicationPotion"},{"floor":11,"key":"LiquidBronze"},{"floor":16,"key":"AttackPotion"},{"floor":18,"key":"AttackPotion"},{"floor":20,"key":"Elixir"},{"floor":22,"key":"Swift Potion"},{"floor":25,"key":"Poison Potion"}],"is_trial":false,"path_per_floor":["M","M","M","M","$","E","R","E","T","?","M","M","$","E","R","B",null,"M","AVR","M","?","M","E","R","M","T","?","M","M","NM"],"character_chosen":"THE_SILENT","items_purchased":["Enlightenment","Leg Sweep","Infinite Blades","Masterful Stab"],"campfire_rested":3,"item_purchase_floors":[5,5,13,13],"current_hp_per_floor":[69,69,69,69,69,47,68,68,68,70,70,58,58,32,53,27,70,70,52,50,36,33,1,11,24,24,24,14,11,0,0],"gold":297,"neow_bonus":"BOSS_RELIC","is_daily":false,"chose_seed":false,"campfire_upgraded":0,"win_rate":0.0,"timestamp":1613198438,"path_taken":["M","M","M","M","$","E","R","E","T","?","M","?","$","E","R","BOSS","M","AVR","M","?","M","E","R","M","T","?","?","M","NM"],"items_purchased_type":["Card","Card","Card","Card"],"build_version":"2020-12-22","purchased_purges":0,"victory":false,"max_hp_per_floor":[70,70,70,70,70,70,70,70,70,70,70,70,70,70,70,70,70,70,52,52,36,36,36,36,36,36,36,36,36,36,36],"card_choices":[{"not_picked":["Slice","Acrobatics"],"picked":"Endless Agony","floor":1},{"not_picked":["Predator","Blade Dance"],"picked":"Endless Agony","floor":2},{"not_picked":["Blade Dance","Reflex"],"picked":"Backstab","floor":3},{"not_picked":["Acrobatics","Finisher"],"picked":"Noxious Fumes","floor":4},{"not_picked":["Die Die Die","Heel Hook"],"picked":"Unload","floor":6},{"not_picked":["Deflect","Sucker Punch"],"picked":"Deadly Poison","floor":8},{"not_picked":["Eviscerate","Backflip"],"picked":"Finisher","floor":11},{"not_picked":["Predator","Poisoned Stab"],"picked":"Crippling Poison","floor":12},{"not_picked":["Poisoned Stab","Acrobatics"],"picked":"Infinite Blades","floor":14},{"not_picked":["Unload","ReplayTheSpireMod:Necrosis"],"picked":"ReplayTheSpireMod:From All Sides","floor":16},{"not_picked":["Acrobatics","Prepared"],"picked":"Slice","floor":18},{"not_picked":["Heel Hook","Prepared"],"picked":"Backflip","floor":20},{"not_picked":["Backflip","Dodge and Roll"],"picked":"Bouncing Flask","floor":22},{"not_picked":["Die Die Die","Prepared"],"picked":"Adrenaline","floor":23},{"not_picked":["Dodge and Roll","Acrobatics"],"picked":"Endless Agony","floor":25},{"not_picked":["Dodge and Roll","Riddle With Holes"],"picked":"Backflip+1","floor":28},{"not_picked":["Backstab","Noxious Fumes"],"picked":"Finisher+1","floor":29}],"player_experience":674802,"relics_obtained":[{"floor":6,"key":"Blue Doll"},{"floor":8,"key":"ReplayFunnel"},{"floor":9,"key":"Grinning Jar"},{"floor":14,"key":"infinitespire:EmpoweringShard"},{"floor":23,"key":"ReplayTheSpireMod:Lightbulb"},{"floor":26,"key":"infinitespire:Eraser"}],"event_choices":[{"damage_healed":2,"gold_gain":0,"player_choice":"Full Heal","damage_taken":0,"max_hp_gain":0,"max_hp_loss":0,"event_name":"Wheel of Change","floor":10,"gold_loss":0},{"damage_healed":0,"gold_gain":0,"player_choice":"Became a vampire","damage_taken":0,"max_hp_gain":0,"max_hp_loss":16,"event_name":"Vampires","floor":21,"gold_loss":0,"cards_obtained":["Bite","Bite","Bite","Bite","Bite"]},{"damage_healed":0,"gold_gain":0,"player_choice":"Gave Potion","damage_taken":0,"relics_obtained":["Replay:Mystery Machine"],"max_hp_gain":0,"max_hp_loss":0,"event_name":"WeMeetAgain","floor":27,"gold_loss":0}],"is_beta":false,"boss_relics":[{"not_picked":["Velvet Choker","infinitespire:Cupcake"],"picked":"Philosopher\u0027s Stone"}],"items_purged_floors":[],"is_endless":false,"potions_floor_spawned":[2,4,6,11,16,18,20,22,25],"killed_by":"Nightmare","ascension_level":0}}