{"host":"hl3ams4am2ku5u4p","time":1613258499,"event":{"mods":["AchievementEnabler","Act Like it!","Aspiration","BaseMod","Beaked The Cultist","BetterRewards","CatGirl Mod","Colored Map","Colored Powertips","Conspire","Downfall","Energized Spire","Halation","Hallownest","HornydragonMod","Hubris","Infinite Spire","Mad Scientist","Magitek Elite","Minty Spire (QoL Compilation)","READ ME - Guardian Mod","Replay The Spire","Spikes Relics","StSLib","SuperFastMode","The Blackbeard","The Bug Knight","The Construct","The Disciple","The Jungle","The Mystic","The Necromancer","The Senshi"],"gold_per_floor":[117,117,117,137,157,187,187,219,219,219,219,219,219,233,233,338,338,354,354,395,395,407,441,441,473,553,553,564,241,252,252,252,353,353,373,291,291,291,223,223,238,87,87,87,120,120,136,153,153,153],"floor_reached":51,"language":"FRA","playtime":1927,"items_purged":["Defend_B"],"score":1033,"play_id":"2a229609-db4c-4078-8270-7e9fa668e3d2","local_time":"20210214002139","is_ascension_mode":true,"campfire_choices":[{"data":"Zap","floor":7,"key":"SMITH"},{"data":"Gash","floor":10,"key":"SMITH"},{"data":"All For One","floor":12,"key":"SMITH"},{"data":"Gash","floor":15,"key":"SMITH"},{"data":"Conserve Battery","floor":24,"key":"SMITH"},{"data":"Gash","floor":27,"key":"SMITH"},{"floor":32,"key":"REST"},{"data":"Capacitor","floor":40,"key":"SMITH"},{"floor":44,"key":"REST"},{"data":"Defragment","floor":46,"key":"SMITH"},{"floor":49,"key":"REST"}],"circlet_count":0,"master_deck":["Strike_B+1","Strike_B+1","Strike_B+1","Defend_B+1","Defend_B+1","Defend_B+1","Zap+1","Dualcast","All For One+1","Ball Lightning+1","Conserve Battery+1","Gash+1","Gash+1","Rebound","Sweeping Beam+1","Streamline+1","Gash+1","hubris:Ukulele","Defragment+1","Electrodynamics","ReplayTheSpireMod:Calculation Training","Capacitor+1","Barrage+1","Reboot","Leap+1","ReplayTheSpireMod:Calculation Training+1"],"relics":["Cracked Core","Pear","Torii","Whetstone","ReplayTheSpireMod:Shallot","infinitespire:Satchel","hubris:TerracottaHorce","GiantMaggot","aspiration:SneckoTail","Replay:PocketPolymizer","MiniBlackHole","Gremlin Horn","energizedSpire:UnstableMolecules","Thread and Needle","The Courier"],"acts_visited":["Exordium","TheCity","TheBeyond"],"potions_floor_usage":[6,6,23,28,33,33,48,50],"damage_taken":[{"damage":9,"enemies":"Jaw Worm","floor":1,"turns":3},{"damage":0,"enemies":"2 Louse","floor":4,"turns":2},{"damage":9,"enemies":"Small Slimes","floor":5,"turns":3},{"damage":6,"enemies":"Lagavulin","floor":6,"turns":7},{"damage":8,"enemies":"Gremlin Nob","floor":8,"turns":3},{"damage":0,"enemies":"2 Fungi Beasts","floor":14,"turns":2},{"damage":9,"enemies":"Fading Forest","floor":16,"turns":11},{"damage":0,"enemies":"Spheric Guardian","floor":18,"turns":2},{"damage":0,"enemies":"Chosen","floor":22,"turns":3},{"damage":1,"enemies":"Gremlin Leader","floor":23,"turns":5},{"damage":2,"enemies":"Slavers","floor":25,"turns":4},{"damage":0,"enemies":"Snecko","floor":28,"turns":3},{"damage":6,"enemies":"conspire:HollyBat","floor":30,"turns":5},{"damage":10,"enemies":"conspire:MysteriousRune","floor":33,"turns":6},{"damage":12,"enemies":"Orb Walker","floor":35,"turns":3},{"damage":16,"enemies":"3 Darklings","floor":41,"turns":3},{"damage":0,"enemies":"HollowMod:StalkingDevout","floor":45,"turns":4},{"damage":0,"enemies":"4 Shapes","floor":47,"turns":2},{"damage":16,"enemies":"Jaw Worm Horde","floor":48,"turns":4},{"damage":57,"enemies":"infinitespire:MassOfShapes","floor":50,"turns":9}],"seed_played":"17534357207759116","potions_obtained":[{"floor":1,"key":"Cursed Concoction"},{"floor":4,"key":"Flashbang"},{"floor":6,"key":"sneckomod:MuddlingPotion"},{"floor":14,"key":"Block Potion"},{"floor":18,"key":"Guardian:BlockOnCardUsePotion"},{"floor":22,"key":"ColorlessPotion"},{"floor":25,"key":"sneckomod:MuddlingPotion"},{"floor":33,"key":"BlessingOfTheForge"},{"floor":45,"key":"SkillPotion"},{"floor":47,"key":"FearPotion"}],"is_trial":false,"path_per_floor":["M","?","?","M","M","E","R","E","T","R","?","R","?","M","R","B",null,"M","?","?","AVR","M","E","R","E","T","R","M","$","M","?","R","B",null,"M","$","?","?","$","R","M","$","T","R","E","R","M","M","R","B",null],"character_chosen":"DEFECT","items_purchased":["Pear","All For One","hubris:Ukulele","Gremlin Horn","ReplayTheSpireMod:Calculation Training","Capacitor","Reboot"],"campfire_rested":3,"item_purchase_floors":[0,0,29,29,36,39,42],"current_hp_per_floor":[68,68,85,85,76,70,70,62,62,62,62,62,62,62,62,63,80,80,80,80,80,80,79,79,77,77,77,77,77,71,55,80,70,81,69,69,69,69,69,69,53,53,53,78,78,78,78,62,85,28],"gold":153,"neow_bonus":"","is_daily":false,"chose_seed":false,"campfire_upgraded":8,"win_rate":0.0,"timestamp":1613258499,"path_taken":["M","?","?","M","M","E","R","E","T","R","?","R","?","M","R","BOSS","M","?","?","AVR","M","E","R","E","T","R","M","$","M","?","R","BOSS","M","$","?","?","$","R","M","?","T","R","E","R","?","M","R","BOSS"],"items_purchased_type":["Relic","Card","Card","Relic","Card","Card","Card"],"build_version":"2020-12-22","purchased_purges":1,"victory":true,"max_hp_per_floor":[85,85,85,85,85,85,85,85,85,85,85,85,85,85,85,85,85,85,85,85,85,85,85,85,85,85,85,85,85,85,85,85,85,85,85,85,85,85,85,85,85,85,85,85,85,85,85,85,85,85],"card_choices":[{"not_picked":["Chill","Leap"],"picked":"Ball Lightning","floor":1},{"not_picked":["ReplayTheSpireMod:Dual Polarity","Turbo","Stack"],"picked":"SKIP","floor":4},{"not_picked":["BasicCrystalCard","Scrape","Glacier"],"picked":"SKIP","floor":5},{"not_picked":["aspiration:Polymerization","Amplify"],"picked":"Gash","floor":6},{"not_picked":["Coolheaded","Turbo","Redo"],"picked":"SKIP","floor":8},{"not_picked":["Conserve Battery","Turbo"],"picked":"Gash","floor":14},{"not_picked":["Recycle","ReplayTheSpireMod:System Scan","Turbo+1"],"picked":"SKIP","floor":18},{"not_picked":["Cold Snap","Steam"],"picked":"Rebound","floor":20},{"not_picked":["Redo","Hologram"],"picked":"Sweeping Beam+1","floor":22},{"not_picked":["Coolheaded","BasicCrystalCard"],"picked":"Streamline+1","floor":23},{"not_picked":["Cold Snap","Turbo"],"picked":"Gash","floor":25},{"not_picked":["ReplaySort","Panic Button","Mirror Shield"],"picked":"SKIP","floor":28},{"not_picked":["Stack+1","Sweeping Beam"],"picked":"Defragment","floor":30},{"not_picked":["ReplayRNGCard","Reboot"],"picked":"Electrodynamics","floor":33},{"not_picked":["Recycle+1","Redo","Auto Shields"],"picked":"SKIP","floor":35},{"not_picked":["Gash","Coolheaded+1"],"picked":"Barrage+1","floor":41},{"not_picked":["Rebound","Self Repair+1"],"picked":"Leap+1","floor":45},{"not_picked":["Stack","Steam+1"],"picked":"ReplayTheSpireMod:Calculation Training+1","floor":47},{"not_picked":["Hologram+1","Blizzard+1","Steam Power+1"],"picked":"SKIP","floor":48}],"player_experience":64827,"relics_obtained":[{"floor":6,"key":"Torii"},{"floor":8,"key":"Whetstone"},{"floor":9,"key":"ReplayTheSpireMod:Shallot"},{"floor":13,"key":"infinitespire:Satchel"},{"floor":20,"key":"GiantMaggot"},{"floor":23,"key":"Replay:PocketPolymizer"},{"floor":25,"key":"MiniBlackHole"},{"floor":43,"key":"Thread and Needle"},{"floor":45,"key":"The Courier"}],"event_choices":[{"damage_healed":28,"gold_gain":0,"player_choice":"Banana","damage_taken":0,"max_hp_gain":0,"max_hp_loss":0,"event_name":"Big Fish","floor":3,"gold_loss":0},{"cards_removed":["Strike_B"],"damage_healed":0,"gold_gain":0,"player_choice":"Forget","damage_taken":0,"max_hp_gain":0,"max_hp_loss":0,"event_name":"Living Wall","floor":11,"gold_loss":0},{"damage_healed":0,"gold_gain":0,"player_choice":"Simplicity","damage_taken":0,"max_hp_gain":0,"max_hp_loss":0,"event_name":"Back to Basics","floor":19,"gold_loss":0,"cards_upgraded":["Strike_B","Strike_B","Defend_B","Defend_B","Defend_B"]},{"damage_healed":0,"gold_gain":0,"player_choice":"Obtained Book","damage_taken":16,"max_hp_gain":0,"max_hp_loss":0,"event_name":"Cursed Tome","floor":31,"gold_loss":0},{"damage_healed":0,"gold_gain":0,"player_choice":"Leave","damage_taken":0,"max_hp_gain":0,"max_hp_loss":0,"event_name":"conspire:Investor","floor":38,"gold_loss":0}],"is_beta":false,"boss_relics":[{"not_picked":["construct:ClawGrip","halation:Risk"],"picked":"hubris:TerracottaHorce"},{"not_picked":["SacredBark","Nuclear Battery"],"picked":"energizedSpire:UnstableMolecules"}],"items_purged_floors":[0],"is_endless":false,"potions_floor_spawned":[1,4,6,14,18,22,25,33,45,47],"ascension_level":2}}