{"host":"a20qfyjn5xm2mdxh","time":1613204383,"event":{"mods":["BaseMod","Gremlin Mod","Hermit","Minty Spire (QoL Compilation)","Relic Stats","Reliquary","Replay The Spire","Shop Mod","StSLib","The Cursed"],"gold_per_floor":[113,125,137,152,152,152,169,201,201,217,217,217],"floor_reached":11,"language":"ZHS","playtime":702,"items_purged":[],"score":77,"play_id":"7bf96447-0104-4aec-a3a4-50ba479d7faf","local_time":"20210213161943","is_ascension_mode":false,"campfire_choices":[{"data":"hermit:TakeAim","floor":6,"key":"SMITH"}],"circlet_count":0,"master_deck":["hermit:Strike_Hermit","hermit:Strike_Hermit","hermit:Strike_Hermit","hermit:Strike_Hermit","hermit:Defend_Hermit","hermit:Defend_Hermit","hermit:Defend_Hermit","hermit:Defend_Hermit","hermit:Snapshot","hermit:Covet","hermit:TakeAim+1","hermit:EyeOfTheStorm","hermit:DeadMansHand","hermit:Feint","hermit:SprayPray","hermit:GoldenBullet","hermit:Determination"],"relics":["hermit:Momento","NeowsBlessing","Gambling Chip","reliquary:NewFriend","The Courier"],"acts_visited":["Exordium"],"potions_floor_usage":[11],"damage_taken":[{"damage":0,"enemies":"Cultist","floor":1,"turns":1},{"damage":0,"enemies":"Small Slimes","floor":2,"turns":1},{"damage":0,"enemies":"Jaw Worm","floor":3,"turns":1},{"damage":11,"enemies":"Red Slaver","floor":4,"turns":5},{"damage":10,"enemies":"2 Fungi Beasts","floor":7,"turns":4},{"damage":46,"enemies":"Gremlin Nob","floor":8,"turns":6},{"damage":5,"enemies":"Exordium Thugs","floor":10,"turns":4},{"damage":10,"enemies":"Lagavulin","floor":11,"turns":3}],"seed_played":"4068021825285001532","potions_obtained":[{"floor":1,"key":"Venom Potion"},{"floor":8,"key":"Explosive Potion"}],"is_trial":false,"path_per_floor":["M","M","M","M","?","R","M","E","T","M","E"],"character_chosen":"HERMIT","items_purchased":[],"campfire_rested":0,"item_purchase_floors":[],"current_hp_per_floor":[75,75,75,64,64,64,54,8,8,3,0,0],"gold":217,"neow_bonus":"THREE_ENEMY_KILL","is_daily":false,"chose_seed":false,"campfire_upgraded":1,"win_rate":0.0,"timestamp":1613204383,"path_taken":["M","?","M","M","?","R","M","E","T","?","E"],"items_purchased_type":[],"build_version":"2020-12-22","purchased_purges":0,"victory":false,"max_hp_per_floor":[75,75,75,75,75,75,75,75,75,75,75,75],"relic_stats":{"counters":[8,25],"Gambling Chip":[11],"obtain_stats":[{"NeowsBlessing":0,"Gambling Chip":5,"reliquary:NewFriend":8,"The Courier":9,"hermit:Momento":0},{"NeowsBlessing":0,"Gambling Chip":4,"reliquary:NewFriend":6,"The Courier":6,"hermit:Momento":0},{"NeowsBlessing":0,"Gambling Chip":8,"reliquary:NewFriend":18,"The Courier":18,"hermit:Momento":0}]},"card_choices":[{"not_picked":["hermit:NoHoldsBarred","hermit:CalledShot"],"picked":"hermit:TakeAim","floor":1},{"not_picked":["hermit:LuckOfTheDraw","hermit:Misfire"],"picked":"hermit:EyeOfTheStorm","floor":2},{"not_picked":["hermit:Headshot","hermit:ItchyTrigger"],"picked":"hermit:DeadMansHand","floor":3},{"not_picked":["hermit:Showdown","hermit:Midnight"],"picked":"hermit:Feint","floor":4},{"not_picked":["hermit:Snipe","hermit:WideOpen"],"picked":"hermit:SprayPray","floor":7},{"not_picked":["hermit:DeadOrAlive","hermit:Determination"],"picked":"hermit:GoldenBullet","floor":8},{"not_picked":["hermit:Desperado","hermit:BodyArmor"],"picked":"hermit:Determination","floor":10}],"player_experience":245415,"relics_obtained":[{"floor":8,"key":"reliquary:NewFriend"},{"floor":9,"key":"The Courier"}],"event_choices":[{"damage_healed":0,"gold_gain":0,"player_choice":"Gave Potion","damage_taken":0,"relics_obtained":["Gambling Chip"],"max_hp_gain":0,"max_hp_loss":0,"event_name":"WeMeetAgain","floor":5,"gold_loss":0}],"is_beta":false,"boss_relics":[],"items_purged_floors":[],"is_endless":false,"potions_floor_spawned":[1,8],"killed_by":"Lagavulin","ascension_level":0}}