{"host":"5jdby9iqu3ct6557","time":1613254805,"event":{"mods":["BaseMod","DeckTracker","Highlight Path","Minty Spire (QoL Compilation)","Relic Stats","StSLib","ojb\u0027s Info Mod"],"gold_per_floor":[110,128,145,156,156,186,186,197,266,277,277,13,13,13,13,111,111,125,161,174,16,34,34,67,86,133,133,133,152,6,31,31,120,120,138,88,102,60,60,103,325,325,351,365,365,365],"floor_reached":45,"language":"ENG","playtime":3362,"items_purged":["Strike_R"],"score":955,"play_id":"8e3a0ec0-e5a8-4aa8-8951-c69e3dae6e64","local_time":"20210213172005","is_ascension_mode":true,"campfire_choices":[{"floor":7.0,"key":"REST"},{"data":"Flex","floor":11.0,"key":"SMITH"},{"data":"Bash","floor":15.0,"key":"SMITH"},{"floor":23.0,"key":"REST"},{"floor":27.0,"key":"REST"},{"floor":32.0,"key":"REST"},{"floor":42,"key":"REST"}],"circlet_count":0,"master_deck":["AscendersBane","Bash+1","Flex+1","Pummel","Clothesline","Rage","Headbutt+1","Ghostly Armor","Flash of Steel","Brutality","Infernal Blade+1","Impervious+1","Impervious+1","Body Slam","Twin Strike","Impervious+1","Chrysalis","Spot Weakness","Double Tap","Battle Trance","Searing Blow","Cleave","Fire Breathing","Dark Embrace","Double Tap+1","Body Slam"],"relics":["Busted Crown","Pantograph","HornCleat","Orrery","Golden Idol","Astrolabe","Red Mask","Membership Card","Turnip","Bag of Preparation","Pandora\u0027s Box","PreservedInsect"],"acts_visited":["Exordium","TheCity","TheBeyond"],"potions_floor_usage":[33,33,40,40],"damage_taken":[{"damage":0.0,"enemies":"Cultist","floor":1.0,"turns":3.0},{"damage":2.0,"enemies":"Jaw Worm","floor":2.0,"turns":3.0},{"damage":0.0,"enemies":"2 Louse","floor":3.0,"turns":2.0},{"damage":17.0,"enemies":"Large Slime","floor":4.0,"turns":6.0},{"damage":55.0,"enemies":"3 Sentries","floor":6.0,"turns":13.0},{"damage":8.0,"enemies":"Blue Slaver","floor":8.0,"turns":3.0},{"damage":12.0,"enemies":"Lots of Slimes","floor":10.0,"turns":4.0},{"damage":19.0,"enemies":"Slime Boss","floor":16.0,"turns":7.0},{"damage":6.0,"enemies":"3 Byrds","floor":18.0,"turns":3.0},{"damage":8.0,"enemies":"Masked Bandits","floor":19.0,"turns":4.0},{"damage":1.0,"enemies":"2 Thieves","floor":20.0,"turns":4.0},{"damage":9.0,"enemies":"Snake Plant","floor":22.0,"turns":3.0},{"damage":21.0,"enemies":"Book of Stabbing","floor":24.0,"turns":5.0},{"damage":27.0,"enemies":"Sentry and Sphere","floor":25.0,"turns":10.0},{"damage":1.0,"enemies":"Centurion and Healer","floor":29.0,"turns":7.0},{"damage":7.0,"enemies":"Snake Plant","floor":31.0,"turns":4.0},{"damage":31,"enemies":"Automaton","floor":33,"turns":11},{"damage":0,"enemies":"Orb Walker","floor":35,"turns":4},{"damage":18,"enemies":"3 Shapes","floor":37,"turns":10},{"damage":34,"enemies":"Reptomancer","floor":40,"turns":7},{"damage":7,"enemies":"Jaw Worm Horde","floor":44,"turns":4},{"damage":20,"enemies":"Nemesis","floor":45,"turns":2}],"seed_played":"7892639090370743134","potions_obtained":[{"floor":6.0,"key":"FearPotion"},{"floor":8.0,"key":"BloodPotion"},{"floor":10.0,"key":"CultistPotion"},{"floor":16.0,"key":"LiquidBronze"},{"floor":19.0,"key":"SteroidPotion"},{"floor":25.0,"key":"Explosive Potion"},{"floor":29.0,"key":"Block Potion"},{"floor":33,"key":"ElixirPotion"},{"floor":35,"key":"Strength Potion"},{"floor":40,"key":"Ancient Potion"}],"is_trial":false,"path_per_floor":["M","M","M","M","?","E","R","M","T","M","R","$","?","?","R","B",null,"M","?","M","$","M","R","E","M","T","R","?","M","$","M","R","B",null,"M","?","M","$","?","E","?","R","T","M","E"],"character_chosen":"IRONCLAD","items_purchased":["Orrery","Flash of Steel","Membership Card","Chrysalis","LiquidMemories"],"campfire_rested":5,"item_purchase_floors":[12,12,21,30,38],"current_hp_per_floor":[68,66,66,49,74,19,41,33,33,36,36,36,18,18,18,24,57,51,43,42,42,33,53,32,5,5,25,25,24,24,17,37,31,59,59,59,41,41,41,7,7,27,27,20,0,0],"gold":365,"neow_bonus":"BOSS_RELIC","is_daily":false,"chose_seed":false,"campfire_upgraded":2,"win_rate":0.0,"timestamp":1613254805,"path_taken":["M","M","?","M","?","E","R","M","T","M","R","$","?","?","R","BOSS","M","?","M","$","M","R","E","M","T","R","?","?","$","M","R","BOSS","M","?","?","?","?","E","?","R","T","M","E"],"items_purchased_type":["Relic","Card","Relic","Card","Potion"],"build_version":"2020-12-22","purchased_purges":1,"victory":false,"max_hp_per_floor":[75,75,75,75,75,75,75,75,75,75,75,75,75,68,68,68,68,68,68,68,68,68,68,68,68,68,68,68,68,68,68,68,68,68,68,68,68,68,68,68,68,68,68,68,68,68],"relic_stats":{"Busted Crown":52,"counters":[22,119],"Golden Idol":94,"Pantograph":50,"Astrolabe":["Infernal Blade","Impervious","Impervious"],"Pandora\u0027s Box":["Battle Trance","Searing Blow","Cleave","Fire Breathing","Dark Embrace","Double Tap"],"Turnip":[11],"PreservedInsect":50,"Bag of Preparation":[16],"obtain_stats":[{"Golden Idol":14,"Astrolabe":17,"PreservedInsect":40,"Bag of Preparation":26,"Burning Blood":0,"Busted Crown":0,"HornCleat":9,"Pantograph":6,"Orrery":12,"Pandora\u0027s Box":34,"Turnip":24,"Red Mask":19,"Membership Card":21},{"Golden Idol":7,"Astrolabe":8,"PreservedInsect":20,"Bag of Preparation":14,"Burning Blood":0,"Busted Crown":0,"HornCleat":6,"Pantograph":5,"Orrery":7,"Pandora\u0027s Box":17,"Turnip":13,"Red Mask":10,"Membership Card":11},{"Golden Idol":34,"Astrolabe":41,"PreservedInsect":113,"Bag of Preparation":70,"Burning Blood":0,"Busted Crown":0,"HornCleat":30,"Pantograph":27,"Orrery":34,"Pandora\u0027s Box":92,"Turnip":60,"Red Mask":48,"Membership Card":52}]},"card_choices":[{"not_picked":[],"picked":"Flex","floor":1.0},{"not_picked":[],"picked":"Iron Wave","floor":3.0},{"not_picked":[],"picked":"Pummel","floor":6.0},{"not_picked":[],"picked":"Clothesline","floor":8.0},{"not_picked":[],"picked":"Clash","floor":10.0},{"not_picked":[],"picked":"Rage","floor":12.0},{"not_picked":[],"picked":"Headbutt","floor":12.0},{"not_picked":[],"picked":"Ghostly Armor","floor":12.0},{"not_picked":[],"picked":"Brutality","floor":16.0},{"not_picked":[],"picked":"Body Slam","floor":18.0},{"not_picked":[],"picked":"Twin Strike","floor":19.0},{"not_picked":[],"picked":"Spot Weakness","floor":31.0},{"not_picked":[],"picked":"Double Tap","floor":33},{"not_picked":[],"picked":"Body Slam","floor":35}],"player_experience":2722151,"relics_obtained":[{"floor":6.0,"key":"Pantograph"},{"floor":9.0,"key":"HornCleat"},{"floor":19.0,"key":"Red Mask"},{"floor":24.0,"key":"Turnip"},{"floor":26.0,"key":"Bag of Preparation"},{"floor":40,"key":"PreservedInsect"}],"event_choices":[{"damage_healed":25.0,"max_hp_gain":0.0,"max_hp_loss":0.0,"gold_gain":0.0,"event_name":"Big Fish","player_choice":"Banana","floor":5.0,"gold_loss":0.0,"damage_taken":0.0},{"damage_healed":0.0,"max_hp_gain":0.0,"max_hp_loss":0.0,"gold_gain":0.0,"event_name":"Scrap Ooze","player_choice":"Fled","floor":13.0,"gold_loss":0.0,"damage_taken":18.0},{"damage_healed":0.0,"max_hp_gain":0.0,"max_hp_loss":7.0,"gold_gain":0.0,"event_name":"Golden Idol","player_choice":"Lose Max HP","floor":14.0,"gold_loss":0.0,"damage_taken":0.0,"relics_obtained":["Golden Idol"]},{"damage_healed":0.0,"max_hp_gain":0.0,"max_hp_loss":0.0,"gold_gain":0.0,"event_name":"Masked Bandits","player_choice":"Fought Bandits","floor":19.0,"gold_loss":0.0,"damage_taken":0.0},{"damage_healed":0.0,"max_hp_gain":0.0,"max_hp_loss":0.0,"gold_gain":0.0,"event_name":"Duplicator","player_choice":"Copied","floor":28.0,"gold_loss":0.0,"damage_taken":0.0,"cards_obtained":["Impervious"]},{"damage_healed":0,"gold_gain":0,"player_choice":"Upgraded Two","damage_taken":0,"max_hp_gain":0,"max_hp_loss":0,"event_name":"Designer","floor":36,"gold_loss":50,"cards_upgraded":["Double Tap","Headbutt"]},{"cards_removed":["Iron Wave"],"damage_healed":0,"gold_gain":0,"player_choice":"Removed Attack","damage_taken":0,"max_hp_gain":0,"max_hp_loss":0,"event_name":"Falling","floor":39,"gold_loss":0},{"damage_healed":0,"gold_gain":222,"player_choice":"Wore Mask","damage_taken":0,"max_hp_gain":0,"max_hp_loss":0,"event_name":"Tomb of Lord Red Mask","floor":41,"gold_loss":0}],"is_beta":false,"boss_relics":[{"not_picked":["Runic Dome","Cursed Key"],"picked":"Astrolabe"},{"not_picked":["Philosopher\u0027s Stone","Velvet Choker"],"picked":"Pandora\u0027s Box"}],"items_purged_floors":[30],"is_endless":false,"potions_floor_spawned":[6,8,10,16,19,25,29,33,35,40],"killed_by":"Nemesis","ascension_level":20}}