{"host":"1avr1135to2copjv","time":1613241423,"event":{"mods":["BaseMod","Colored Map","Colored Powertips","Minty Spire (QoL Compilation)","Relic Stats","StSLib"],"gold_per_floor":[109,109,109,34,47,86,86,86,113,131,147,19,38,51,51,144,144,128,148,148,148,148,148,60,99,99,133,152,152,152,170,170,170,170],"floor_reached":33,"language":"ENG","playtime":1808,"items_purged":["Regret"],"score":566,"play_id":"45e54319-5269-4997-8180-e73fbad92b16","local_time":"20210213213703","is_ascension_mode":true,"campfire_choices":[{"data":"Neutralize","floor":7,"key":"SMITH"},{"data":"Well Laid Plans","floor":15,"key":"SMITH"},{"data":"Leg Sweep","floor":23,"key":"SMITH"},{"floor":29,"key":"REST"},{"data":"Malaise","floor":32,"key":"SMITH"}],"circlet_count":0,"master_deck":["AscendersBane","Strike_G+1","Strike_G+1","Strike_G+1","Defend_G+1","Defend_G+1","Defend_G+1","Defend_G+1","Defend_G+1","Survivor","Neutralize+1","Blade Dance","Well Laid Plans+1","Cloak And Dagger","Dagger Spray","Dagger Throw","Blade Dance","Flying Knee","Corpse Explosion","Escape Plan","Phantasmal Killer","Leg Sweep+1","Accuracy","Acrobatics","Malaise+1","Bouncing Flask"],"relics":["Ring of the Snake","NeowsBlessing","Golden Idol","Bronze Scales","Blood Vial","Omamori","Sozu","Ninja Scroll","InkBottle","Red Mask","Juzu Bracelet"],"acts_visited":["Exordium","TheCity"],"potions_floor_usage":[33,33],"damage_taken":[{"damage":0,"enemies":"Jaw Worm","floor":1,"turns":1},{"damage":0,"enemies":"Small Slimes","floor":5,"turns":1},{"damage":0,"enemies":"Lagavulin","floor":6,"turns":1},{"damage":0,"enemies":"2 Louse","floor":10,"turns":2},{"damage":2,"enemies":"Blue Slaver","floor":11,"turns":4},{"damage":1,"enemies":"2 Fungi Beasts","floor":13,"turns":3},{"damage":2,"enemies":"3 Louse","floor":14,"turns":2},{"damage":13,"enemies":"The Guardian","floor":16,"turns":14},{"damage":21,"enemies":"2 Thieves","floor":18,"turns":4},{"damage":0,"enemies":"Chosen","floor":19,"turns":5},{"damage":16,"enemies":"Book of Stabbing","floor":25,"turns":5},{"damage":10,"enemies":"Masked Bandits","floor":27,"turns":5},{"damage":4,"enemies":"Snake Plant","floor":28,"turns":3},{"damage":6,"enemies":"Snecko","floor":31,"turns":5},{"damage":39,"enemies":"Collector","floor":33,"turns":7}],"seed_played":"-2136193229528652936","potions_obtained":[{"floor":6,"key":"SteroidPotion"},{"floor":10,"key":"PowerPotion"}],"is_trial":false,"path_per_floor":["M","?","?","?","M","E","R","?","T","M","M","$","M","M","R","B",null,"M","M","?","?","?","R","$","E","T","?","M","R","?","M","R","B"],"character_chosen":"THE_SILENT","items_purchased":["Flying Knee","Accuracy","Acrobatics"],"campfire_rested":1,"item_purchase_floors":[12,24,24],"current_hp_per_floor":[59,59,59,59,59,59,59,59,59,60,58,58,59,58,58,47,57,38,40,40,40,40,40,40,26,26,18,16,34,34,30,30,0,0],"gold":170,"neow_bonus":"THREE_ENEMY_KILL","is_daily":false,"chose_seed":false,"campfire_upgraded":4,"win_rate":0.0,"timestamp":1613241423,"path_taken":["M","?","?","?","?","E","R","?","T","M","M","$","M","M","R","BOSS","M","M","?","?","?","R","$","E","T","?","M","R","?","M","R","BOSS"],"items_purchased_type":["Card","Card","Card"],"build_version":"2020-12-22","purchased_purges":1,"victory":false,"max_hp_per_floor":[66,66,60,60,60,60,60,60,60,60,60,60,60,60,60,60,60,60,60,60,60,60,60,60,60,60,60,60,60,60,60,60,60,60],"relic_stats":{"Blood Vial":20,"Sozu":4,"counters":[15,62],"Golden Idol":76,"Bronze Scales":[192],"Juzu Bracelet":0,"obtain_stats":[{"Blood Vial":8,"Sozu":17,"NeowsBlessing":0,"Golden Idol":3,"Ninja Scroll":25,"Bronze Scales":6,"Omamori":9,"Red Mask":27,"Juzu Bracelet":30,"InkBottle":26,"Ring of the Snake":0},{"Blood Vial":3,"Sozu":8,"NeowsBlessing":0,"Golden Idol":1,"Ninja Scroll":11,"Bronze Scales":3,"Omamori":3,"Red Mask":12,"Juzu Bracelet":13,"InkBottle":11,"Ring of the Snake":0},{"Blood Vial":3,"Sozu":28,"NeowsBlessing":0,"Golden Idol":1,"Ninja Scroll":42,"Bronze Scales":3,"Omamori":3,"Red Mask":47,"Juzu Bracelet":50,"InkBottle":42,"Ring of the Snake":0}],"InkBottle":[10],"Ring of the Snake":[30]},"card_choices":[{"not_picked":["All Out Attack","Blur"],"picked":"Blade Dance","floor":1},{"not_picked":["Endless Agony","Acrobatics"],"picked":"Cloak And Dagger","floor":5},{"not_picked":["Quick Slash","Tactician"],"picked":"Dagger Spray","floor":6},{"not_picked":["Underhanded Strike","Prepared"],"picked":"Dagger Throw","floor":10},{"not_picked":["Quick Slash","Backflip"],"picked":"Blade Dance","floor":11},{"not_picked":["Poisoned Stab","Outmaneuver"],"picked":"Corpse Explosion","floor":13},{"not_picked":["Poisoned Stab","Underhanded Strike"],"picked":"Escape Plan","floor":14},{"not_picked":["Night Terror","Glass Knife"],"picked":"Phantasmal Killer","floor":16},{"not_picked":["Underhanded Strike","Blade Dance"],"picked":"Leg Sweep","floor":18},{"not_picked":["Dagger Spray","Endless Agony+1","Slice"],"picked":"SKIP","floor":19},{"not_picked":["Dash","Deadly Poison"],"picked":"Malaise","floor":25},{"not_picked":["Setup","Dodge and Roll","Dagger Throw"],"picked":"SKIP","floor":28},{"not_picked":["Quick Slash","Blur"],"picked":"Bouncing Flask","floor":31}],"player_experience":1024007,"relics_obtained":[{"floor":6,"key":"Bronze Scales"},{"floor":9,"key":"Omamori"},{"floor":25,"key":"Ninja Scroll"},{"floor":26,"key":"InkBottle"},{"floor":27,"key":"Red Mask"}],"event_choices":[{"damage_healed":0,"gold_gain":0,"cards_transformed":["Strike_G"],"player_choice":"Change","damage_taken":0,"max_hp_gain":0,"max_hp_loss":0,"event_name":"Living Wall","floor":2,"gold_loss":0,"cards_obtained":["Well Laid Plans"]},{"damage_healed":0,"gold_gain":0,"player_choice":"Lose Max HP","damage_taken":0,"relics_obtained":["Golden Idol"],"max_hp_gain":0,"max_hp_loss":6,"event_name":"Golden Idol","floor":3,"gold_loss":0},{"cards_removed":["Strike_G"],"damage_healed":0,"gold_gain":0,"player_choice":"Card Removal","damage_taken":0,"max_hp_gain":0,"max_hp_loss":0,"event_name":"The Cleric","floor":4,"gold_loss":75},{"damage_healed":0,"gold_gain":0,"player_choice":"Box","damage_taken":0,"relics_obtained":["Blood Vial"],"max_hp_gain":0,"max_hp_loss":0,"event_name":"Big Fish","floor":8,"gold_loss":0,"cards_obtained":["Regret"]},{"damage_healed":0,"gold_gain":0,"player_choice":"Ignored","damage_taken":0,"max_hp_gain":0,"max_hp_loss":0,"event_name":"Beggar","floor":20,"gold_loss":0},{"damage_healed":0,"gold_gain":0,"player_choice":"Ignored","damage_taken":0,"max_hp_gain":0,"max_hp_loss":0,"event_name":"Ghosts","floor":21,"gold_loss":0},{"damage_healed":0,"gold_gain":0,"player_choice":"Simplicity","damage_taken":0,"max_hp_gain":0,"max_hp_loss":0,"event_name":"Back to Basics","floor":22,"gold_loss":0,"cards_upgraded":["Strike_G","Strike_G","Strike_G","Defend_G","Defend_G","Defend_G","Defend_G","Defend_G"]},{"damage_healed":0,"gold_gain":0,"player_choice":"Fought Bandits","damage_taken":0,"max_hp_gain":0,"max_hp_loss":0,"event_name":"Masked Bandits","floor":27,"gold_loss":0},{"damage_healed":0,"gold_gain":0,"player_choice":"Stole Relic","damage_taken":0,"relics_obtained":["Juzu Bracelet"],"max_hp_gain":0,"max_hp_loss":0,"event_name":"Addict","floor":30,"gold_loss":0,"cards_obtained":["Shame"]}],"is_beta":false,"boss_relics":[{"not_picked":["Fusion Hammer","Astrolabe"],"picked":"Sozu"}],"items_purged_floors":[12],"is_endless":false,"potions_floor_spawned":[6,10,11,25,27,28,31],"killed_by":"Collector","ascension_level":19}}