{"host":"htqwg582tjjtn9p7","time":1613222845,"event":{"mods":["2.2 Compatiblity","AchievementEnabler","Act Like it!","Aspiration","BaseMod","Better Third Choice","Colored Map","Conspire","Curses Come First","Displayed Cursed Tome","Energized Spire","Force Act Four","Fox Events","GifTheSpireLib","Hermit","Highlight Path","JesterMod","Mad Scientist","Minty Spire (QoL Compilation)","Pale of the Ancients","Permanent Neow","Random Character Button","Relic Stats","Reliquary","Replay The Spire","Robot Space Explorer","Somnambulant","Spicy Shops","Spikes Relics","StSLib","Stuff the Spire","The Blue Laboratory","The Bug Knight","The Forsaken","The Gatherer","The Judge","The Jungle","The Marked","The Runesmith","The Servant 0.9.4","Uncapped"],"gold_per_floor":[115,115,115,138,138,177,177,215,215,254,176,176,102,120,120,120,120],"floor_reached":16,"language":"ENG","playtime":430,"items_purged":[],"score":189,"play_id":"06c4f47a-2f58-44b7-8abf-0bcddda82bf2","local_time":"20210213142725","is_ascension_mode":true,"campfire_choices":[{"data":"Immolate","floor":7,"key":"SMITH"},{"floor":12,"key":"REST"},{"floor":15,"key":"DIG"}],"circlet_count":0,"master_deck":["AscendersBane","Strike_R","Strike_R","Strike_R","Strike_R","Strike_R","Defend_R","Defend_R","Defend_R","Defend_R","Bash","Immolate+1","Pommel Strike","Flame Barrier","Wish","Machine Learning","Shrug It Off","Body Slam","Metallicize"],"relics":["Burning Blood","Golden Idol","Unceasing Top","aspiration:HiddenCompartment","theForsaken:ScaryMask","Happy Flower"],"acts_visited":["Exordium"],"potions_floor_usage":[6,6,16],"damage_taken":[{"damage":7,"enemies":"Jaw Worm","floor":1,"turns":2},{"damage":0,"enemies":"conspire:RoseBush","floor":4,"turns":4},{"damage":14,"enemies":"Gremlin Nob","floor":6,"turns":4},{"damage":7,"enemies":"Small Slimes","floor":8,"turns":5},{"damage":27,"enemies":"3 Sentries","floor":10,"turns":5},{"damage":0,"enemies":"2 Fungi Beasts","floor":14,"turns":1},{"damage":41,"enemies":"Hexaghost","floor":16,"turns":12}],"seed_played":"-2068357248786744111","potions_obtained":[{"floor":1,"key":"blueLaboratory:IronCompound"},{"floor":4,"key":"FearPotion"}],"is_trial":false,"path_per_floor":["M","?","?","M","?","E","R","M","T","E","$","R","$","M","R_BF","B"],"character_chosen":"IRONCLAD","items_purchased":["Metallicize","Regen Potion"],"campfire_rested":1,"item_purchase_floors":[11,13],"current_hp_per_floor":[49,54,54,60,49,41,41,40,40,19,19,40,40,46,46,20,20],"gold":120,"neow_bonus":"THREE_RARE_CARDS","is_daily":false,"chose_seed":false,"campfire_upgraded":1,"win_rate":0.0,"timestamp":1613222845,"path_taken":["M","?","?","M","?","E","R","M","T","E","$","R","$","M","R_BF","BOSS"],"items_purchased_type":["Card","Potion"],"build_version":"2020-12-22","purchased_purges":0,"victory":false,"max_hp_per_floor":[75,80,72,72,72,72,72,72,72,72,72,72,72,72,72,72,72],"relic_stats":{"Happy Flower":[4],"counters":[7,32],"Golden Idol":28,"obtain_stats":[{"theForsaken:ScaryMask":10,"Happy Flower":15,"Golden Idol":3,"aspiration:HiddenCompartment":9,"Burning Blood":0,"Unceasing Top":6},{"theForsaken:ScaryMask":5,"Happy Flower":6,"Golden Idol":1,"aspiration:HiddenCompartment":4,"Burning Blood":0,"Unceasing Top":3},{"theForsaken:ScaryMask":20,"Happy Flower":21,"Golden Idol":2,"aspiration:HiddenCompartment":15,"Burning Blood":0,"Unceasing Top":10}],"Burning Blood":36,"Unceasing Top":[0]},"card_choices":[{"not_picked":["Fiend Fire","conspire:HitWhereItHurts"],"picked":"Immolate","floor":0},{"not_picked":["ReplayReversal","Sentinel"],"picked":"Pommel Strike","floor":1},{"not_picked":["Warcry","Iron Wave"],"picked":"Flame Barrier","floor":4},{"not_picked":["StuffTheSpire:RockThrow","Headbutt","ReplayTheSpireMod:LeadingStrike"],"picked":"SKIP","floor":6},{"not_picked":["Sever Soul","Run Through"],"picked":"Shrug It Off","floor":8},{"not_picked":["Warcry","Shrug It Off"],"picked":"Body Slam","floor":10},{"not_picked":["Run Through","Brutality","Power Through"],"picked":"SKIP","floor":14}],"player_experience":2028815,"relics_obtained":[{"floor":6,"key":"Unceasing Top"},{"floor":9,"key":"aspiration:HiddenCompartment"},{"floor":10,"key":"theForsaken:ScaryMask"},{"floor":15,"key":"Happy Flower"}],"event_choices":[{"damage_healed":0,"gold_gain":0,"player_choice":"Donut","damage_taken":0,"max_hp_gain":5,"max_hp_loss":0,"event_name":"Big Fish","floor":2,"gold_loss":0},{"damage_healed":0,"gold_gain":0,"player_choice":"Lose Max HP","damage_taken":0,"relics_obtained":["Golden Idol"],"max_hp_gain":0,"max_hp_loss":8,"event_name":"Golden Idol","floor":3,"gold_loss":0},{"damage_healed":0,"gold_gain":1,"player_choice":"Card Card ","damage_taken":11,"max_hp_gain":0,"max_hp_loss":0,"event_name":"betterThird:BetterScrap","floor":5,"gold_loss":0,"cards_obtained":["Wish","Machine Learning"]}],"is_beta":false,"boss_relics":[],"items_purged_floors":[],"is_endless":false,"potions_floor_spawned":[1,4],"killed_by":"Hexaghost","ascension_level":15}}