{"host":"gn5np1e2857ww9ha","time":1613215820,"event":{"mods":["AchievementEnabler","Act Like it!","Aspiration","Astrologer","BaseMod","Better Altar","Better Match","Better Note","Better Sensory Stone","Better Skull","Better Third Choice","BetterRewards","Block Reminder","CCEM2","CapriCore","Colored Map","Conspire","DeckTracker","Downfall","Elementarium","Energized Spire","Gensokyo","GungeonMod","Halation","Hallownest","Hermit","Hubris","Infinite Spire","Jedi Mod","JesterMod","Jorbs\u0027s Wanderer Trilogy","Marisa????????","Mimic Mod","Minty Spire (QoL Compilation)","Pale of the Ancients","Quick Restart","RNG Fix","Rare Cards Sparkle","Replay The Spire","StSLib","The Bug Knight","The Construct","The Hierophant","The Immortal","The Jungle","The Kombatant","The Saiyan","The Senshi","The Servant 0.9.4","The Wild Card"],"gold_per_floor":[99,109,125,139,139,159,159,193,208,221,239,239,239,239,239],"floor_reached":13,"language":"ENG","playtime":694,"items_purged":[],"score":89,"play_id":"dd2e0726-3f43-4eac-9332-5a00d7f0edf1","local_time":"20210213053020","is_ascension_mode":false,"campfire_choices":[{"floor":1,"key":"RECALL"}],"circlet_count":0,"master_deck":["hexamod:Strike","hexamod:Strike","hexamod:Strike","hexamod:Strike","hexamod:Defend","hexamod:Defend","hexamod:Defend","hexamod:Defend","hexamod:Sear","hexamod:Float","hexamod:ThermalTransfer","hexamod:Firestarter","hexamod:EmpoweredFlame","hexamod:SpectralAdrenaline","hexamod:HeatMetal","hexamod:SoulSteal","hexamod:RadiantFlame","hexamod:BurningTouch","Dramatic Entrance"],"relics":["hexamod:SpiritBrand","CCEMRelics:CocoNut","DemoMod:GlassGuonStoneRelic"],"acts_visited":["Exordium"],"potions_floor_usage":[10,10,13],"damage_taken":[{"damage":7,"enemies":"Small Slimes","floor":2,"turns":4},{"damage":5,"enemies":"Jaw Worm","floor":3,"turns":3},{"damage":1,"enemies":"2 Louse","floor":4,"turns":3},{"damage":13,"enemies":"2 Fungi Beasts","floor":6,"turns":4},{"damage":13,"enemies":"Gremlin Nob","floor":8,"turns":5},{"damage":42,"enemies":"Gremlin Gang","floor":9,"turns":7},{"damage":0,"enemies":"Exordium Thugs","floor":10,"turns":3},{"damage":0,"enemies":"3 Louse","floor":11,"turns":4},{"damage":7,"enemies":"3 Sentries","floor":13,"turns":2}],"seed_played":"-3829434291982624335","potions_obtained":[{"floor":4,"key":"Block Potion"},{"floor":6,"key":"Energy Potion"},{"floor":9,"key":"GamblersBrew"}],"is_trial":false,"path_per_floor":["R","M","M","M","?","M","T","E","M","M","M","?","E"],"character_chosen":"THE_SPIRIT","items_purchased":[],"campfire_rested":0,"item_purchase_floors":[],"current_hp_per_floor":[77,70,65,64,64,51,51,43,1,1,1,1,0,0,0],"gold":239,"neow_bonus":"TEN_PERCENT_HP_BONUS","is_daily":false,"chose_seed":false,"campfire_upgraded":0,"win_rate":0.0,"timestamp":1613215820,"path_taken":["R","M","M","M","?","M","T","E","?","M","M","?","E"],"items_purchased_type":[],"build_version":"2020-12-22","purchased_purges":0,"victory":false,"max_hp_per_floor":[77,77,77,77,77,77,77,82,82,82,82,82,82,82,82],"card_choices":[{"not_picked":["hexamod:HauntingEcho","hexamod:BacktrackSmack"],"picked":"hexamod:ThermalTransfer","floor":2},{"not_picked":["hexamod:HeatShield","hexamod:NightmareStrike"],"picked":"hexamod:Firestarter","floor":3},{"not_picked":["hexamod:SecondSeal","hexamod:NightmareStrike"],"picked":"hexamod:EmpoweredFlame","floor":4},{"not_picked":["hexamod:Hexaguard","hexamod:Firestarter"],"picked":"hexamod:SpectralAdrenaline","floor":6},{"not_picked":["hexamod:TimeWarp","hexamod:SpectersWail"],"picked":"hexamod:HeatMetal","floor":8},{"not_picked":["hexamod:AdvancingGuard","hexamod:ThirdSeal"],"picked":"hexamod:SoulSteal","floor":9},{"not_picked":["hexamod:HauntingEcho","hexamod:NightmareStrike"],"picked":"hexamod:RadiantFlame","floor":10},{"not_picked":["hexamod:Incineration","hexamod:DynamicBlow"],"picked":"hexamod:BurningTouch","floor":11},{"not_picked":["Violence","Jack Of All Trades"],"picked":"Dramatic Entrance","floor":12}],"player_experience":51100,"relics_obtained":[{"floor":8,"key":"CCEMRelics:CocoNut"}],"event_choices":[{"damage_healed":0,"gold_gain":1,"player_choice":"1","damage_taken":0,"max_hp_gain":0,"max_hp_loss":0,"event_name":"betterStone:BetterStone","floor":12,"gold_loss":0}],"is_beta":false,"boss_relics":[],"items_purged_floors":[],"is_endless":false,"potions_floor_spawned":[4,6,9],"killed_by":"3 Sentries","ascension_level":0}}