{"host":"zxkjcgzis4pm3za5","time":1613226232,"event":{"mods":["AchievementEnabler","BaseMod","Colored Map","Colored Powertips","Minty Spire (QoL Compilation)","Quick Restart","Random Character Button","Relic Sorter","Relic Stats","StSLib"],"gold_per_floor":[114,164,182,200,48,48,75,75,100,100,100],"floor_reached":10,"language":"ENG","playtime":597,"items_purged":["Strike_G"],"score":132,"play_id":"2fb7aca8-5ac6-4e05-a320-7c5b0d6c99d1","local_time":"20210213195352","is_ascension_mode":true,"campfire_choices":[{"data":"Cloak And Dagger","floor":6,"key":"SMITH"},{"data":"Terror","floor":8,"key":"SMITH"}],"circlet_count":0,"master_deck":["AscendersBane","Strike_G","Strike_G","Strike_G","Strike_G","Defend_G","Defend_G","Defend_G","Defend_G","Defend_G","Survivor","Neutralize","Terror+1","Cloak And Dagger+1","Burst","Accuracy","Dagger Throw"],"relics":["Ring of the Snake","Dream Catcher"],"acts_visited":["Exordium"],"potions_floor_usage":[7],"damage_taken":[{"damage":0,"enemies":"Cultist","floor":1,"turns":4},{"damage":0,"enemies":"Jaw Worm","floor":3,"turns":4},{"damage":1,"enemies":"2 Louse","floor":4,"turns":4},{"damage":16,"enemies":"3 Sentries","floor":7,"turns":14},{"damage":70,"enemies":"Gremlin Nob","floor":10,"turns":4}],"seed_played":"-253780201758188455","potions_obtained":[{"floor":0,"key":"CultistPotion"},{"floor":0,"key":"Strength Potion"}],"is_trial":false,"path_per_floor":["M","?","M","M","$","R","E","R","T","E"],"character_chosen":"THE_SILENT","items_purchased":["Accuracy"],"campfire_rested":0,"item_purchase_floors":[5],"current_hp_per_floor":[59,59,59,58,58,58,42,42,42,0,0],"gold":100,"neow_bonus":"THREE_SMALL_POTIONS","is_daily":false,"chose_seed":false,"campfire_upgraded":2,"win_rate":0.0,"timestamp":1613226232,"path_taken":["M","?","M","M","?","R","E","R","T","E"],"items_purchased_type":["Card"],"build_version":"2020-12-22","purchased_purges":1,"victory":false,"max_hp_per_floor":[66,66,66,66,66,66,66,66,66,66,66],"relic_stats":{"Dream Catcher":0,"counters":[5,30],"obtain_stats":[{"Dream Catcher":7,"Ring of the Snake":0},{"Dream Catcher":4,"Ring of the Snake":0},{"Dream Catcher":26,"Ring of the Snake":0}],"Ring of the Snake":[10]},"card_choices":[{"not_picked":["Crippling Poison","Bane"],"picked":"Terror","floor":1},{"not_picked":["Underhanded Strike","Deadly Poison"],"picked":"Cloak And Dagger","floor":3},{"not_picked":["Skewer","Bouncing Flask"],"picked":"Burst","floor":4},{"not_picked":["Deadly Poison","Distraction"],"picked":"Dagger Throw","floor":7}],"player_experience":363432,"relics_obtained":[{"floor":7,"key":"Dream Catcher"}],"event_choices":[{"damage_healed":0,"gold_gain":50,"player_choice":"Pray","damage_taken":0,"max_hp_gain":0,"max_hp_loss":0,"event_name":"Golden Shrine","floor":2,"gold_loss":0}],"is_beta":false,"boss_relics":[],"items_purged_floors":[5],"is_endless":false,"potions_floor_spawned":[3,4],"killed_by":"Gremlin Nob","ascension_level":20}}