{"host":"n4fty02wqqi95laq","time":1613177867,"event":{"mods":["BaseMod","Highlight Path","Minty Spire (QoL Compilation)","Quick Restart","Rare Cards Sparkle","StSLib"],"gold_per_floor":[110,35,35,53,53,78,78,111,190,115,142,142,157,175,175,253,253,271,284,22,22,41,71,121,121,145,161,161,111,111,111],"floor_reached":30,"language":"ZHS","playtime":762,"items_purged":["Strike_B","Defend_B"],"score":732,"play_id":"4887caee-0758-4b18-846c-6a54d627bc37","local_time":"20210213085747","is_ascension_mode":true,"campfire_choices":[{"data":"Tempest","floor":7.0,"key":"SMITH"},{"data":"Recycle","floor":12.0,"key":"SMITH"},{"data":"Dualcast","floor":15.0,"key":"SMITH"},{"floor":25.0,"key":"REST"},{"data":"Coolheaded","floor":28.0,"key":"SMITH"}],"circlet_count":0,"master_deck":["AscendersBane","Defend_B+1","Defend_B+1","Defend_B","Zap","Dualcast+1","Tempest+1","Buffer","Recycle+1","Capacitor","Electrodynamics","Doom and Gloom+1","Core Surge+1","Reinforced Body+1","Skim","Impatience","BootSequence","Coolheaded+1"],"relics":["Cracked Core","NeowsBlessing","Ice Cream","Shovel","Torii","Omamori","Astrolabe","Medical Kit","Smiling Mask","Toy Ornithopter"],"acts_visited":["Exordium","TheCity"],"potions_floor_usage":[30],"damage_taken":[{"damage":0.0,"enemies":"Small Slimes","floor":1.0,"turns":1.0},{"damage":0.0,"enemies":"Jaw Worm","floor":4.0,"turns":1.0},{"damage":0.0,"enemies":"3 Sentries","floor":6.0,"turns":1.0},{"damage":11.0,"enemies":"Lagavulin","floor":8.0,"turns":6.0},{"damage":11.0,"enemies":"Gremlin Nob","floor":11.0,"turns":4.0},{"damage":0.0,"enemies":"Cultist","floor":13.0,"turns":3.0},{"damage":6.0,"enemies":"Blue Slaver","floor":14.0,"turns":3.0},{"damage":0.0,"enemies":"The Guardian","floor":16.0,"turns":11.0},{"damage":29.0,"enemies":"2 Thieves","floor":18.0,"turns":4.0},{"damage":12.0,"enemies":"3 Byrds","floor":19.0,"turns":3.0},{"damage":0.0,"enemies":"3 Cultists","floor":22.0,"turns":2.0},{"damage":0.0,"enemies":"Gremlin Leader","floor":23.0,"turns":6.0},{"damage":2.0,"enemies":"Centurion and Healer","floor":27.0,"turns":4.0},{"damage":16,"enemies":"Book of Stabbing","floor":30,"turns":4}],"seed_played":"7493951308602037741","potions_obtained":[{"floor":4.0,"key":"Fruit Juice"},{"floor":6.0,"key":"DuplicationPotion"},{"floor":13.0,"key":"LiquidMemories"},{"floor":14.0,"key":"PowerPotion"},{"floor":22.0,"key":"Fire Potion"}],"is_trial":false,"path_per_floor":["M","$","?","M","T","E","R","E","T","?","E","R","M","M","R","B",null,"M","M","$","?","M","E","?","R","T","M","R","$","E"],"character_chosen":"DEFECT","items_purchased":["Medical Kit","Impatience"],"campfire_rested":1,"item_purchase_floors":[20,20],"current_hp_per_floor":[64,64,43,43,43,43,43,32,32,32,21,21,21,20,20,20,62,33,21,21,9,9,9,9,31,31,29,29,29,18,18],"gold":111,"neow_bonus":"THREE_ENEMY_KILL","is_daily":false,"chose_seed":false,"campfire_upgraded":4,"win_rate":0.0,"timestamp":1613177867,"path_taken":["M","$","?","M","?","E","R","E","T","?","E","R","M","M","R","BOSS","M","M","$","?","?","E","?","R","T","M","R","?","E"],"items_purchased_type":["Relic","Card"],"build_version":"2020-12-22","purchased_purges":2,"victory":false,"max_hp_per_floor":[71,71,71,71,71,71,71,71,71,71,71,71,71,76,76,76,76,76,76,76,76,76,76,76,76,76,76,76,76,76,76],"card_choices":[{"not_picked":["Conserve Battery","Compile Driver"],"picked":"Cold Snap","floor":1.0},{"not_picked":["Gash","Steam"],"picked":"Tempest","floor":4.0},{"not_picked":["Static Discharge","Rebound"],"picked":"Buffer","floor":6.0},{"not_picked":["Go for the Eyes","Double Energy"],"picked":"Recycle","floor":8.0},{"not_picked":["Compile Driver","BootSequence","Barrage"],"picked":"SKIP","floor":11.0},{"not_picked":["Barrage","Redo","Blizzard"],"picked":"SKIP","floor":13.0},{"not_picked":["Rebound","Hologram"],"picked":"Capacitor","floor":14.0},{"not_picked":["All For One","Biased Cognition"],"picked":"Electrodynamics","floor":16.0},{"not_picked":["Redo","Doom and Gloom"],"picked":"Skim","floor":18.0},{"not_picked":["Streamline","Go for the Eyes","Force Field"],"picked":"SKIP","floor":19.0},{"not_picked":["Cold Snap","Tempest"],"picked":"BootSequence","floor":22.0},{"not_picked":["Redo","Ball Lightning","Streamline"],"picked":"SKIP","floor":23.0},{"not_picked":["BootSequence","Steam Power"],"picked":"Coolheaded","floor":27.0}],"player_experience":732820,"relics_obtained":[{"floor":5.0,"key":"Ice Cream"},{"floor":6.0,"key":"Shovel"},{"floor":8.0,"key":"Torii"},{"floor":11.0,"key":"Omamori"},{"floor":23.0,"key":"Smiling Mask"},{"floor":26.0,"key":"Toy Ornithopter"}],"event_choices":[{"damage_healed":0.0,"max_hp_gain":0.0,"max_hp_loss":0.0,"gold_gain":0.0,"event_name":"Shining Light","player_choice":"Entered Light","floor":3.0,"gold_loss":0.0,"damage_taken":21.0,"cards_upgraded":["Defend_B","Defend_B"]},{"cards_removed":["Strike_B"],"damage_healed":0.0,"max_hp_gain":0.0,"max_hp_loss":0.0,"gold_gain":0.0,"event_name":"The Cleric","player_choice":"Card Removal","floor":10.0,"gold_loss":75.0,"damage_taken":0.0},{"damage_healed":0.0,"max_hp_gain":0.0,"max_hp_loss":0.0,"gold_gain":0.0,"event_name":"Knowing Skull","player_choice":"POTION ","floor":21.0,"potions_obtained":["DistilledChaos"],"gold_loss":0.0,"damage_taken":12.0,"cards_obtained":[]},{"damage_healed":0.0,"max_hp_gain":0.0,"max_hp_loss":0.0,"gold_gain":50.0,"event_name":"Nest","player_choice":"Stole From Cult","floor":24.0,"gold_loss":0.0,"damage_taken":0.0}],"is_beta":false,"boss_relics":[{"not_picked":["Black Star","Fusion Hammer"],"picked":"Astrolabe"}],"items_purged_floors":[2,29],"is_endless":false,"potions_floor_spawned":[4,6,13,14,22],"killed_by":"Book of Stabbing","ascension_level":20}}