{"host":"ootck85h63laxowj","time":1613227772,"event":{"mods":["Act Like it!","Aspiration","BaseMod","Conspire","Lobotomy","Minty Spire (QoL Compilation)","Prisma Mod","Small Relic Pack","StSLib"],"gold_per_floor":[118,133,147,161,161,161,192,192,192,117,117,117],"floor_reached":11,"language":"ZHS","playtime":548,"items_purged":["Parasite"],"score":80,"play_id":"eb571596-3147-490f-b813-8f9c591fcaf6","local_time":"20210213224932","is_ascension_mode":true,"campfire_choices":[{"data":"Bash","floor":6,"key":"SMITH"},{"floor":8,"key":"REST"}],"circlet_count":0,"master_deck":["Strike_R","Strike_R","Strike_R","Strike_R","Defend_R","Defend_R","Defend_R","Defend_R","Bash+1","OSAHOGD","Wellcheers","LongBird","WhitesApple","UniverseFragment"],"relics":["Burning Blood","CogitoBucket","Centennial Puzzle","Gremlin Horn"],"acts_visited":["Exordium"],"potions_floor_usage":[],"damage_taken":[{"damage":11,"enemies":"Jaw Worm","floor":1,"turns":4},{"damage":2,"enemies":"2 Louse","floor":2,"turns":3},{"damage":15,"enemies":"Cultist","floor":3,"turns":5},{"damage":23,"enemies":"Lots of Slimes","floor":4,"turns":5},{"damage":39,"enemies":"Lagavulin","floor":7,"turns":6},{"damage":0,"enemies":"Gremlin Nob","floor":11,"turns":2}],"seed_played":"-8808329455591210401","potions_obtained":[{"floor":1,"key":"BloodPotion"},{"floor":4,"key":"LiquidBronze"}],"is_trial":false,"path_per_floor":["M","M","M","M","?","R","E","R","T","$","E"],"character_chosen":"IRONCLAD","items_purchased":[],"campfire_rested":1,"item_purchase_floors":[],"current_hp_per_floor":[75,79,72,55,55,55,22,46,46,46,46,46],"gold":117,"neow_bonus":"","is_daily":false,"chose_seed":false,"campfire_upgraded":1,"win_rate":0.0,"timestamp":1613227772,"path_taken":["M","M","M","M","?","R","E","R","T","?","E"],"items_purchased_type":[],"build_version":"2020-12-22","purchased_purges":1,"victory":false,"max_hp_per_floor":[80,80,80,80,80,80,80,80,80,77,77,77],"card_choices":[{"not_picked":["ShyLook","FairyFestival"],"picked":"OSAHOGD","floor":1},{"not_picked":["Wild Strike","Dropkick","Body Slam"],"picked":"SKIP","floor":1},{"not_picked":["PunishingBird","BigBadWolf"],"picked":"Wellcheers","floor":2},{"not_picked":["True Grit","Havoc","Reckless Charge"],"picked":"SKIP","floor":2},{"not_picked":["CrumblingArmor","MHz","VoidDream"],"picked":"Singing Bowl","floor":3},{"not_picked":["SpiderBud","CrumblingArmor"],"picked":"LongBird","floor":3},{"not_picked":["Second Wind","Heavy Blade","Entrench"],"picked":"SKIP","floor":3},{"not_picked":["VoidDream","RedShoes","MeatLantern"],"picked":"Singing Bowl","floor":4},{"not_picked":["Bloodbath","SpiderBud"],"picked":"WhitesApple","floor":4},{"not_picked":["Burning Pact","Inflame","Anger"],"picked":"SKIP","floor":4},{"not_picked":["MHz","PunishingBird","CherryBlossoms"],"picked":"Singing Bowl","floor":7},{"not_picked":["CherryBlossoms","SnowQueen"],"picked":"UniverseFragment","floor":7},{"not_picked":["Twin Strike","Disarm","Reaper"],"picked":"SKIP","floor":7}],"player_experience":162136,"relics_obtained":[{"floor":7,"key":"Centennial Puzzle"},{"floor":9,"key":"Gremlin Horn"}],"event_choices":[{"cards_removed":["Strike_R"],"damage_healed":0,"gold_gain":0,"player_choice":"Purged","damage_taken":0,"max_hp_gain":0,"max_hp_loss":0,"event_name":"Purifier","floor":5,"gold_loss":0}],"is_beta":false,"boss_relics":[],"items_purged_floors":[10],"is_endless":false,"potions_floor_spawned":[1,4],"killed_by":"Gremlin Nob","ascension_level":2}}