{"host":"ao8ok4k25npyixk7","time":1613221054,"event":{"mods":["BaseMod","Colored Map","Minty Spire (QoL Compilation)"],"gold_per_floor":[113,123,142,142,159,159,192,192,266,292,310,324,349,363,363,437,437,448,363,380,399,412,412,440,440,440,440,454,91,91,101,101,178,178,197,9,24,24,35,35,50,50,76,76,76,76,102,127,127,127],"floor_reached":51,"language":"ENG","playtime":2465,"items_purged":["Strike_G"],"score":1394,"play_id":"9f468a0a-2dc9-4063-bcf1-058890ef783a","local_time":"20210213135734","is_ascension_mode":true,"campfire_choices":[{"data":"Dash","floor":6,"key":"SMITH"},{"floor":8,"key":"REST"},{"floor":15,"key":"REST"},{"data":"Accuracy","floor":23,"key":"SMITH"},{"floor":27,"key":"REST"},{"data":"Infinite Blades","floor":32,"key":"SMITH"},{"data":"Apotheosis","floor":40,"key":"SMITH"},{"floor":42,"key":"REST"},{"floor":49,"key":"REST"}],"circlet_count":0,"master_deck":["AscendersBane","Strike_G","Defend_G","Defend_G","Defend_G","Defend_G","Defend_G","Survivor","Neutralize","Dash+1","Blade Dance","Infinite Blades+1","Riddle With Holes+1","Terror","Accuracy+1","Die Die Die+1","Burst+1","Backflip+1","Masterful Stab+1","Blade Dance","Endless Agony+1","Blade Dance","Dark Shackles","Trip","Discovery","Deflect","Apotheosis+1","Writhe","Leg Sweep+1","Deflect+1","Panache","Madness","Acrobatics+1"],"relics":["Ring of the Snake","NeowsBlessing","FossilizedHelix","Art of War","Pear","Molten Egg 2","Mercury Hourglass","Astrolabe","Du-Vu Doll","Ninja Scroll","Pantograph","Kunai","Eternal Feather","SacredBark","Akabeko","Mango","Potion Belt","Ice Cream"],"acts_visited":["Exordium","TheCity","TheBeyond"],"potions_floor_usage":[10,13,16,24,37,47],"damage_taken":[{"damage":0,"enemies":"Small Slimes","floor":1,"turns":1},{"damage":0,"enemies":"Cultist","floor":2,"turns":1},{"damage":0,"enemies":"2 Louse","floor":3,"turns":1},{"damage":0,"enemies":"Looter","floor":5,"turns":5},{"damage":12,"enemies":"Lagavulin","floor":7,"turns":8},{"damage":11,"enemies":"Gremlin Nob","floor":10,"turns":5},{"damage":0,"enemies":"Blue Slaver","floor":11,"turns":3},{"damage":0,"enemies":"2 Fungi Beasts","floor":12,"turns":4},{"damage":17,"enemies":"3 Sentries","floor":13,"turns":10},{"damage":0,"enemies":"Exordium Wildlife","floor":14,"turns":2},{"damage":24,"enemies":"The Guardian","floor":16,"turns":10},{"damage":6,"enemies":"3 Byrds","floor":18,"turns":4},{"damage":3,"enemies":"Shell Parasite","floor":20,"turns":4},{"damage":14,"enemies":"Snake Plant","floor":21,"turns":4},{"damage":0,"enemies":"Centurion and Healer","floor":22,"turns":4},{"damage":0,"enemies":"Gremlin Leader","floor":24,"turns":4},{"damage":0,"enemies":"Snecko","floor":28,"turns":2},{"damage":0,"enemies":"Chosen and Byrds","floor":31,"turns":4},{"damage":28,"enemies":"Champ","floor":33,"turns":8},{"damage":0,"enemies":"Orb Walker","floor":35,"turns":2},{"damage":43,"enemies":"3 Darklings","floor":37,"turns":4},{"damage":18,"enemies":"Spire Growth","floor":39,"turns":5},{"damage":10,"enemies":"Maw","floor":41,"turns":6},{"damage":9,"enemies":"Reptomancer","floor":47,"turns":7},{"damage":24,"enemies":"Mind Bloom Boss Battle","floor":48,"turns":6},{"damage":60,"enemies":"Donu and Deca","floor":50,"turns":8}],"seed_played":"-6206719155823573494","potions_obtained":[{"floor":1,"key":"LiquidMemories"},{"floor":7,"key":"Ancient Potion"},{"floor":11,"key":"GamblersBrew"},{"floor":14,"key":"Regen Potion"},{"floor":16,"key":"DistilledChaos"},{"floor":21,"key":"PowerPotion"},{"floor":28,"key":"GamblersBrew"},{"floor":31,"key":"SteroidPotion"},{"floor":47,"key":"Swift Potion"}],"is_trial":false,"path_per_floor":["M","M","M","?","M","R","E","R","T","E","M","M","E","M","R","B",null,"M","?","M","M","M","R","E","?","T","R","M","$","T","M","R","B",null,"M","$","M","?","M","R","M","R","T","?","T","?","E","?","R","B",null],"character_chosen":"THE_SILENT","items_purchased":["Kunai","Apotheosis"],"campfire_rested":5,"item_purchase_floors":[29,36],"current_hp_per_floor":[59,59,59,24,24,24,12,31,41,30,30,30,13,13,35,26,64,58,58,55,41,41,41,41,14,14,36,36,36,36,36,51,48,69,69,69,26,41,23,41,31,71,71,61,75,75,66,66,90,30],"gold":127,"neow_bonus":"THREE_ENEMY_KILL","is_daily":false,"chose_seed":false,"campfire_upgraded":4,"win_rate":0.0,"timestamp":1613221054,"path_taken":["M","M","M","?","M","R","E","R","T","E","M","M","E","M","R","BOSS","M","?","M","M","M","R","E","?","T","R","?","$","?","M","R","BOSS","M","$","M","?","M","R","M","R","T","?","?","?","E","?","R","BOSS"],"items_purchased_type":["Relic","Card"],"build_version":"2020-12-22","purchased_purges":1,"victory":true,"max_hp_per_floor":[66,66,66,66,66,66,66,66,76,76,76,76,76,76,76,76,76,76,76,76,76,76,76,76,76,76,76,76,76,76,76,76,76,76,76,76,76,76,76,76,76,76,76,76,90,90,90,90,90,90],"card_choices":[{"not_picked":["Sucker Punch","Acrobatics"],"picked":"Dash","floor":1},{"not_picked":["Wraith Form v2","Cloak And Dagger"],"picked":"Blade Dance","floor":2},{"not_picked":["Slice","Dodge and Roll","Outmaneuver"],"picked":"SKIP","floor":3},{"not_picked":["Footwork","Prepared"],"picked":"Infinite Blades","floor":5},{"not_picked":["Tactician","Deadly Poison","All Out Attack"],"picked":"SKIP","floor":7},{"not_picked":["Slice+1","Prepared"],"picked":"Riddle With Holes+1","floor":10},{"not_picked":["Quick Slash+1","Well Laid Plans","PiercingWail"],"picked":"SKIP","floor":11},{"not_picked":["All Out Attack+1","Dagger Throw+1"],"picked":"Terror","floor":12},{"not_picked":["Tactician","Unload+1"],"picked":"Accuracy","floor":13},{"not_picked":["Dodge and Roll","Quick Slash+1","Prepared"],"picked":"SKIP","floor":14},{"not_picked":["Wraith Form v2","Storm of Steel"],"picked":"Die Die Die+1","floor":16},{"not_picked":["Deflect","Footwork"],"picked":"Blade Dance","floor":18},{"not_picked":["Heel Hook+1","Caltrops"],"picked":"Endless Agony+1","floor":20},{"not_picked":["Bane+1","Deadly Poison"],"picked":"Blade Dance","floor":21},{"not_picked":["Quick Slash+1","Backflip+1","Expertise"],"picked":"SKIP","floor":22},{"not_picked":["Quick Slash+1","Backflip+1","Expertise"],"picked":"SKIP","floor":22},{"not_picked":["Backflip","Deadly Poison"],"picked":"Sucker Punch+1","floor":24},{"not_picked":["Deflect","Eviscerate+1","Poisoned Stab+1"],"picked":"SKIP","floor":28},{"not_picked":["Backflip","Reflex","Corpse Explosion"],"picked":"SKIP","floor":31},{"not_picked":["Prepared","Bane+1"],"picked":"Deflect","floor":35},{"not_picked":["Dodge and Roll","Eviscerate+1","Backflip"],"picked":"SKIP","floor":37},{"not_picked":["Bane+1","Crippling Poison"],"picked":"Leg Sweep+1","floor":39},{"not_picked":["Night Terror","Flying Knee+1"],"picked":"Deflect+1","floor":41},{"not_picked":["Purity","Good Instincts"],"picked":"Panache","floor":44},{"not_picked":["Sadistic Nature","Apotheosis"],"picked":"Madness","floor":44},{"not_picked":["Expertise","Prepared","Flying Knee+1"],"picked":"SKIP","floor":47},{"not_picked":["Dodge and Roll","Poisoned Stab+1"],"picked":"Acrobatics+1","floor":48}],"player_experience":264068,"relics_obtained":[{"floor":7,"key":"Art of War"},{"floor":9,"key":"Pear"},{"floor":10,"key":"Molten Egg 2"},{"floor":13,"key":"Mercury Hourglass"},{"floor":24,"key":"Ninja Scroll"},{"floor":26,"key":"Pantograph"},{"floor":30,"key":"Eternal Feather"},{"floor":43,"key":"Akabeko"},{"floor":45,"key":"Mango"},{"floor":47,"key":"Potion Belt"},{"floor":48,"key":"Ice Cream"}],"event_choices":[{"damage_healed":0,"gold_gain":0,"player_choice":"Success","damage_taken":35,"relics_obtained":["FossilizedHelix"],"max_hp_gain":0,"max_hp_loss":0,"event_name":"Scrap Ooze","floor":4,"gold_loss":0},{"damage_healed":0,"gold_gain":0,"player_choice":"Obtained Relic","damage_taken":0,"relics_obtained":["Du-Vu Doll"],"max_hp_gain":0,"max_hp_loss":0,"event_name":"Addict","floor":19,"gold_loss":85},{"damage_healed":0,"gold_gain":0,"player_choice":"CARD CARD CARD ","damage_taken":27,"max_hp_gain":0,"max_hp_loss":0,"event_name":"Knowing Skull","floor":25,"potions_obtained":[],"gold_loss":0,"cards_obtained":["Dark Shackles","Trip","Discovery"]},{"damage_healed":15,"gold_gain":0,"player_choice":"Writhe","damage_taken":0,"max_hp_gain":0,"max_hp_loss":0,"event_name":"Winding Halls","floor":38,"gold_loss":0,"cards_obtained":["Writhe"]},{"damage_healed":0,"gold_gain":0,"player_choice":"Memory 3","damage_taken":10,"max_hp_gain":0,"max_hp_loss":0,"event_name":"SensoryStone","floor":44,"gold_loss":0},{"cards_removed":["Sucker Punch"],"damage_healed":0,"gold_gain":0,"player_choice":"Removed Attack","damage_taken":0,"max_hp_gain":0,"max_hp_loss":0,"event_name":"Falling","floor":46,"gold_loss":0},{"damage_healed":0,"gold_gain":0,"player_choice":"Fight","damage_taken":0,"max_hp_gain":0,"max_hp_loss":0,"event_name":"MindBloom","floor":48,"gold_loss":0}],"is_beta":false,"boss_relics":[{"not_picked":["Cursed Key","Busted Crown"],"picked":"Astrolabe"},{"not_picked":["Snecko Eye","Runic Dome"],"picked":"SacredBark"}],"items_purged_floors":[29],"is_endless":false,"potions_floor_spawned":[1,7,11,12,14,16,18,21,28,31,35,47],"ascension_level":18}}