{"host":"h2g8ky7y1n1j4svm","time":1613187631,"event":{"mods":["AchievementEnabler","BaseMod","Bestiary","Block Reminder","Colored Map","Highlight Path","Minty Spire (QoL Compilation)","Quick Restart","Relic Stats","SuperFastMode"],"gold_per_floor":[362,287,237,252,268,268,279,279,279,279,279,293,319,319,319,423,423,441,540,556,656,668,668,668,668],"floor_reached":24,"language":"ENG","playtime":2453,"items_purged":["Strike_P"],"score":186,"play_id":"2c2e3bcb-66a2-4f5b-bf8b-f62dd766be0b","local_time":"20210213044031","is_ascension_mode":false,"campfire_choices":[{"data":"PathToVictory","floor":6.0,"key":"SMITH"},{"floor":8.0,"key":"REST"},{"data":"ThirdEye","floor":11.0,"key":"SMITH"},{"floor":15.0,"key":"REST"},{"floor":23,"key":"REST"}],"circlet_count":0,"master_deck":["Strike_P","Strike_P","Defend_P","Defend_P","Defend_P","Eruption","Vigilance","ThirdEye+1","BattleHymn","PathToVictory+1","MasterReality","TalkToTheHand","Prostrate"],"relics":["PureWater"],"acts_visited":["Exordium","TheCity"],"potions_floor_usage":[22],"damage_taken":[{"damage":0.0,"enemies":"2 Louse","floor":1.0,"turns":2.0},{"damage":0.0,"enemies":"Small Slimes","floor":4.0,"turns":2.0},{"damage":2.0,"enemies":"Jaw Worm","floor":5.0,"turns":3.0},{"damage":24.0,"enemies":"Exordium Thugs","floor":7.0,"turns":6.0},{"damage":0.0,"enemies":"Blue Slaver","floor":12.0,"turns":4.0},{"damage":4.0,"enemies":"The Guardian","floor":16.0,"turns":9.0},{"damage":55.0,"enemies":"Spheric Guardian","floor":18.0,"turns":8.0},{"damage":5.0,"enemies":"Shell Parasite","floor":20.0,"turns":6.0},{"damage":31,"enemies":"Sentry and Sphere","floor":22,"turns":10},{"damage":30,"enemies":"Snake Plant","floor":24,"turns":4}],"seed_played":"8575004924615653528","potions_obtained":[{"floor":7.0,"key":"SkillPotion"},{"floor":18.0,"key":"FairyPotion"},{"floor":20.0,"key":"BlessingOfTheForge"}],"is_trial":false,"path_per_floor":["M","$","?","M","M","R","M","R","T","?","R","M","T","?","R","B",null,"M","?","M","?","M","R","M"],"character_chosen":"WATCHER","items_purchased":[],"campfire_rested":3,"item_purchase_floors":[],"current_hp_per_floor":[51,51,51,51,49,49,25,46,46,46,46,46,46,46,67,63,72,17,17,12,12,6,27,0,0],"gold":668,"neow_bonus":"TWO_FIFTY_GOLD","is_daily":false,"chose_seed":false,"campfire_upgraded":2,"win_rate":0.0,"timestamp":1613187631,"path_taken":["M","$","?","M","M","R","M","R","T","?","R","?","?","?","R","BOSS","BOSS","M","?","M","?","M","R","?"],"items_purchased_type":[],"build_version":"2020-12-22","purchased_purges":1,"victory":false,"max_hp_per_floor":[72,72,72,72,72,72,72,72,72,72,72,72,72,72,72,72,72,72,72,72,72,72,72,72,72],"relic_stats":{"counters":[10,54],"obtain_stats":[{"PureWater":0},{"PureWater":0},{"PureWater":0}]},"card_choices":[{"not_picked":["FlurryOfBlows","SashWhip"],"picked":"ThirdEye","floor":1.0},{"not_picked":["FlurryOfBlows","Consecrate"],"picked":"BattleHymn","floor":4.0},{"not_picked":["ForeignInfluence","InnerPeace"],"picked":"PathToVictory","floor":5.0},{"not_picked":["Perseverance","Evaluate","Prostrate"],"picked":"SKIP","floor":7.0},{"not_picked":["Sanctity","Conclude","FlurryOfBlows"],"picked":"SKIP","floor":12.0},{"not_picked":["Ragnarok","Alpha"],"picked":"MasterReality","floor":16.0},{"not_picked":["FollowUp","ClearTheMind"],"picked":"TalkToTheHand","floor":18.0},{"not_picked":["Study+1","EmptyBody+1"],"picked":"Prostrate","floor":20.0},{"not_picked":["FlurryOfBlows","FearNoEvil","WindmillStrike+1"],"picked":"SKIP","floor":22}],"player_experience":976784,"relics_obtained":[],"event_choices":[{"cards_removed":["Defend_P"],"damage_healed":0.0,"max_hp_gain":0.0,"max_hp_loss":0.0,"gold_gain":0.0,"event_name":"The Cleric","player_choice":"Card Removal","floor":3.0,"gold_loss":50.0,"damage_taken":0.0},{"damage_healed":0.0,"max_hp_gain":0.0,"max_hp_loss":0.0,"gold_gain":0.0,"event_name":"Golden Idol","player_choice":"Ignored","floor":10.0,"gold_loss":0.0,"damage_taken":0.0},{"cards_removed":["Strike_P"],"damage_healed":0.0,"max_hp_gain":0.0,"max_hp_loss":0.0,"gold_gain":0.0,"event_name":"Living Wall","player_choice":"Forget","floor":14.0,"gold_loss":0.0,"damage_taken":0.0},{"damage_healed":0.0,"max_hp_gain":0.0,"max_hp_loss":0.0,"gold_gain":99.0,"event_name":"Nest","player_choice":"Stole From Cult","floor":19.0,"gold_loss":0.0,"damage_taken":0.0},{"damage_healed":0.0,"max_hp_gain":0.0,"max_hp_loss":0.0,"gold_gain":100.0,"event_name":"Golden Shrine","player_choice":"Pray","floor":21.0,"gold_loss":0.0,"damage_taken":0.0}],"is_beta":false,"boss_relics":[{"not_picked":["Velvet Choker","Busted Crown","Philosopher\u0027s Stone"]}],"items_purged_floors":[2],"is_endless":false,"potions_floor_spawned":[7,18,20],"killed_by":"Snake Plant","ascension_level":0}}