{"host":"u6v0z43xi4vbzvq3","time":1613252291,"event":{"mods":["AchievementEnabler","BaseMod","BetterRewards","Colored Map","Conspire","Downfall","Googly Eyes","Hermit","Hubris","Infinite Spire","Minty Spire (QoL Compilation)","Quick Restart","Rare Cards Sparkle","Replay The Spire","Shop Mod","StSLib","SuperFastMode","The Construct"],"gold_per_floor":[110,60,60,74,149,180,180,195,221,239,135,135,154,154,154,261,261,287,287,317,356,366,366,366,366,382,382,382,382,382,411,336,380,380,483,483,493,694,694,694,713,713,713,713,739,766,787,787,813,222,222,242,242],"floor_reached":52,"language":"ENG","playtime":1351,"items_purged":["ReplayTheSpireMod:Splinters"],"score":527,"play_id":"409f48f4-a102-4382-9f4e-654428f991bf","local_time":"20210214083811","is_ascension_mode":false,"campfire_choices":[{"data":"Zap","floor":7,"key":"SMITH"},{"data":"Dualcast","floor":15,"key":"SMITH"},{"floor":25,"key":"REST"},{"floor":30,"key":"REST"},{"data":"Creative AI","floor":42,"key":"SMITH"},{"floor":44,"key":"REST"},{"floor":51,"key":"REST"}],"circlet_count":0,"master_deck":["Strike_B","Strike_B","Strike_B","Defend_B","Defend_B+1","Defend_B","Defend_B","Zap+1","Dualcast+1","Sweeping Beam","conspire:SpireCoStock","Ball Lightning+1","Ball Lightning","Chill","Streamline","Electrodynamics","Rip and Tear+1","Leap","Static Discharge+1","Steam","Capacitor+1","Capacitor+1","Tempest","Beam Cell","Creative AI+1","Defragment","Barrage+1","Time Bomb","Capacitor+1","CurseOfTheBell","Steam","Redo"],"relics":["Cracked Core","NeowsBlessing","Ring of Hypnosis","Ring of Shattering","Boot","MerchantsRug","Lizard Tail","conspire:SpecialSausage","hubris:Towel","WingedGreaves","Orichalcum","Bag of Preparation","Ancient Tea Set","Calling Bell","Smiling Mask","conspire:BottledYoYo","Snack Pack","infinitespire:ShieldingShard"],"acts_visited":["Exordium","TheCity","TheBeyond"],"potions_floor_usage":[16,16,16,16,16,16,16,16,18,20,26,35,47,52],"damage_taken":[{"damage":0,"enemies":"Jaw Worm","floor":1,"turns":1},{"damage":0,"enemies":"Small Slimes","floor":4,"turns":1},{"damage":0,"enemies":"3 Sentries","floor":6,"turns":1},{"damage":0,"enemies":"2 Louse","floor":8,"turns":1},{"damage":0,"enemies":"Blue Slaver","floor":10,"turns":1},{"damage":0,"enemies":"Exordium Wildlife","floor":13,"turns":3},{"damage":1,"enemies":"Hexaghost","floor":16,"turns":6},{"damage":21,"enemies":"Shell Parasite","floor":18,"turns":4},{"damage":0,"enemies":"Spheric Guardian","floor":20,"turns":2},{"damage":21,"enemies":"conspire:HollyBat","floor":21,"turns":7},{"damage":7,"enemies":"Snake Plant","floor":22,"turns":3},{"damage":4,"enemies":"Centurion and Healer","floor":26,"turns":4},{"damage":0,"enemies":"3 Cultists","floor":31,"turns":3},{"damage":26,"enemies":"conspire:HollyBat","floor":33,"turns":7},{"damage":24,"enemies":"Champ","floor":35,"turns":7},{"damage":7,"enemies":"Orb Walker","floor":37,"turns":3},{"damage":10,"enemies":"3 Shapes","floor":41,"turns":3},{"damage":12,"enemies":"Jaw Worm Horde","floor":47,"turns":4},{"damage":32,"enemies":"4 Shapes","floor":49,"turns":7},{"damage":121,"enemies":"Donu and Deca","floor":52,"turns":6}],"seed_played":"-4043563270261566069","potions_obtained":[{"floor":1,"key":"ColorlessPotion"},{"floor":6,"key":"Explosive Potion"},{"floor":8,"key":"Swift Potion"},{"floor":16,"key":"ColorlessPotion"},{"floor":18,"key":"AttackPotion"},{"floor":22,"key":"Cursed Concoction"},{"floor":33,"key":"FocusPotion"},{"floor":35,"key":"SpeedPotion"},{"floor":41,"key":"AttackPotion"}],"is_trial":false,"path_per_floor":["M","?","?","M","?","E","R","M","T","M","$","?","M","T","R","B",null,"M","$","M","M","M","PTL","PTL","R","M","?","T","?","R","M","?","M","R_BF","B",null,"M","?","?","?","M","R","?","R","T","T","M","AVR","M","$","R","B"],"character_chosen":"DEFECT","items_purchased":["MerchantsRug","Snack Pack","infinitespire:ShieldingShard","Redo"],"campfire_rested":4,"item_purchase_floors":[11,50,50,50],"current_hp_per_floor":[75,75,75,75,64,64,64,64,64,64,64,64,64,64,64,63,75,54,54,54,33,26,26,26,48,44,44,44,44,66,66,66,40,62,38,75,68,68,68,68,58,58,58,75,75,75,63,63,31,31,53,0,0],"gold":242,"neow_bonus":"THREE_ENEMY_KILL","is_daily":false,"chose_seed":false,"campfire_upgraded":3,"win_rate":0.0,"timestamp":1613252291,"path_taken":["M","?","?","M","?","E","R","M","T","M","?","?","M","?","R","BOSS","M","$","M","M","M","PTL","PTL","R","M","?","T","?","R","?","?","M","R_BF","BOSS","M","?","?","?","?","R","?","R","T","?","M","AVR","M","$","R","BOSS"],"items_purchased_type":["Relic","Relic","Relic","Card"],"build_version":"2020-12-22","purchased_purges":1,"victory":false,"max_hp_per_floor":[75,75,75,75,75,75,75,75,75,75,75,75,75,75,75,75,75,75,75,75,75,75,75,75,75,75,75,75,75,75,75,75,75,75,75,75,75,75,75,75,75,75,75,75,75,75,75,75,75,75,75,75,75],"card_choices":[{"not_picked":["Rebound","ReplaySort"],"picked":"Sweeping Beam","floor":1},{"not_picked":["Storm","Cold Snap"],"picked":"Ball Lightning","floor":4},{"not_picked":["Time Bomb","Go for the Eyes"],"picked":"Ball Lightning","floor":6},{"not_picked":["ReplayTheSpireMod:GoodbyeWorld","Recycle"],"picked":"Chill","floor":8},{"not_picked":["Undo","ReplayTheSpireMod:Reroute Power","BasicCrystalCard"],"picked":"SKIP","floor":10},{"not_picked":["ReplayTheSpireMod:Reroute Power","Redo"],"picked":"Streamline","floor":13},{"not_picked":["All For One","hubris:DoWhile"],"picked":"Electrodynamics","floor":16},{"not_picked":["Stack","Fusion"],"picked":"Rip and Tear+1","floor":18},{"not_picked":["Consume","Hologram+1"],"picked":"Leap","floor":20},{"not_picked":["Barrage","Sweeping Beam"],"picked":"Static Discharge+1","floor":21},{"not_picked":["BootSequence","ReplayTheSpireMod:System Scan"],"picked":"Steam","floor":22},{"not_picked":["BootSequence","Streamline"],"picked":"Capacitor+1","floor":26},{"not_picked":["Auto Shields","Steam+1"],"picked":"Tempest","floor":31},{"not_picked":["Force Field","ReplaySolidLightProjector+1"],"picked":"Beam Cell","floor":33},{"not_picked":["All For One","hubris:SpecializedCircuitry"],"picked":"Creative AI","floor":35},{"not_picked":["Steam+1","Conserve Battery+1"],"picked":"Defragment","floor":37},{"not_picked":["Coolheaded+1","Force Field+1"],"picked":"Barrage+1","floor":38},{"not_picked":["Rebound","Stack"],"picked":"Time Bomb","floor":41},{"not_picked":["Leap+1","Coolheaded+1"],"picked":"Capacitor+1","floor":47},{"not_picked":["Coolheaded","ReplayTheSpireMod:Reroute Power"],"picked":"Steam","floor":49}],"player_experience":150109,"relics_obtained":[{"floor":3,"key":"Ring of Hypnosis"},{"floor":3,"key":"Ring of Shattering"},{"floor":6,"key":"Boot"},{"floor":9,"key":"infinitespire:Freezer"},{"floor":14,"key":"Lizard Tail"},{"floor":28,"key":"WingedGreaves"},{"floor":45,"key":"Orichalcum"},{"floor":46,"key":"Bag of Preparation"},{"floor":48,"key":"Smiling Mask"},{"floor":48,"key":"conspire:BottledYoYo"}],"event_choices":[{"damage_healed":0,"gold_gain":0,"player_choice":"Invest 1","damage_taken":0,"max_hp_gain":0,"max_hp_loss":0,"event_name":"conspire:Investor","floor":2,"gold_loss":0},{"damage_healed":0,"gold_gain":75,"player_choice":"Gather Gold","damage_taken":11,"max_hp_gain":0,"max_hp_loss":0,"event_name":"World of Goop","floor":5,"gold_loss":0},{"damage_healed":0,"gold_gain":0,"player_choice":"Copied","damage_taken":0,"max_hp_gain":0,"max_hp_loss":0,"event_name":"Duplicator","floor":29,"gold_loss":0,"cards_obtained":["Capacitor"]},{"cards_removed":["Strike_B"],"damage_healed":0,"gold_gain":0,"player_choice":"Gave Gold","damage_taken":0,"max_hp_gain":0,"max_hp_loss":0,"event_name":"Beggar","floor":32,"gold_loss":75},{"damage_healed":0,"gold_gain":0,"player_choice":"Ignored","damage_taken":0,"max_hp_gain":0,"max_hp_loss":0,"event_name":"Tomb of Lord Red Mask","floor":43,"gold_loss":0}],"is_beta":false,"boss_relics":[{"not_picked":["Runic Dome","conspire:RunicOctahedron"],"picked":"conspire:SpecialSausage"},{"not_picked":["hubris:GrandSneckoEye","Nuclear Battery","hubris:HollowSoul"]}],"items_purged_floors":[50],"is_endless":false,"potions_floor_spawned":[1,6,8,10,16,18,22,33,35,41],"killed_by":"Donu and Deca","ascension_level":0}}