{"host":"zrerxgu8lagrk16e","time":1613193058,"event":{"mods":["AchievementEnabler","BaseMod","Better Altar","Better Match","Better Note","Better Sensory Stone","Better Skull","Better Third Choice","BetterRewards","Colored Map","Colored Powertips","Minty Spire (QoL Compilation)","Quick Restart","Relic Stats","StSLib","slay the spire mod where everything is the same but ironclad has a cowboy hat"],"gold_per_floor":[116,41,41,41,59,87,98,98,121,46,76,94,13,13,13,117,117,133,133,133,152,75,104,104,132,201,221,221,256,109,136,136,239,239,249,357,374,397,397,424,699,733,733,747,747,757,791,261,261,261,261,261,1,33,33,33],"floor_reached":55,"language":"ENG","playtime":4086,"items_purged":["Regret"],"score":1156,"play_id":"7c99ac46-f9f7-4473-8829-a741f27e7785","local_time":"20210213001058","is_ascension_mode":true,"campfire_choices":[{"data":"Feed","floor":8,"key":"SMITH"},{"floor":15,"key":"RECALL"},{"floor":24,"key":"REST"},{"floor":32,"key":"REST"}],"circlet_count":0,"master_deck":["Strike_R","Strike_R","Strike_R","Strike_R","Strike_R","Defend_R+1","Defend_R","Defend_R","Defend_R","Bash","Carnage","Ghostly Armor","Feed+1","Twin Strike","Burning Pact","Apotheosis+1","Disarm+1","Power Through","Cleave","Rampage","True Grit","Discovery+1","Berserk","Headbutt","Ghostly","Ghostly","Ghostly","Ghostly","Ghostly","Spot Weakness","Headbutt","Demon Form","Demon Form","Reaper","Shockwave","Immolate","Limit Break","Warcry","Fire Breathing+1","Battle Trance+1","Immolate","True Grit+1","Secret Weapon+1","Havoc+1","Fire Breathing"],"relics":["Burning Blood","Champion Belt","WingedGreaves","War Paint","Bronze Scales","Tiny Chest","Fusion Hammer","Bottled Lightning","InkBottle","Pantograph","Meat on the Bone","Orichalcum","Orrery","Eternal Feather","Coffee Dripper","Toy Ornithopter","Letter Opener","Pocketwatch","Toxic Egg 2","MealTicket","Brimstone","Ginger","StrikeDummy"],"acts_visited":["Exordium","TheCity","TheBeyond","TheEnding"],"potions_floor_usage":[7,16,16,18,23,29,50,55,55,55],"damage_taken":[{"damage":0,"enemies":"2 Louse","floor":1,"turns":2},{"damage":0,"enemies":"Cultist","floor":5,"turns":2},{"damage":10,"enemies":"Lagavulin","floor":6,"turns":8},{"damage":2,"enemies":"Small Slimes","floor":7,"turns":2},{"damage":22,"enemies":"3 Sentries","floor":11,"turns":8},{"damage":16,"enemies":"Gremlin Gang","floor":12,"turns":3},{"damage":22,"enemies":"The Guardian","floor":16,"turns":11},{"damage":20,"enemies":"Spheric Guardian","floor":18,"turns":6},{"damage":1,"enemies":"Shell Parasite","floor":21,"turns":4},{"damage":5,"enemies":"Gremlin Leader","floor":23,"turns":6},{"damage":18,"enemies":"Book of Stabbing","floor":25,"turns":5},{"damage":1,"enemies":"Snecko","floor":27,"turns":5},{"damage":22,"enemies":"Slavers","floor":29,"turns":3},{"damage":1,"enemies":"Book of Stabbing","floor":31,"turns":7},{"damage":10,"enemies":"Automaton","floor":33,"turns":8},{"damage":3,"enemies":"3 Darklings","floor":35,"turns":4},{"damage":0,"enemies":"Orb Walker","floor":37,"turns":3},{"damage":7,"enemies":"Reptomancer","floor":40,"turns":5},{"damage":11,"enemies":"Giant Head","floor":42,"turns":7},{"damage":25,"enemies":"Jaw Worm Horde","floor":44,"turns":3},{"damage":25,"enemies":"3 Darklings","floor":46,"turns":3},{"damage":0,"enemies":"Reptomancer","floor":47,"turns":5},{"damage":32,"enemies":"Awakened One","floor":50,"turns":7},{"damage":48,"enemies":"Shield and Spear","floor":54,"turns":5},{"damage":115,"enemies":"The Heart","floor":55,"turns":6}],"seed_played":"8003220715990799536","potions_obtained":[{"floor":5,"key":"Explosive Potion"},{"floor":7,"key":"CultistPotion"},{"floor":11,"key":"GamblersBrew"},{"floor":12,"key":"Dexterity Potion"},{"floor":21,"key":"Ancient Potion"},{"floor":27,"key":"DuplicationPotion"},{"floor":31,"key":"Dexterity Potion"},{"floor":42,"key":"ElixirPotion"},{"floor":46,"key":"SteroidPotion"}],"is_trial":false,"path_per_floor":["M","?","?","?","M","E","M","R","T","$","E","M","$","?","R","B",null,"M","?","T","M","$","E","R","E","T","M","?","E","$","E","R","B",null,"M","?","M","T","?","E","?","E","T","M","R","M","E","$","R","B",null,"R","$","E","B"],"character_chosen":"IRONCLAD","items_purchased":["Carnage","Ghostly Armor","Feed","Twin Strike","Rampage","Discovery","DuplicationPotion","Orrery","Brimstone","Ginger","Secret Weapon+1","PowerPotion","Havoc+1"],"campfire_rested":2,"item_purchase_floors":[0,0,0,0,10,13,22,30,48,48,53,53,53],"current_hp_per_floor":[42,42,42,42,51,51,58,58,58,58,46,40,40,40,40,24,80,66,49,49,49,49,53,53,45,45,54,42,42,42,51,69,69,72,77,53,63,63,63,62,62,85,85,89,89,89,89,89,89,93,93,93,93,89,0,0],"gold":33,"neow_bonus":"","is_daily":false,"chose_seed":false,"campfire_upgraded":1,"win_rate":0.0,"timestamp":1613193058,"path_taken":["M","?","?","?","M","E","?","R","T","?","E","?","$","?","R","BOSS","M","?","?","?","$","E","R","E","T","M","?","E","$","E","R","BOSS","M","?","M","?","?","E","?","E","T","?","R","M","E","$","R","BOSS","R","$","E","BOSS"],"items_purchased_type":["Card","Card","Card","Card","Card","Card","Potion","Relic","Relic","Relic","Card","Potion","Card"],"build_version":"2020-12-22","purchased_purges":1,"victory":false,"max_hp_per_floor":[80,80,80,80,83,87,90,90,90,90,94,98,98,98,98,98,98,98,49,49,49,49,53,53,57,57,61,61,65,65,69,69,73,73,77,77,81,81,81,81,81,85,85,89,89,89,89,89,89,93,93,93,93,93,93,93],"relic_stats":{"counters":[30,156],"Eternal Feather":18,"Letter Opener":[127],"Ginger":[2],"War Paint":["Defend_R","Disarm"],"Orichalcum":[210],"Burning Blood":134,"Bronze Scales":[463],"Pantograph":4,"Tiny Chest":2,"MealTicket":0,"Champion Belt":[23],"obtain_stats":[{"Bag of Preparation":9,"Ginger":48,"Burning Blood":0,"Pantograph":25,"Tiny Chest":11,"MealTicket":47,"WingedGreaves":0,"Fusion Hammer":17,"Toxic Egg 2":43,"InkBottle":23,"Eternal Feather":31,"Letter Opener":40,"War Paint":6,"Orichalcum":29,"MawBank":7,"Brimstone":48,"Bronze Scales":9,"Orrery":30,"Coffee Dripper":34,"Champion Belt":0,"Bottled Lightning":20,"StrikeDummy":54,"Toy Ornithopter":36,"Meat on the Bone":26,"Pocketwatch":42},{"Bag of Preparation":4,"Ginger":27,"Burning Blood":0,"Pantograph":16,"Tiny Chest":10,"MealTicket":27,"WingedGreaves":5,"Fusion Hammer":12,"Toxic Egg 2":24,"InkBottle":15,"Eternal Feather":19,"Letter Opener":23,"War Paint":8,"Orichalcum":18,"MawBank":3,"Brimstone":27,"Bronze Scales":9,"Orrery":18,"Coffee Dripper":20,"Champion Belt":5,"Bottled Lightning":13,"StrikeDummy":29,"Toy Ornithopter":21,"Meat on the Bone":16,"Pocketwatch":24},{"Bag of Preparation":20,"Ginger":138,"Burning Blood":0,"Pantograph":85,"Tiny Chest":50,"MealTicket":138,"WingedGreaves":28,"Fusion Hammer":64,"Toxic Egg 2":127,"InkBottle":80,"Eternal Feather":100,"Letter Opener":120,"War Paint":40,"Orichalcum":93,"MawBank":16,"Brimstone":138,"Bronze Scales":42,"Orrery":93,"Coffee Dripper":108,"Champion Belt":28,"Bottled Lightning":70,"StrikeDummy":150,"Toy Ornithopter":112,"Meat on the Bone":85,"Pocketwatch":127}],"InkBottle":[28],"Toy Ornithopter":15,"Meat on the Bone":12,"Pocketwatch":[12]},"card_choices":[{"not_picked":["Havoc","Dropkick"],"picked":"Burning Pact","floor":1},{"not_picked":["Twin Strike","Feel No Pain"],"picked":"Disarm","floor":5},{"not_picked":["Flex","Heavy Blade"],"picked":"Power Through","floor":6},{"not_picked":["Armaments","Dark Embrace"],"picked":"Cleave","floor":7},{"not_picked":["Iron Wave","Body Slam","Second Wind"],"picked":"SKIP","floor":11},{"not_picked":["Infernal Blade","Armaments"],"picked":"True Grit","floor":12},{"not_picked":["Exhume","Demon Form"],"picked":"Berserk","floor":16},{"not_picked":["Thunderclap","Bloodletting"],"picked":"Headbutt","floor":18},{"not_picked":["Body Slam","Anger+1","Clothesline"],"picked":"SKIP","floor":21},{"not_picked":["Intimidate","Pommel Strike"],"picked":"Spot Weakness","floor":23},{"not_picked":["Anger+1","Body Slam","Cleave"],"picked":"SKIP","floor":25},{"not_picked":["Heavy Blade","Flex+1"],"picked":"Headbutt","floor":27},{"not_picked":["Burning Pact+1","Flex"],"picked":"Demon Form","floor":29},{"not_picked":["Havoc","Shrug It Off"],"picked":"Reaper","floor":30},{"not_picked":["Rage","Rampage"],"picked":"Shockwave","floor":30},{"not_picked":["Havoc","Second Wind"],"picked":"Immolate","floor":30},{"not_picked":["Havoc","Fiend Fire","Entrench"],"picked":"SKIP","floor":31},{"not_picked":["Bludgeon","Feed"],"picked":"Limit Break","floor":33},{"not_picked":["Iron Wave+1","Sword Boomerang+1"],"picked":"Warcry","floor":35},{"not_picked":["Iron Wave+1","Body Slam+1"],"picked":"Fire Breathing+1","floor":37},{"not_picked":["Armaments+1","Rampage","Iron Wave"],"picked":"SKIP","floor":40},{"not_picked":["Metallicize","Armaments"],"picked":"Battle Trance+1","floor":42},{"not_picked":["Heavy Blade+1","Flex+1"],"picked":"Immolate","floor":44},{"not_picked":["Pommel Strike+1","Twin Strike"],"picked":"True Grit+1","floor":46},{"not_picked":["Whirlwind","Iron Wave+1","Burning Pact+1"],"picked":"SKIP","floor":47},{"not_picked":["Havoc+1","Pommel Strike+1"],"picked":"Fire Breathing","floor":54}],"player_experience":220110,"relics_obtained":[{"floor":6,"key":"War Paint"},{"floor":9,"key":"Bronze Scales"},{"floor":11,"key":"Tiny Chest"},{"floor":20,"key":"Bottled Lightning"},{"floor":23,"key":"InkBottle"},{"floor":25,"key":"Pantograph"},{"floor":26,"key":"Meat on the Bone"},{"floor":29,"key":"Orichalcum"},{"floor":31,"key":"Eternal Feather"},{"floor":40,"key":"Letter Opener"},{"floor":42,"key":"Pocketwatch"},{"floor":43,"key":"Toxic Egg 2"},{"floor":47,"key":"MealTicket"},{"floor":54,"key":"StrikeDummy"}],"event_choices":[{"damage_healed":0,"gold_gain":0,"player_choice":"3","damage_taken":0,"max_hp_gain":0,"max_hp_loss":0,"event_name":"betterMatch:BetterMatch","floor":2,"gold_loss":0,"cards_obtained":[]},{"damage_healed":42,"gold_gain":0,"player_choice":"Embrace","damage_taken":0,"max_hp_gain":0,"max_hp_loss":80,"event_name":"betterThird:BetterShining","floor":3,"gold_loss":0},{"damage_healed":0,"gold_gain":0,"player_choice":"Ignored","damage_taken":0,"max_hp_gain":0,"max_hp_loss":0,"event_name":"WeMeetAgain","floor":4,"gold_loss":0},{"damage_healed":0,"gold_gain":0,"player_choice":"Upgraded","damage_taken":0,"max_hp_gain":0,"max_hp_loss":0,"event_name":"Upgrade Shrine","floor":14,"gold_loss":0,"cards_upgraded":["Discovery"]},{"damage_healed":0,"gold_gain":0,"player_choice":"Became a Ghost","damage_taken":0,"max_hp_gain":0,"max_hp_loss":49,"event_name":"Ghosts","floor":19,"gold_loss":0,"cards_obtained":["Ghostly","Ghostly","Ghostly","Ghostly","Ghostly"]},{"damage_healed":0,"gold_gain":2,"player_choice":"2","damage_taken":0,"max_hp_gain":0,"max_hp_loss":12,"event_name":"betterStone:BetterStone","floor":28,"gold_loss":0},{"damage_healed":0,"gold_gain":108,"player_choice":"GO RE ","damage_taken":27,"relics_obtained":["Toy Ornithopter"],"max_hp_gain":0,"max_hp_loss":0,"event_name":"betterSkull:BetterSkull","floor":36,"gold_loss":0,"cards_upgraded":[]},{"damage_healed":0,"gold_gain":0,"player_choice":"Ignored","damage_taken":0,"max_hp_gain":0,"max_hp_loss":0,"event_name":"Tomb of Lord Red Mask","floor":39,"gold_loss":0},{"damage_healed":0,"gold_gain":275,"player_choice":"Desecrate","damage_taken":0,"max_hp_gain":0,"max_hp_loss":0,"event_name":"Golden Shrine","floor":41,"gold_loss":0,"cards_obtained":["Regret"]}],"is_beta":false,"boss_relics":[{"not_picked":["Calling Bell","Busted Crown"],"picked":"Fusion Hammer"},{"not_picked":["Astrolabe","Black Star"],"picked":"Coffee Dripper"}],"items_purged_floors":[48],"is_endless":false,"potions_floor_spawned":[5,7,11,12,21,27,31,42,46],"killed_by":"The Heart","ascension_level":6}}