{"host":"skr63qsdfgeey3it","time":1613199673,"event":{"mods":["BaseMod","Colored Map","Hubris","Minty Spire (QoL Compilation)","Monster B Gone","Reliquary","Replay The Spire","Spicy Shops","StSLib"],"gold_per_floor":[119,26,26,41,41,41,51,51,77,77,77,227,227,31,65,80,80,151,151,164,164,9,9,9,9,20,53,80,91,102,128,145,159,159,159,159],"floor_reached":35,"language":"ENG","playtime":1531,"items_purged":["Hallucinations","Strike_B","Doubt"],"score":621,"play_id":"62604f72-ae36-42f5-ab74-57dd336dadcd","local_time":"20210213010113","is_ascension_mode":true,"campfire_choices":[{"data":"Streamline","floor":8,"key":"SMITH"},{"data":"Zap","floor":10,"key":"SMITH"},{"floor":13,"key":"REST"},{"data":"Beam Cell","floor":17,"key":"SMITH"},{"floor":25,"key":"REST"},{"floor":34,"key":"REST"}],"circlet_count":0,"master_deck":["AscendersBane","Strike_B","Strike_B","Defend_B","Defend_B","Defend_B","Zap+1","Dualcast","Redo","ReplayTheSpireMod:Omega Cannon","Streamline+1","Zap+1","Panic Button","Ball Lightning","Pot Of Greed+1","Pot Of Greed","Conserve Battery","hubris:Ukulele","hubris:Ukulele","Beam Cell+1","Mirror Shield","Panic Button","Turbo","Electrodynamics","Pot Of Greed","Leap","Conserve Battery","hubris:Ukulele+1","Panic Button","Crystallizer"],"relics":["Black Star","ReplayTheSpireMod:CursedCoin","reliquary:Buckler","Grinning Jar","Gremlin Horn","reliquary:BallBearing","hubris:RGBLights","Philosopher\u0027s Stone","Strange Spoon","Enchiridion","Replay:Bottled Steam","reliquary:Conveyor","reliquary:SilkGlove","Meat on the Bone","Potion Belt"],"acts_visited":["Exordium","TheCity"],"potions_floor_usage":[15,15,15,27,35,35],"damage_taken":[{"damage":13,"enemies":"Jaw Worm","floor":1,"turns":4},{"damage":1,"enemies":"Cultist","floor":4,"turns":3},{"damage":0,"enemies":"Small Slimes","floor":7,"turns":3},{"damage":16,"enemies":"Gremlin Nob","floor":9,"turns":3},{"damage":8,"enemies":"Lagavulin","floor":15,"turns":5},{"damage":4,"enemies":"Looter","floor":16,"turns":2},{"damage":0,"enemies":"Slime Boss","floor":18,"turns":4},{"damage":22,"enemies":"3 Byrds","floor":20,"turns":4},{"damage":0,"enemies":"Spheric Guardian","floor":26,"turns":3},{"damage":7,"enemies":"Replay:Snechameleon","floor":27,"turns":4},{"damage":26,"enemies":"Shelled Parasite and Fungi","floor":29,"turns":4},{"damage":0,"enemies":"Cultist and Chosen","floor":30,"turns":4},{"damage":1,"enemies":"Gremlin Leader","floor":31,"turns":3},{"damage":0,"enemies":"Sentry and Sphere","floor":32,"turns":2},{"damage":0,"enemies":"Chosen and Byrds","floor":33,"turns":3},{"damage":76,"enemies":"Collector","floor":35,"turns":7}],"seed_played":"5688021242489642020","potions_obtained":[{"floor":4,"key":"Block Potion"},{"floor":7,"key":"Energy Potion"},{"floor":15,"key":"Fruit Juice"},{"floor":18,"key":"SteroidPotion"},{"floor":26,"key":"SkillPotion"},{"floor":29,"key":"BlessingOfTheForge"}],"is_trial":false,"path_per_floor":["M","$","?","M","PTL","PTL","M","R","E","R","T","?","R","$","E","M","R","B",null,"M","?","$","?","$","R","M","E","T","M","M","E","M","M","R","B"],"character_chosen":"DEFECT","items_purchased":["ReplayTheSpireMod:CursedCoin","ReplayTheSpireMod:Omega Cannon","hubris:Ukulele","Strange Spoon"],"campfire_rested":3,"item_purchase_floors":[2,2,14,22],"current_hp_per_floor":[51,51,51,50,50,50,50,50,34,34,34,34,55,55,52,48,48,48,69,47,47,47,26,26,48,48,41,41,15,15,14,26,38,60,0,0],"gold":159,"neow_bonus":"BOSS_RELIC","is_daily":false,"chose_seed":false,"campfire_upgraded":3,"win_rate":0.0,"timestamp":1613199673,"path_taken":["M","$","?","?","PTL","PTL","M","R","E","R","T","?","R","$","E","M","R","BOSS","M","?","$","?","$","R","M","E","T","M","M","E","M","M","R","BOSS"],"items_purchased_type":["Relic","Card","Card","Relic"],"build_version":"2020-12-22","purchased_purges":3,"victory":false,"max_hp_per_floor":[71,71,71,71,71,71,71,71,71,71,71,71,71,71,76,76,76,76,76,76,76,76,76,76,76,76,76,76,76,76,76,76,76,76,76,76],"card_choices":[{"not_picked":["Sweeping Beam","ReplaySort"],"picked":"Redo","floor":1},{"not_picked":["Turbo","Gash"],"picked":"Panic Button","floor":4},{"not_picked":["Panic Button","Rebound"],"picked":"Ball Lightning","floor":7},{"not_picked":["Doom and Gloom","Hello World"],"picked":"Conserve Battery","floor":9},{"not_picked":["Doom and Gloom","Chill"],"picked":"Beam Cell","floor":15},{"not_picked":["ReplayTheSpireMod:Reroute Power","Sweeping Beam","Static Discharge"],"picked":"SKIP","floor":16},{"not_picked":["Reboot","Meteor Strike"],"picked":"Mirror Shield","floor":18},{"not_picked":["ReplayGash+1","ReplayTheSpireMod:Reroute Power"],"picked":"Panic Button","floor":20},{"not_picked":["Stack","Heatsinks"],"picked":"Leap","floor":26},{"not_picked":["Sweeping Beam","BasicCrystalCard"],"picked":"Conserve Battery","floor":27},{"not_picked":["Loop","BasicCrystalCard"],"picked":"hubris:Ukulele+1","floor":29},{"not_picked":["Cold Snap","Undo","Steam"],"picked":"SKIP","floor":30},{"not_picked":["Stack","Barrage"],"picked":"Panic Button","floor":31},{"not_picked":["Compile Driver","Gash","Fusion"],"picked":"SKIP","floor":32},{"not_picked":["Streamline","ReplaySort"],"picked":"Crystallizer","floor":33}],"player_experience":963994,"relics_obtained":[{"floor":9,"key":"reliquary:Buckler"},{"floor":9,"key":"Grinning Jar"},{"floor":11,"key":"Gremlin Horn"},{"floor":15,"key":"reliquary:BallBearing"},{"floor":15,"key":"hubris:RGBLights"},{"floor":23,"key":"Enchiridion"},{"floor":27,"key":"Replay:Bottled Steam"},{"floor":27,"key":"reliquary:Conveyor"},{"floor":28,"key":"reliquary:SilkGlove"},{"floor":31,"key":"Meat on the Bone"},{"floor":31,"key":"Potion Belt"}],"event_choices":[{"damage_healed":0,"gold_gain":0,"player_choice":"2 cards matched","damage_taken":0,"max_hp_gain":0,"max_hp_loss":0,"event_name":"Match and Keep!","floor":3,"gold_loss":0,"cards_obtained":["Streamline","Zap"]},{"damage_healed":0,"gold_gain":150,"player_choice":"AGREE","damage_taken":0,"max_hp_gain":0,"max_hp_loss":0,"event_name":"Liars Game","floor":12,"gold_loss":0,"cards_obtained":["Doubt"]},{"damage_healed":0,"gold_gain":0,"cards_transformed":["Strike_B","Defend_B"],"player_choice":"Became Test Subject","damage_taken":0,"max_hp_gain":0,"max_hp_loss":0,"event_name":"Drug Dealer","floor":21,"gold_loss":0,"cards_obtained":["Turbo","Electrodynamics"]},{"damage_healed":0,"gold_gain":0,"player_choice":"Obtained Book","damage_taken":21,"max_hp_gain":0,"max_hp_loss":0,"event_name":"Cursed Tome","floor":23,"gold_loss":0}],"is_beta":false,"boss_relics":[{"not_picked":["Replay:Drink Me","hubris:BlackHole"],"picked":"Philosopher\u0027s Stone"}],"items_purged_floors":[2,2,14],"is_endless":false,"potions_floor_spawned":[4,7,15,18,26,29],"killed_by":"Collector","ascension_level":15}}