{"host":"19r1ww88x2tc73i0","time":1613204700,"event":{"mods":["BaseMod","BetterRewards","Colored Map","Minty Spire (QoL Compilation)","Relic Stats","StSLib","SuperFastMode","slay the spire mod where everything is the same but ironclad has a cowboy hat"],"gold_per_floor":[117,131,56,131,41,67,67,99,99,99,113,143,160,186,186,257,257,269,189,104,41,0,0,0],"floor_reached":23,"language":"ENG","playtime":594,"items_purged":["Strike_G"],"score":480,"play_id":"21106237-ea63-44e6-8aa9-afa1e526a879","local_time":"25640213152500","is_ascension_mode":true,"campfire_choices":[{"data":"Catalyst","floor":7.0,"key":"SMITH"},{"data":"Noxious Fumes","floor":10.0,"key":"SMITH"},{"data":"Noxious Fumes","floor":15,"key":"SMITH"}],"circlet_count":0,"master_deck":["AscendersBane","Strike_G","Strike_G","Strike_G","Defend_G","Defend_G","Defend_G","Defend_G","Defend_G","Survivor","Neutralize","Deadly Poison","Catalyst+1","Noxious Fumes+1","Backstab","Acrobatics","Footwork","All Out Attack","Blade Dance","Noxious Fumes+1","Dodge and Roll","Outmaneuver","Wraith Form v2","Cloak And Dagger","Crippling Poison","Dagger Spray+1"],"relics":["Ring of the Snake","NeowsBlessing","Prayer Wheel","Gremlin Horn","Calipers","Oddly Smooth Stone","Sundial","Black Star","MawBank"],"acts_visited":["Exordium","TheCity"],"potions_floor_usage":[14,16],"damage_taken":[{"damage":0.0,"enemies":"Cultist","floor":1.0,"turns":1.0},{"damage":0.0,"enemies":"Jaw Worm","floor":2.0,"turns":1.0},{"damage":0.0,"enemies":"Gremlin Nob","floor":6.0,"turns":2.0},{"damage":16.0,"enemies":"3 Sentries","floor":8.0,"turns":8.0},{"damage":0.0,"enemies":"Small Slimes","floor":11.0,"turns":2.0},{"damage":13.0,"enemies":"Lagavulin","floor":12.0,"turns":6.0},{"damage":1.0,"enemies":"Blue Slaver","floor":13.0,"turns":4.0},{"damage":4,"enemies":"3 Sentries","floor":14,"turns":6},{"damage":11,"enemies":"Hexaghost","floor":16,"turns":7},{"damage":17,"enemies":"Spheric Guardian","floor":18,"turns":6},{"damage":16,"enemies":"2 Thieves","floor":19,"turns":4},{"damage":19,"enemies":"Gremlin Leader","floor":23,"turns":3}],"seed_played":"8873296603949511556","potions_obtained":[{"floor":2.0,"key":"Fire Potion"},{"floor":11.0,"key":"Block Potion"},{"floor":13.0,"key":"Explosive Potion"},{"floor":14,"key":"Fruit Juice"}],"is_trial":false,"path_per_floor":["M","M","?","?","$","E","R","E","T","R","M","E","M","E","R","B",null,"M","M","?","$","?","E"],"character_chosen":"THE_SILENT","items_purchased":["Noxious Fumes"],"campfire_rested":0,"item_purchase_floors":[5],"current_hp_per_floor":[59,59,59,48,48,48,48,32,32,32,32,19,18,14,14,8,55,38,22,22,22,22,3,3],"gold":0,"neow_bonus":"THREE_ENEMY_KILL","is_daily":false,"chose_seed":false,"campfire_upgraded":3,"win_rate":0.0,"timestamp":1613204700,"path_taken":["M","?","?","?","$","E","R","E","T","R","M","E","M","E","R","BOSS","M","M","?","$","?","E"],"items_purchased_type":["Card"],"build_version":"2020-12-22","purchased_purges":1,"victory":false,"max_hp_per_floor":[66,66,66,66,66,66,66,66,66,66,66,66,66,66,66,71,71,71,71,71,71,71,71,71],"relic_stats":{"Gremlin Horn":[4,4],"counters":[12,50],"Sundial":[2],"Prayer Wheel":4,"Black Star":0,"MawBank":12,"obtain_stats":[{"Calipers":9,"NeowsBlessing":0,"Gremlin Horn":8,"Sundial":14,"Oddly Smooth Stone":12,"Prayer Wheel":6,"Black Star":17,"MawBank":20,"Ring of the Snake":0},{"Calipers":4,"NeowsBlessing":0,"Gremlin Horn":4,"Sundial":8,"Oddly Smooth Stone":6,"Prayer Wheel":3,"Black Star":9,"MawBank":11,"Ring of the Snake":0},{"Calipers":12,"NeowsBlessing":0,"Gremlin Horn":12,"Sundial":30,"Oddly Smooth Stone":20,"Prayer Wheel":4,"Black Star":37,"MawBank":47,"Ring of the Snake":0}],"Ring of the Snake":[24]},"card_choices":[{"not_picked":["Blur","Outmaneuver"],"picked":"Deadly Poison","floor":1.0},{"not_picked":["Acrobatics","Slice"],"picked":"Catalyst","floor":2.0},{"not_picked":["Predator","Dagger Throw"],"picked":"Backstab","floor":6.0},{"not_picked":["Heel Hook","Escape Plan"],"picked":"Acrobatics","floor":8.0},{"not_picked":["Dagger Throw","Eviscerate"],"picked":"Footwork","floor":11.0},{"not_picked":["Prepared","Infinite Blades"],"picked":"All Out Attack","floor":11.0},{"not_picked":["Underhanded Strike","Riddle With Holes"],"picked":"Blade Dance","floor":12.0},{"not_picked":["Underhanded Strike","Endless Agony"],"picked":"Noxious Fumes","floor":13.0},{"not_picked":["Deadly Poison","Quick Slash"],"picked":"Dodge and Roll","floor":13.0},{"not_picked":["Flechettes","Predator"],"picked":"Outmaneuver","floor":14},{"not_picked":["Storm of Steel","Doppelganger"],"picked":"Wraith Form v2","floor":16},{"not_picked":["Outmaneuver","Quick Slash"],"picked":"Cloak And Dagger","floor":18},{"not_picked":["Reflex","Dagger Throw","Predator"],"picked":"SKIP","floor":18},{"not_picked":["Deflect","Well Laid Plans"],"picked":"Crippling Poison","floor":19},{"not_picked":["Underhanded Strike","Poisoned Stab"],"picked":"Dagger Spray+1","floor":19}],"player_experience":1075902,"relics_obtained":[{"floor":6.0,"key":"Prayer Wheel"},{"floor":8.0,"key":"Gremlin Horn"},{"floor":9.0,"key":"Calipers"},{"floor":12.0,"key":"Oddly Smooth Stone"},{"floor":14,"key":"Sundial"}],"event_choices":[{"cards_removed":["Strike_G"],"damage_healed":0.0,"max_hp_gain":0.0,"max_hp_loss":0.0,"gold_gain":0.0,"event_name":"The Cleric","player_choice":"Card Removal","floor":3.0,"gold_loss":75.0,"damage_taken":0.0},{"damage_healed":0.0,"max_hp_gain":0.0,"max_hp_loss":0.0,"gold_gain":75.0,"event_name":"World of Goop","player_choice":"Gather Gold","floor":4.0,"gold_loss":0.0,"damage_taken":11.0},{"damage_healed":0,"gold_gain":0,"player_choice":"Obtained Relic","damage_taken":0,"relics_obtained":["MawBank"],"max_hp_gain":0,"max_hp_loss":0,"event_name":"Addict","floor":20,"gold_loss":85},{"damage_healed":0,"gold_gain":0,"player_choice":"Paid Fearfully","damage_taken":0,"max_hp_gain":0,"max_hp_loss":0,"event_name":"Masked Bandits","floor":22,"gold_loss":41}],"is_beta":false,"boss_relics":[{"not_picked":["WristBlade","Ring of the Serpent"],"picked":"Black Star"}],"items_purged_floors":[21],"is_endless":false,"potions_floor_spawned":[2,11,13,14],"killed_by":"Gremlin Leader","ascension_level":20}}