{"host":"5fozw18ph4jp5uv8","time":1613184559,"event":{"mods":["BaseMod","Duelist Mod","GifTheSpireLib","Hermit","Minty Spire (QoL Compilation)","StSLib"],"gold_per_floor":[135,135,135,153,56,81,81,45,145,145,164,178,178,178,178,276,276,293,293,293,46,58,58,72,72,127,12,12,30,30,42,42,142,142,153,163,63,82,48,48,68,68,68,87,135,181,181,195,195,195,195],"floor_reached":50,"language":"ENG","playtime":3730,"items_purged":["theDuelist:Sparks+1","theDuelist:SpacetimeTranscendence"],"score":515,"play_id":"58574417-aadc-49bb-96d2-090675fe556d","local_time":"20210212184919","is_ascension_mode":false,"campfire_choices":[{"data":"theDuelist:NaturiaPumpkin","floor":7.0,"key":"SMITH"},{"data":"theDuelist:NaturiaStinkbug","floor":10.0,"key":"SMITH"},{"data":"theDuelist:SummoningSwarm","floor":13.0,"key":"SMITH"},{"data":"theDuelist:NaturiaSacredTree","floor":15.0,"key":"SMITH"},{"data":"theDuelist:NaturiaMarron","floor":23.0,"key":"SMITH"},{"data":"theDuelist:NaturiaMosquito","floor":28.0,"key":"SMITH"},{"data":"theDuelist:NaturiaLeodrake","floor":30.0,"key":"SMITH"},{"floor":32.0,"key":"REST"},{"floor":40.0,"key":"REST"},{"floor":42.0,"key":"REST"},{"floor":49,"key":"REST"}],"circlet_count":0,"master_deck":["theDuelist:CastleWalls","theDuelist:NaturiaBeast+1","theDuelist:NaturiaCliff+1","theDuelist:NaturiaRock+1","theDuelist:NaturiaTulip+1","theDuelist:Sparks","theDuelist:Sparks","theDuelist:NaturiaLandoise+1","theDuelist:NaturiaStinkbug+1","theDuelist:NaturiaSacredTree+1","theDuelist:NaturiaPumpkin+1","theDuelist:SummoningSwarm+1","theDuelist:NaturiaDragonfly","theDuelist:DeltaMagnet","theDuelist:NaturiaMarron+1","theDuelist:NaturiaPineapple+1","theDuelist:NaturiaHydrangea","theDuelist:Spore","theDuelist:BrainCrusher","theDuelist:NaturiaMosquito+1","theDuelist:NaturiaLeodrake+1","theDuelist:SeismicShockwave","theDuelist:NaturiaBarkion","theDuelist:NaturiaSunflower+1","theDuelist:FuryFire+1","theDuelist:NaturiaExterio","theDuelist:NaturiaStrawberry+1","theDuelist:ConvulsionNature+1","theDuelist:NaturiaHorneedle","theDuelist:SummoningSwarm+1"],"relics":["theDuelist:MillenniumPuzzle","theDuelist:CardPoolRelic","theDuelist:CardPoolBasicRelic","theDuelist:BoosterPackPoolRelic","theDuelist:CardPoolAddRelic","theDuelist:CardPoolMinusRelic","theDuelist:CardPoolSaveRelic","theDuelist:CardPoolOptionsRelic","NeowsBlessing","Whetstone","theDuelist:MillenniumCoin","Runic Pyramid","theDuelist:CursedHealer","theDuelist:MonsterEggRelic","Pen Nib","Fusion Hammer","Molten Egg 2","Thread and Needle","Calipers","theDuelist:DuelistUrn","theDuelist:DuelistTeaSet"],"acts_visited":["Exordium","TheCity","TheBeyond"],"potions_floor_usage":[],"damage_taken":[{"damage":0.0,"enemies":"Jaw Worm","floor":1.0,"turns":1.0},{"damage":0.0,"enemies":"2 Louse","floor":4.0,"turns":1.0},{"damage":0.0,"enemies":"3 Sentries","floor":6.0,"turns":1.0},{"damage":4.0,"enemies":"Cultist","floor":11.0,"turns":4.0},{"damage":0.0,"enemies":"Blue Slaver","floor":12.0,"turns":3.0},{"damage":0.0,"enemies":"Slime Boss","floor":16.0,"turns":6.0},{"damage":6.0,"enemies":"2 Thieves","floor":18.0,"turns":4.0},{"damage":0.0,"enemies":"Chosen","floor":22.0,"turns":4.0},{"damage":10.0,"enemies":"Snake Plant","floor":24.0,"turns":5.0},{"damage":0.0,"enemies":"Shelled Parasite and Fungi","floor":29.0,"turns":4.0},{"damage":2.0,"enemies":"Centurion and Healer","floor":31.0,"turns":4.0},{"damage":24.0,"enemies":"Champ","floor":33.0,"turns":13.0},{"damage":46.0,"enemies":"3 Shapes","floor":35.0,"turns":4.0},{"damage":0.0,"enemies":"Orb Walker","floor":36.0,"turns":3.0},{"damage":0.0,"enemies":"Maw","floor":38.0,"turns":7.0},{"damage":18.0,"enemies":"4 Shapes","floor":41.0,"turns":4.0},{"damage":16.0,"enemies":"Spire Growth","floor":44.0,"turns":4.0},{"damage":15.0,"enemies":"Spire Growth","floor":45.0,"turns":7.0},{"damage":33,"enemies":"3 Darklings","floor":48,"turns":4},{"damage":34,"enemies":"Time Eater","floor":50,"turns":11}],"seed_played":"7671467916472603184","potions_obtained":[{"floor":4.0,"key":"theDuelist:SealedPackB"},{"floor":6.0,"key":"EssenceOfSteel"},{"floor":12.0,"key":"Energy Potion"},{"floor":16.0,"key":"theDuelist:FreezingPotion"},{"floor":22.0,"key":"theDuelist:FusionPotion"},{"floor":38.0,"key":"theDuelist:BottledKuriboh"}],"is_trial":false,"path_per_floor":["M","?","?","M","$","E","R","$","T","R","M","M","R","?","R","B",null,"M","?","?","$","M","R","M","?","T","$","R","M","R","M","R","B",null,"M","M","$","M","$","R","M","R","T","M","?","T","?","M","R","B"],"character_chosen":"THE_DUELIST","items_purchased":["theDuelist:NaturiaStinkbug","theDuelist:NaturiaSacredTree","theDuelist:SpacetimeTranscendence","theDuelist:MonsterEggRelic","theDuelist:NaturiaMosquito","theDuelist:NaturiaExterio"],"campfire_rested":4,"item_purchase_floors":[5,5,8,21,27,39],"current_hp_per_floor":[80,80,80,80,80,80,80,80,80,80,76,76,76,76,76,76,80,74,80,80,80,80,80,70,70,70,70,70,70,70,68,80,56,80,34,34,34,34,34,58,40,64,64,48,33,33,33,4,28,0,0],"gold":195,"neow_bonus":"THREE_ENEMY_KILL","is_daily":false,"chose_seed":false,"campfire_upgraded":7,"win_rate":0.0,"timestamp":1613184559,"path_taken":["M","?","?","?","$","E","R","$","T","R","M","M","R","?","R","BOSS","M","?","?","$","M","R","M","?","T","$","R","M","R","M","R","BOSS","M","M","$","M","$","R","M","R","T","M","?","?","?","?","R","BOSS"],"items_purchased_type":["Card","Card","Card","Relic","Card","Card"],"build_version":"2020-12-22","purchased_purges":2,"victory":false,"max_hp_per_floor":[80,80,80,80,80,80,80,80,80,80,80,80,80,80,80,80,80,80,80,80,80,80,80,80,80,80,80,80,80,80,80,80,80,80,80,80,80,80,80,80,80,80,80,80,80,80,80,80,80,80,80],"card_choices":[{"not_picked":["theDuelist:NaturiaDragonfly","theDuelist:NaturiaCliff","theDuelist:NaturiaExterio","theDuelist:VenomShot"],"picked":"theDuelist:NaturiaLandoise","floor":1.0},{"not_picked":["theDuelist:WildNatureRelease","theDuelist:ConvulsionNature","theDuelist:LeodrakeMane","theDuelist:FuryFire"],"picked":"theDuelist:WormBait","floor":4.0},{"not_picked":["theDuelist:BrainCrusher","theDuelist:SeedSacredTree","theDuelist:NaturiaBeans","theDuelist:FuryFire"],"picked":"theDuelist:NaturiaPumpkin","floor":6.0},{"not_picked":["theDuelist:NaturiaHydrangea","theDuelist:NaturiaDragonfly","theDuelist:FossilDig","theDuelist:BottomlessTrapHole"],"picked":"theDuelist:SummoningSwarm","floor":11.0},{"not_picked":["theDuelist:NaturiaHydrangea","theDuelist:LonefireBlossom","theDuelist:NaturiaStinkbug","theDuelist:SangaEarth"],"picked":"theDuelist:NaturiaDragonfly","floor":12.0},{"not_picked":["theDuelist:NaturiaForest","theDuelist:ClosedForest","theDuelist:Wildfire","theDuelist:NaturiaHorneedle"],"picked":"theDuelist:NaturiaVein","floor":16.0},{"not_picked":["theDuelist:NaturiaHydrangea","theDuelist:NaturiaStinkbug","theDuelist:NaturiaEggplant+1","theDuelist:AcidTrapHole"],"picked":"theDuelist:NaturiaMarron","floor":18.0},{"not_picked":["theDuelist:Alpacaribou","theDuelist:NaturiaCliff","theDuelist:NaturiaStinkbug","theDuelist:Spore"],"picked":"theDuelist:NaturiaPineapple+1","floor":22.0},{"not_picked":["theDuelist:NaturiaCliff","theDuelist:NaturiaStinkbug","theDuelist:NaturiaEggplant+1","theDuelist:NaturiaCosmobeet+1"],"picked":"theDuelist:NaturiaHydrangea","floor":24.0},{"not_picked":["theDuelist:ConvulsionNature","theDuelist:NaturalDisaster","theDuelist:NaturiaSacredTree","theDuelist:NaturiaVein"],"picked":"theDuelist:NaturiaLeodrake","floor":29.0},{"not_picked":["theDuelist:NatureReflection","theDuelist:Wiretap","theDuelist:HuntingInstinct","theDuelist:BottomlessTrapHole"],"picked":"theDuelist:SeismicShockwave","floor":31.0},{"not_picked":["theDuelist:HuntingInstinct","theDuelist:ClosedForest","theDuelist:Wildfire+1","theDuelist:NaturiaHorneedle"],"picked":"theDuelist:NaturiaBarkion","floor":33.0},{"not_picked":["theDuelist:NaturiaEggplant","theDuelist:NaturiaTulip","theDuelist:NaturiaStinkbug","theDuelist:FossilExcavation+1"],"picked":"theDuelist:NaturiaSunflower+1","floor":35.0},{"not_picked":["theDuelist:NaturiaHydrangea","theDuelist:NaturiaDragonfly+1","theDuelist:FossilDig","theDuelist:NaturiaMantis","theDuelist:Wiretap+1"],"picked":"SKIP","floor":36.0},{"not_picked":["theDuelist:VenomShot","theDuelist:SummoningSwarm","theDuelist:FossilDig","theDuelist:FossilExcavation+1"],"picked":"theDuelist:FuryFire+1","floor":38.0},{"not_picked":["theDuelist:NaturiaDragonfly+1","theDuelist:NaturiaSunflower","theDuelist:NaturiaAntjaw+1","theDuelist:SummoningSwarm","theDuelist:LonefireBlossom+1"],"picked":"SKIP","floor":41.0},{"not_picked":["theDuelist:NaturiaDragonfly+1","theDuelist:NaturiaStinkbug+1","theDuelist:NaturiaTulip","theDuelist:NaturiaMarron+1"],"picked":"theDuelist:NaturiaStrawberry+1","floor":44.0},{"not_picked":["theDuelist:NatureReflection","theDuelist:NaturalDisaster","theDuelist:LairWire+1"],"picked":"theDuelist:ConvulsionNature+1","floor":45.0},{"not_picked":["theDuelist:NaturiaBeast+1","theDuelist:Sparks+1","theDuelist:Spore","theDuelist:SeismicShockwave+1"],"picked":"theDuelist:SummoningSwarm+1","floor":48}],"player_experience":34641,"relics_obtained":[{"floor":6.0,"key":"Whetstone"},{"floor":9.0,"key":"theDuelist:MillenniumCoin"},{"floor":26.0,"key":"Pen Nib"},{"floor":43.0,"key":"Molten Egg 2"},{"floor":45.0,"key":"Thread and Needle"},{"floor":45.0,"key":"Calipers"},{"floor":45.0,"key":"theDuelist:DuelistUrn"},{"floor":46.0,"key":"theDuelist:DuelistTeaSet"}],"event_choices":[{"damage_healed":0.0,"max_hp_gain":0.0,"max_hp_loss":0.0,"gold_gain":0.0,"event_name":"Golden Idol","player_choice":"Ignored","floor":2.0,"gold_loss":0.0,"damage_taken":0.0},{"damage_healed":0.0,"max_hp_gain":0.0,"max_hp_loss":0.0,"gold_gain":0.0,"event_name":"Accursed Blacksmith","player_choice":"Forge","floor":3.0,"gold_loss":0.0,"damage_taken":0.0,"cards_upgraded":["theDuelist:NaturiaLandoise"]},{"damage_healed":0.0,"max_hp_gain":0.0,"max_hp_loss":0.0,"gold_gain":0.0,"event_name":"Egyptian Village","player_choice":"Delta Electro","duelist":true,"floor":14.0,"gold_loss":0.0,"damage_taken":0.0,"cards_obtained":["Delta Electromagnet Warrior"]},{"damage_healed":0.0,"max_hp_gain":0.0,"max_hp_loss":0.0,"gold_gain":0.0,"event_name":"Tomb of the Nameless","player_choice":"Succumb - +25HP/Cursed Relic","duelist":true,"floor":19.0,"gold_loss":0.0,"damage_taken":0.0},{"cards_removed":["theDuelist:NaturiaVein"],"damage_healed":0.0,"max_hp_gain":0.0,"max_hp_loss":0.0,"gold_gain":0.0,"event_name":"Back to Basics","player_choice":"Elegance","floor":20.0,"gold_loss":0.0,"damage_taken":0.0},{"damage_healed":0.0,"max_hp_gain":0.0,"max_hp_loss":0.0,"gold_gain":0.0,"cards_transformed":["theDuelist:CastleWalls","theDuelist:CastleWalls"],"event_name":"Drug Dealer","player_choice":"Became Test Subject","floor":25.0,"gold_loss":0.0,"damage_taken":0.0,"cards_obtained":["theDuelist:Spore","theDuelist:BrainCrusher"]},{"damage_healed":0.0,"max_hp_gain":0.0,"max_hp_loss":0.0,"gold_gain":0.0,"event_name":"Battle City","player_choice":"Fight","duelist":true,"floor":45.0,"gold_loss":0.0,"damage_taken":0.0},{"damage_healed":0.0,"max_hp_gain":0.0,"max_hp_loss":0.0,"gold_gain":0.0,"event_name":"Match and Keep!","player_choice":"1 cards matched","floor":47.0,"gold_loss":0.0,"damage_taken":0.0,"cards_obtained":["theDuelist:NaturiaHorneedle"]}],"is_beta":false,"boss_relics":[{"not_picked":["Coffee Dripper","Black Star"],"picked":"Runic Pyramid"},{"not_picked":["theDuelist:MillenniumKey","Philosopher\u0027s Stone"],"picked":"Fusion Hammer"}],"items_purged_floors":[27,37],"is_endless":false,"potions_floor_spawned":[4,6,12,16,18,22,29,31,36,38,44,48],"killed_by":"Time Eater","ascension_level":0}}