{"host":"t1puqh5lxz8sp6fn","time":1613251579,"event":{"mods":["AchievementEnabler","BaseMod","Colored Powertips","Minty Spire (QoL Compilation)","Rare Cards Sparkle","Relic Stats","StSLib"],"gold_per_floor":[116,116,116,133,149,184,199,199,224,259,259,163,179,189,189,189,189],"floor_reached":16,"playtime":497,"items_purged":["Strike_G"],"score":196,"play_id":"6cfb71c5-a43c-4e26-bb36-c51f203356ea","local_time":"20210213182619","is_ascension_mode":true,"campfire_choices":[{"floor":8.0,"key":"REST"},{"floor":15.0,"key":"REST"}],"circlet_count":0,"master_deck":["AscendersBane","Strike_G","Strike_G","Strike_G","Defend_G","Defend_G","Defend_G","Defend_G","Defend_G","Survivor","Neutralize","Flying Knee","Dash","Predator","Crippling Poison","Noxious Fumes","Noxious Fumes","Prepared","Deflect","Tools of the Trade"],"relics":["Ring of the Snake","NeowsBlessing","Oddly Smooth Stone","Dream Catcher","Juzu Bracelet","Art of War","Smiling Mask"],"acts_visited":["Exordium"],"potions_floor_usage":[16],"damage_taken":[{"damage":0.0,"enemies":"Small Slimes","floor":1.0,"turns":1.0},{"damage":0.0,"enemies":"Cultist","floor":4.0,"turns":1.0},{"damage":0.0,"enemies":"2 Louse","floor":5.0,"turns":1.0},{"damage":37.0,"enemies":"Lagavulin","floor":6.0,"turns":9.0},{"damage":7.0,"enemies":"Exordium Thugs","floor":7.0,"turns":5.0},{"damage":11.0,"enemies":"3 Sentries","floor":10.0,"turns":9.0},{"damage":0.0,"enemies":"Large Slime","floor":13.0,"turns":5.0},{"damage":0.0,"enemies":"Looter","floor":14.0,"turns":3.0},{"damage":34,"enemies":"Slime Boss","floor":16,"turns":5}],"seed_played":"-9185222251145963130","potions_obtained":[{"floor":6.0,"key":"EssenceOfSteel"},{"floor":7.0,"key":"Swift Potion"},{"floor":13.0,"key":"SneckoOil"}],"is_trial":false,"path_per_floor":["M","?","?","M","M","E","M","R","T","E","?","$","M","M","R","B"],"character_chosen":"THE_SILENT","items_purchased":["Prepared"],"campfire_rested":2,"item_purchase_floors":[12],"current_hp_per_floor":[59,48,48,48,48,11,4,23,23,12,12,12,12,12,31,0,0],"gold":189,"neow_bonus":"THREE_ENEMY_KILL","is_daily":false,"chose_seed":false,"campfire_upgraded":0,"win_rate":0.0,"timestamp":1613251579,"path_taken":["M","?","?","M","?","E","M","R","T","E","?","$","M","M","R","BOSS"],"items_purchased_type":["Card"],"build_version":"2020-12-13","purchased_purges":1,"victory":false,"max_hp_per_floor":[66,66,66,66,66,66,66,66,66,66,66,66,66,66,66,66,66],"relic_stats":{"Dream Catcher":2,"counters":[9,39],"Juzu Bracelet":0,"Art of War":[0],"Smiling Mask":25,"obtain_stats":[{"Dream Catcher":6,"NeowsBlessing":0,"Oddly Smooth Stone":2,"Juzu Bracelet":9,"Art of War":10,"Smiling Mask":11,"Ring of the Snake":0},{"Dream Catcher":4,"NeowsBlessing":0,"Oddly Smooth Stone":1,"Juzu Bracelet":5,"Art of War":6,"Smiling Mask":6,"Ring of the Snake":0},{"Dream Catcher":12,"NeowsBlessing":0,"Oddly Smooth Stone":1,"Juzu Bracelet":17,"Art of War":26,"Smiling Mask":26,"Ring of the Snake":0}],"Ring of the Snake":[18]},"card_choices":[{"not_picked":["Underhanded Strike","Slice"],"picked":"Flying Knee","floor":1.0},{"not_picked":["Predator","Quick Slash"],"picked":"Dash","floor":4.0},{"not_picked":["Blade Dance","Eviscerate"],"picked":"Predator","floor":5.0},{"not_picked":["Outmaneuver","Finisher"],"picked":"Crippling Poison","floor":6.0},{"not_picked":["Bane","Backflip"],"picked":"Noxious Fumes","floor":7.0},{"not_picked":["Expertise","Concentrate"],"picked":"Noxious Fumes","floor":10.0},{"not_picked":["Choke","Leg Sweep"],"picked":"Deflect","floor":13.0},{"not_picked":["Reflex","Predator","Caltrops"],"picked":"SKIP","floor":14.0},{"not_picked":["Bouncing Flask","Prepared"],"picked":"Tools of the Trade","floor":15.0}],"player_experience":522788,"relics_obtained":[{"floor":6.0,"key":"Dream Catcher"},{"floor":9.0,"key":"Juzu Bracelet"},{"floor":10.0,"key":"Art of War"}],"event_choices":[{"damage_healed":0.0,"max_hp_gain":0.0,"max_hp_loss":0.0,"gold_gain":0.0,"event_name":"Scrap Ooze","player_choice":"Success","floor":2.0,"gold_loss":0.0,"damage_taken":11.0,"relics_obtained":["Oddly Smooth Stone"]},{"cards_removed":["Strike_G"],"damage_healed":0.0,"max_hp_gain":0.0,"max_hp_loss":0.0,"gold_gain":0.0,"event_name":"Bonfire Elementals","player_choice":"Offered Basic","floor":3.0,"gold_loss":0.0,"damage_taken":0.0},{"damage_healed":0.0,"max_hp_gain":0.0,"max_hp_loss":0.0,"gold_gain":0.0,"event_name":"WeMeetAgain","player_choice":"Gave Potion","floor":11.0,"gold_loss":0.0,"damage_taken":0.0,"relics_obtained":["Smiling Mask"]}],"is_beta":false,"boss_relics":[],"items_purged_floors":[12],"is_endless":false,"potions_floor_spawned":[6,7,13],"killed_by":"Slime Boss","ascension_level":15}}