{"host":"bvp2uifzy1c463d9","time":1613201450,"event":{"mods":["AchievementEnabler","BaseMod","Block Reminder","Bossed Relics","ChefMod","Colored Map","Colored Powertips","Energized Spire","Hermit","Highlight Path","Hubris","Infinite Spire","Minty Spire (QoL Compilation)","Random Character Button","Relic Sorter","Relic Stats","Reliquary","Replay The Spire","StSLib","The Blue Laboratory","The Jungle","The Servant 0.9.4","Wandering Minibosses"],"gold_per_floor":[119,6,58,58,58,90,90,104,104,104,134,134,150,163,163,163,163],"floor_reached":16,"language":"ENG","playtime":638,"items_purged":[],"score":119,"play_id":"82ff4598-21c5-4bb9-a255-96dc1ca4ae9b","local_time":"20210213013050","is_ascension_mode":true,"campfire_choices":[{"data":"hermit:Determination","floor":7,"key":"SMITH"},{"data":"hermit:Quickdraw","floor":10,"key":"SMITH"},{"data":"hermit:HoleUp","floor":15,"key":"SMITH"}],"circlet_count":0,"master_deck":["hermit:Strike_Hermit","hermit:Strike_Hermit","hermit:Strike_Hermit","hermit:Defend_Hermit","hermit:Defend_Hermit","hermit:Defend_Hermit","hermit:Defend_Hermit","hermit:Snapshot","hermit:Covet","Bandage Up","hermit:WideOpen","hermit:Manifest+1","hermit:Determination+1","ReplayTheSpireMod:Splinters","hermit:Quickdraw+1","hermit:HoleUp+1","hermit:Feint"],"relics":["hermit:Momento","hubris:Icosahedron","hubris:Towel","Replay:Bottled Flurry","Replay:Baseball","reliquary:PurpleTingedLeaf"],"acts_visited":["Exordium"],"potions_floor_usage":[14,16,16,16],"damage_taken":[{"damage":0,"enemies":"2 Louse","floor":1,"turns":2},{"damage":24,"enemies":"Lagavulin","floor":6,"turns":9},{"damage":0,"enemies":"Small Slimes","floor":8,"turns":3},{"damage":19,"enemies":"3 Sentries","floor":11,"turns":11},{"damage":0,"enemies":"Jaw Worm","floor":13,"turns":3},{"damage":0,"enemies":"Blue Slaver","floor":14,"turns":1},{"damage":60,"enemies":"Slime Boss","floor":16,"turns":11}],"seed_played":"5709374865258316263","potions_obtained":[{"floor":3,"key":"blueLaboratory:RememoryPotion"},{"floor":3,"key":"Venom Potion"},{"floor":3,"key":"Adrenaline Potion"},{"floor":14,"key":"AttackPotion"}],"is_trial":false,"path_per_floor":["M","$","?","?","?","E","R","M","T","R","E","?","M","M","R","B"],"character_chosen":"HERMIT","items_purchased":["hermit:Manifest+1","hermit:Determination"],"campfire_rested":0,"item_purchase_floors":[2,2],"current_hp_per_floor":[75,75,75,75,75,55,55,59,59,59,44,44,48,49,49,0,0],"gold":163,"neow_bonus":"RANDOM_COLORLESS","is_daily":false,"chose_seed":false,"campfire_upgraded":3,"win_rate":0.0,"timestamp":1613201450,"path_taken":["M","$","?","?","?","E","R","M","T","R","E","?","M","M","R","BOSS"],"items_purchased_type":["Card","Card"],"build_version":"2020-12-22","purchased_purges":0,"victory":false,"max_hp_per_floor":[75,75,75,75,75,75,75,75,75,75,75,75,75,75,75,75,75],"relic_stats":{"counters":[7,40],"obtain_stats":[{"Replay:Baseball":9,"hubris:Icosahedron":4,"Replay:Bottled Flurry":6,"hubris:Towel":5,"hermit:Momento":0,"reliquary:PurpleTingedLeaf":11},{"Replay:Baseball":3,"hubris:Icosahedron":1,"Replay:Bottled Flurry":2,"hubris:Towel":1,"hermit:Momento":0,"reliquary:PurpleTingedLeaf":4},{"Replay:Baseball":14,"hubris:Icosahedron":2,"Replay:Bottled Flurry":11,"hubris:Towel":2,"hermit:Momento":0,"reliquary:PurpleTingedLeaf":25}]},"card_choices":[{"not_picked":["Madness","Blind"],"picked":"Bandage Up","floor":0},{"not_picked":["hermit:ItchyTrigger","hermit:BodyArmor"],"picked":"hermit:WideOpen","floor":1},{"not_picked":["hermit:Deadeye","hermit:Headshot","hermit:BodyArmor"],"picked":"SKIP","floor":6},{"not_picked":["hermit:ItchyTrigger","hermit:Headshot"],"picked":"hermit:Quickdraw","floor":8},{"not_picked":["hermit:HighCaliber","hermit:Headshot","hermit:WideOpen"],"picked":"SKIP","floor":11},{"not_picked":["hermit:Manifest","hermit:BodyArmor"],"picked":"hermit:HoleUp","floor":13},{"not_picked":["hermit:Dive","hermit:Misfire"],"picked":"hermit:Feint","floor":14}],"player_experience":332332,"relics_obtained":[{"floor":6,"key":"Replay:Bottled Flurry"},{"floor":9,"key":"Replay:Baseball"},{"floor":11,"key":"reliquary:PurpleTingedLeaf"}],"event_choices":[{"cards_removed":["hermit:Strike_Hermit"],"damage_healed":0,"gold_gain":0,"player_choice":"Purged","damage_taken":0,"max_hp_gain":0,"max_hp_loss":0,"event_name":"Purifier","floor":12,"gold_loss":0}],"is_beta":false,"boss_relics":[],"items_purged_floors":[],"is_endless":false,"potions_floor_spawned":[6,8,14],"killed_by":"Slime Boss","ascension_level":2}}