{"host":"p0hktren06injwdf","time":1613193760,"event":{"mods":["AchievementEnabler","BaseMod","Colored Map","DeckTracker","Minty Spire (QoL Compilation)","Permanent Neow","StSLib","SuperFastMode"],"gold_per_floor":[213,230,230,280,297,322,113,113,136,155,167,201,219,5,5,78,128,148,148,10,60,74,74,86,86,110,129,47,62,62,95,95,174,174,188,188,513,524,524,524,551,551,578,578,578,597,597,597],"floor_reached":47,"language":"KOR","playtime":962,"items_purged":["Defend_P"],"score":1041,"play_id":"aa4c598d-86f4-40a0-bdc1-5ab2a29d31df","local_time":"20210213142240","is_ascension_mode":true,"campfire_choices":[{"data":"EmptyFist","floor":8.0,"key":"SMITH"},{"data":"CutThroughFate","floor":15.0,"key":"SMITH"},{"data":"DeusExMachina","floor":23.0,"key":"SMITH"},{"floor":25.0,"key":"REST"},{"data":"Halt","floor":32,"key":"SMITH"},{"data":"Wallop","floor":40,"key":"SMITH"},{"floor":42,"key":"REST"},{"floor":44,"key":"RECALL"}],"circlet_count":0,"master_deck":["AscendersBane","Strike_P","Strike_P","Strike_P+1","Strike_P+1","Defend_P","Defend_P","Defend_P+1","Eruption+1","Vigilance","EmptyFist+1","BowlingBash","Evaluate","Blasphemy","Halt+1","CutThroughFate+1","FlurryOfBlows","Brilliance","FearNoEvil","Wallop+1","Flash of Steel","MentalFortress+1"],"relics":["HolyWater","PreservedInsect","Membership Card","Bag of Marbles","Prayer Wheel","Yang","Tiny House","Shuriken","Whetstone","Lantern","Ornamental Fan","Old Coin","Darkstone Periapt"],"acts_visited":["Exordium","TheCity","TheBeyond"],"potions_floor_usage":[31,33,41],"damage_taken":[{"damage":8.0,"enemies":"Jaw Worm","floor":1.0,"turns":10.0},{"damage":0.0,"enemies":"2 Louse","floor":2.0,"turns":2.0},{"damage":0.0,"enemies":"Cultist","floor":5.0,"turns":2.0},{"damage":11.0,"enemies":"Lagavulin","floor":6.0,"turns":5.0},{"damage":3.0,"enemies":"Lots of Slimes","floor":10.0,"turns":3.0},{"damage":0.0,"enemies":"Exordium Wildlife","floor":11.0,"turns":1.0},{"damage":0.0,"enemies":"Gremlin Nob","floor":12.0,"turns":1.0},{"damage":2.0,"enemies":"Blue Slaver","floor":13.0,"turns":2.0},{"damage":24.0,"enemies":"The Guardian","floor":16.0,"turns":14.0},{"damage":10.0,"enemies":"Spheric Guardian","floor":18.0,"turns":4.0},{"damage":0.0,"enemies":"Chosen","floor":22.0,"turns":5.0},{"damage":30.0,"enemies":"Shelled Parasite and Fungi","floor":24.0,"turns":7.0},{"damage":20.0,"enemies":"Chosen and Byrds","floor":27.0,"turns":4.0},{"damage":8,"enemies":"Centurion and Healer","floor":29,"turns":4},{"damage":1,"enemies":"Gremlin Leader","floor":31,"turns":5},{"damage":14,"enemies":"Champ","floor":33,"turns":10},{"damage":1,"enemies":"3 Darklings","floor":35,"turns":6},{"damage":0,"enemies":"Mind Bloom Boss Battle","floor":37,"turns":2},{"damage":0,"enemies":"Orb Walker","floor":38,"turns":3},{"damage":38,"enemies":"Reptomancer","floor":41,"turns":5},{"damage":35,"enemies":"4 Shapes","floor":46,"turns":5},{"damage":0,"enemies":"Nemesis","floor":47,"turns":2}],"seed_played":"4092467251330433296","potions_obtained":[{"floor":2.0,"key":"Ancient Potion"},{"floor":10.0,"key":"Strength Potion"},{"floor":12.0,"key":"SpeedPotion"},{"floor":13.0,"key":"Block Potion"},{"floor":24.0,"key":"EssenceOfSteel"},{"floor":29,"key":"Weak Potion"},{"floor":35,"key":"LiquidMemories"}],"is_trial":false,"path_per_floor":["M","M","?","?","M","E","$","R","T","M","M","E","M","$","R","B",null,"M","?","$","?","M","R","M","R","T","M","$","M","?","E","R","B",null,"M","?","?","M","?","R","E","R","T","R","?","M","E"],"character_chosen":"WATCHER","items_purchased":["Membership Card","Yang","DeusExMachina","Shuriken","Lantern"],"campfire_rested":2,"item_purchase_floors":[7,14,14,20,28],"current_hp_per_floor":[53,53,53,47,47,36,36,36,36,33,33,33,31,31,31,7,58,48,48,48,48,48,48,18,39,39,19,19,11,26,25,25,11,58,57,57,57,57,57,57,19,40,40,40,40,5,5,5],"gold":597,"neow_bonus":"HUNDRED_GOLD","is_daily":false,"chose_seed":false,"campfire_upgraded":5,"win_rate":0.0,"timestamp":1613193760,"path_taken":["M","M","?","?","M","E","$","R","T","M","?","E","M","?","R","BOSS","M","?","$","?","M","R","?","R","T","M","$","M","?","E","R","BOSS","M","?","?","M","?","R","E","R","T","R","?","M","E"],"items_purchased_type":["Relic","Relic","Card","Relic","Relic"],"build_version":"2020-12-22","purchased_purges":1,"victory":false,"max_hp_per_floor":[68,68,68,68,68,68,68,68,68,68,68,68,68,68,68,68,73,73,73,73,73,73,73,73,73,73,73,73,73,73,73,73,73,73,73,73,73,73,73,73,73,73,73,73,73,73,73,73],"card_choices":[{"not_picked":["PathToVictory","Weave"],"picked":"EmptyFist","floor":1.0},{"not_picked":["SashWhip","CutThroughFate"],"picked":"BowlingBash","floor":2.0},{"not_picked":["ClearTheMind","FlyingSleeves"],"picked":"Evaluate","floor":5.0},{"not_picked":["BowlingBash","Weave","Blasphemy"],"picked":"SKIP","floor":6.0},{"not_picked":["BowlingBash","Weave"],"picked":"Blasphemy","floor":6.0},{"not_picked":["JustLucky","Prostrate","EmptyBody"],"picked":"SKIP","floor":10.0},{"not_picked":["WheelKick","CrushJoints"],"picked":"Halt","floor":11.0},{"not_picked":["FollowUp","PathToVictory"],"picked":"CutThroughFate","floor":12.0},{"not_picked":["Crescendo","ThirdEye","EmptyFist"],"picked":"SKIP","floor":13.0},{"not_picked":["EmptyFist","PathToVictory","JustLucky"],"picked":"SKIP","floor":13.0},{"not_picked":["Sanctity","Indignation","Halt"],"picked":"SKIP","floor":18.0},{"not_picked":["ClearTheMind","Meditate","ReachHeaven"],"picked":"SKIP","floor":18.0},{"not_picked":["Worship","WheelKick+1","PathToVictory"],"picked":"SKIP","floor":22.0},{"not_picked":["Evaluate+1","BowlingBash","EmptyBody"],"picked":"SKIP","floor":22.0},{"not_picked":["Crescendo","Fasting2"],"picked":"FlurryOfBlows","floor":24.0},{"not_picked":["Consecrate","LikeWater","BattleHymn+1"],"picked":"SKIP","floor":24.0},{"not_picked":["FlyingSleeves+1","BowlingBash"],"picked":"Brilliance","floor":27.0},{"not_picked":["Halt","Crescendo","Consecrate+1"],"picked":"SKIP","floor":27.0},{"not_picked":["Prostrate","Protect","FollowUp"],"picked":"SKIP","floor":29},{"not_picked":["Perseverance","Crescendo+1","ForeignInfluence"],"picked":"SKIP","floor":29},{"not_picked":["WaveOfTheHand","SashWhip+1"],"picked":"FearNoEvil","floor":31},{"not_picked":["ThirdEye","CarveReality","FlyingSleeves"],"picked":"SKIP","floor":35},{"not_picked":["EmptyFist","ClearTheMind+1","JustLucky"],"picked":"SKIP","floor":35},{"not_picked":["SashWhip","Sanctity+1"],"picked":"Wallop","floor":37},{"not_picked":["Swivel","EmptyBody","Crescendo"],"picked":"SKIP","floor":38},{"not_picked":["JustLucky","ThirdEye","LikeWater"],"picked":"SKIP","floor":38},{"not_picked":["Sadistic Nature","Apotheosis"],"picked":"Flash of Steel","floor":39},{"not_picked":["Vengeance","FearNoEvil","Prostrate"],"picked":"SKIP","floor":41},{"not_picked":["Wallop","FlyingSleeves+1"],"picked":"MentalFortress+1","floor":46},{"not_picked":["Sanctity+1","Protect","Prostrate"],"picked":"SKIP","floor":46}],"player_experience":1049016,"relics_obtained":[{"floor":6.0,"key":"PreservedInsect"},{"floor":9.0,"key":"Bag of Marbles"},{"floor":12.0,"key":"Prayer Wheel"},{"floor":26.0,"key":"Whetstone"},{"floor":31,"key":"Ornamental Fan"},{"floor":37,"key":"Old Coin"},{"floor":41,"key":"Darkstone Periapt"}],"event_choices":[{"damage_healed":0.0,"max_hp_gain":0.0,"max_hp_loss":0.0,"gold_gain":0.0,"event_name":"Living Wall","player_choice":"Grow","floor":3.0,"gold_loss":0.0,"damage_taken":0.0,"cards_upgraded":["Eruption"]},{"damage_healed":0.0,"max_hp_gain":0.0,"max_hp_loss":0.0,"gold_gain":50.0,"event_name":"FaceTrader","player_choice":"Touch","floor":4.0,"gold_loss":0.0,"damage_taken":6.0},{"damage_healed":0.0,"max_hp_gain":0.0,"max_hp_loss":0.0,"gold_gain":0.0,"event_name":"Vampires","player_choice":"Ignored","floor":19.0,"gold_loss":0.0,"damage_taken":0.0},{"damage_healed":0.0,"max_hp_gain":0.0,"max_hp_loss":0.0,"gold_gain":50.0,"event_name":"Golden Shrine","player_choice":"Pray","floor":21.0,"gold_loss":0.0,"damage_taken":0.0},{"damage_healed":15,"gold_gain":0,"player_choice":"Heal","damage_taken":0,"max_hp_gain":0,"max_hp_loss":0,"event_name":"The Library","floor":30,"gold_loss":0},{"cards_removed":["DeusExMachina"],"damage_healed":0,"gold_gain":0,"player_choice":"Removed Skill","damage_taken":0,"max_hp_gain":0,"max_hp_loss":0,"event_name":"Falling","floor":36,"gold_loss":0},{"damage_healed":0,"gold_gain":0,"player_choice":"Fight","damage_taken":0,"max_hp_gain":0,"max_hp_loss":0,"event_name":"MindBloom","floor":37,"gold_loss":0},{"damage_healed":0,"gold_gain":0,"player_choice":"Memory 1","damage_taken":0,"max_hp_gain":0,"max_hp_loss":0,"event_name":"SensoryStone","floor":39,"gold_loss":0},{"damage_healed":0,"gold_gain":0,"player_choice":"Ignored","damage_taken":0,"max_hp_gain":0,"max_hp_loss":0,"event_name":"Tomb of Lord Red Mask","floor":45,"gold_loss":0}],"is_beta":false,"boss_relics":[{"not_picked":["Coffee Dripper","Busted Crown"],"picked":"Tiny House"},{"not_picked":["SacredBark","Pandora\u0027s Box"],"picked":"HolyWater"}],"items_purged_floors":[7],"is_endless":false,"potions_floor_spawned":[2,10,12,13,24,29,35],"killed_by":"Nemesis","ascension_level":20}}