{"host":"dey9j018cvpdh1nv","time":1613254500,"event":{"mods":["BaseMod","Downfall","Minty Spire (QoL Compilation)","Replay The Spire","StSLib","The Cursed"],"gold_per_floor":[111,121,121,140,65,65,84,100,100,100,119,130,130,149,149,254,254,265,265,190,19,29,29,43,43,90,104,104,104,104,115,115,210,210,223,98,148,160,16,16,44,44,44,62,62,269,287,142,142,142,142],"floor_reached":50,"language":"ENG","playtime":2387,"items_purged":["Strike_R","Strike_R","Strike_R"],"score":664,"play_id":"15d89953-4a12-4702-99b7-0e184395dd9a","local_time":"20210213171500","is_ascension_mode":false,"campfire_choices":[{"data":"Rampage","floor":6,"key":"SMITH"},{"data":"Feed","floor":10,"key":"SMITH"},{"data":"Wild Strike","floor":13,"key":"SMITH"},{"floor":15,"key":"DIG"},{"data":"Offering","floor":23,"key":"SMITH"},{"floor":29,"key":"REST"},{"data":"ReplayTheSpireMod:Corrosion Curse","floor":32,"key":"SMITH"},{"floor":40,"key":"REST"},{"data":"Bash","floor":45,"key":"SMITH"},{"floor":49,"key":"REST"}],"circlet_count":0,"master_deck":["Defend_R","Defend_R","Defend_R","Defend_R","Bash+1","Offering+1","Twin Strike+1","Wild Strike+1","Rampage+1","Reckless Charge","Feed+1","Intimidate","ReplayTheSpireMod:Corrosion Curse+1","Brutality+1","Rage+1","Inflame+1","Twin Strike","Headbutt","Cleave","Impervious","Run Through+1","Second Wind+1","Intimidate+1","Wild Strike+1","Headbutt"],"relics":["Burning Blood","InkBottle","Frozen Egg 2","SlaversCollar","Bronze Scales","Mark of Pain","Bird Faced Urn","Membership Card","Blue Doll","Replay:Rubber Ducky","FossilizedHelix"],"acts_visited":["Exordium","TheCity","TheBeyond"],"potions_floor_usage":[8,14,24,33,33,41,47,50,50,50],"damage_taken":[{"damage":16,"enemies":"Jaw Worm","floor":1,"turns":4},{"damage":1,"enemies":"Cultist","floor":2,"turns":3},{"damage":0,"enemies":"2 Louse","floor":4,"turns":2},{"damage":1,"enemies":"Exordium Wildlife","floor":7,"turns":2},{"damage":16,"enemies":"Exordium Thugs","floor":8,"turns":4},{"damage":5,"enemies":"2 Fungi Beasts","floor":11,"turns":3},{"damage":22,"enemies":"Large Slime","floor":12,"turns":5},{"damage":7,"enemies":"Exordium Thugs","floor":14,"turns":2},{"damage":39,"enemies":"Fading Forest","floor":16,"turns":11},{"damage":37,"enemies":"2 Thieves","floor":18,"turns":4},{"damage":11,"enemies":"Chosen","floor":22,"turns":3},{"damage":27,"enemies":"Snake Plant","floor":24,"turns":4},{"damage":18,"enemies":"Cultist and Chosen","floor":27,"turns":4},{"damage":7,"enemies":"Colosseum Slavers","floor":28,"turns":2},{"damage":17,"enemies":"Centurion and Healer","floor":31,"turns":4},{"damage":57,"enemies":"Pondfish","floor":33,"turns":7},{"damage":28,"enemies":"3 Darklings","floor":35,"turns":4},{"damage":41,"enemies":"Mind Bloom Boss Battle","floor":37,"turns":5},{"damage":19,"enemies":"3 Shapes","floor":38,"turns":5},{"damage":10,"enemies":"Nemesis","floor":41,"turns":5},{"damage":27,"enemies":"Maw","floor":44,"turns":7},{"damage":47,"enemies":"Jaw Worm Horde","floor":47,"turns":4},{"damage":63,"enemies":"Donu and Deca","floor":50,"turns":6}],"seed_played":"2579199572086156009","potions_obtained":[{"floor":2,"key":"FearPotion"},{"floor":7,"key":"Reflective Coating"},{"floor":11,"key":"bronze:BurnAndBuffPotion"},{"floor":12,"key":"SteroidPotion"},{"floor":16,"key":"ColorlessPotion"},{"floor":18,"key":"Regen Potion"},{"floor":31,"key":"Fire Potion"},{"floor":33,"key":"ColorlessPotion"},{"floor":37,"key":"Dexterity Potion"},{"floor":44,"key":"EssenceOfSteel"},{"floor":47,"key":"Explosive Potion"}],"is_trial":false,"path_per_floor":["M","M","?","M","$","R","M","M","T","R","M","M","R","M","R","B",null,"M","?","?","$","M","R","M","$","T","M","?","R","$","M","R","B",null,"M","$","?","M","$","R","E","$","T","M","R","?","M","$","R","B"],"character_chosen":"IRONCLAD","items_purchased":["Inflame+1","Membership Card","FossilizedHelix"],"campfire_rested":3,"item_purchase_floors":[21,39,48],"current_hp_per_floor":[70,75,75,80,80,80,80,70,70,70,75,63,63,66,66,43,92,61,61,61,61,60,60,51,51,51,43,42,72,72,65,65,14,104,82,82,47,38,38,69,69,69,69,52,52,52,19,19,51,0,0],"gold":142,"neow_bonus":"TRANSFORM_CARD","is_daily":false,"chose_seed":false,"campfire_upgraded":6,"win_rate":0.0,"timestamp":1613254500,"path_taken":["M","M","?","M","$","R","M","?","T","R","M","M","R","M","R","BOSS","M","?","?","$","M","R","M","?","T","?","?","R","$","M","R","BOSS","M","$","?","M","?","R","E","$","T","M","R","?","M","$","R","BOSS"],"items_purchased_type":["Card","Relic","Relic"],"build_version":"2020-12-22","purchased_purges":3,"victory":false,"max_hp_per_floor":[80,80,80,80,80,80,80,80,80,80,84,88,88,92,92,92,92,92,92,92,92,96,96,96,96,96,100,100,100,100,104,104,104,104,104,104,104,104,104,104,104,104,104,104,104,104,108,108,108,108,108],"card_choices":[{"not_picked":["Run Through","Havoc"],"picked":"Twin Strike","floor":1},{"not_picked":["Battle Trance","Dropkick"],"picked":"Wild Strike","floor":2},{"not_picked":["Dark Embrace","Clash"],"picked":"Rampage","floor":4},{"not_picked":["Shrug It Off","Warcry"],"picked":"Reckless Charge","floor":7},{"not_picked":["Rage","Armaments"],"picked":"Feed","floor":8},{"not_picked":["Flex","Twin Strike"],"picked":"Intimidate","floor":11},{"not_picked":["Power Through","Perfected Strike","Anger"],"picked":"SKIP","floor":12},{"not_picked":["Abandon","Flex"],"picked":"ReplayTheSpireMod:Corrosion Curse","floor":14},{"not_picked":["Double Tap","Exhume"],"picked":"Brutality+1","floor":16},{"not_picked":["Body Slam","Twin Strike+1"],"picked":"Rage+1","floor":18},{"not_picked":["Anger","Sword Boomerang"],"picked":"Twin Strike","floor":22},{"not_picked":["Searing Blow","Flex+1"],"picked":"Headbutt","floor":24},{"not_picked":["Entrench","Sword Boomerang"],"picked":"Cleave","floor":27},{"not_picked":["Bludgeon","Cleave","Second Wind"],"picked":"SKIP","floor":31},{"not_picked":["Feed","Exhume"],"picked":"Impervious","floor":33},{"not_picked":["Dark Embrace+1","Wild Strike","Run Through"],"picked":"SKIP","floor":35},{"not_picked":["Clash+1","Body Slam"],"picked":"Run Through+1","floor":37},{"not_picked":["Clothesline","Iron Wave"],"picked":"Second Wind+1","floor":38},{"not_picked":["Whirlwind","Sword Boomerang"],"picked":"Intimidate+1","floor":41},{"not_picked":["ReplayTheSpireMod:Strike From Hell","Intimidate+1","Headbutt"],"picked":"SKIP","floor":44},{"not_picked":["Corruption+1","Clothesline+1"],"picked":"Wild Strike+1","floor":46},{"not_picked":["Thunderclap","Perfected Strike"],"picked":"Headbutt","floor":47}],"player_experience":2045902,"relics_obtained":[{"floor":9,"key":"InkBottle"},{"floor":15,"key":"Frozen Egg 2"},{"floor":26,"key":"Bronze Scales"},{"floor":37,"key":"Bird Faced Urn"},{"floor":41,"key":"Blue Doll"},{"floor":43,"key":"Replay:Rubber Ducky"}],"event_choices":[{"damage_healed":0,"gold_gain":0,"player_choice":"Upgraded","damage_taken":0,"max_hp_gain":0,"max_hp_loss":0,"event_name":"Upgrade Shrine","floor":3,"gold_loss":0,"cards_upgraded":["Twin Strike"]},{"damage_healed":0,"gold_gain":0,"player_choice":"Ignored","damage_taken":0,"max_hp_gain":0,"max_hp_loss":0,"event_name":"Ghosts","floor":19,"gold_loss":0},{"cards_removed":["Strike_R"],"damage_healed":0,"gold_gain":0,"player_choice":"Gave Gold","damage_taken":0,"max_hp_gain":0,"max_hp_loss":0,"event_name":"Beggar","floor":20,"gold_loss":75},{"damage_healed":0,"gold_gain":0,"player_choice":"Fight","damage_taken":0,"max_hp_gain":0,"max_hp_loss":0,"event_name":"Colosseum","floor":28,"gold_loss":0},{"damage_healed":0,"gold_gain":0,"player_choice":"Fled From Nobs","damage_taken":0,"max_hp_gain":0,"max_hp_loss":0,"event_name":"Colosseum","floor":28,"gold_loss":0},{"damage_healed":0,"gold_gain":0,"player_choice":"Fight","damage_taken":0,"max_hp_gain":0,"max_hp_loss":0,"event_name":"MindBloom","floor":37,"gold_loss":0}],"is_beta":false,"boss_relics":[{"not_picked":["Ectoplasm","Replay:Wanted Poster"],"picked":"SlaversCollar"},{"not_picked":["bronze:MakeshiftBattery","Empty Cage"],"picked":"Mark of Pain"}],"items_purged_floors":[5,21,36],"is_endless":false,"potions_floor_spawned":[2,7,11,12,16,18,31,33,37,44,47],"killed_by":"Donu and Deca","ascension_level":0}}