{"host":"91blwi3hgehj6ch9","time":1613213143,"event":{"mods":["2.2 Compatiblity","AchievementEnabler","BaseMod","Colored Map","DeckTracker","Keyboard Shortcuts","Minty Spire (QoL Compilation)","Permanent Neow","Quick Restart","StSLib","SuperFastMode","everything is the same but u backflip on backflip"],"gold_per_floor":[119,119,119,132,150,150,169,169,169,169,185,205,205,105,105,105,105],"floor_reached":16,"language":"KOR","playtime":502,"items_purged":["Strike_G"],"score":175,"play_id":"cf51bc1d-8c38-4f93-bf03-5cc1ad96f827","local_time":"20210213194543","is_ascension_mode":true,"campfire_choices":[{"floor":6.0,"key":"REST"},{"data":"Acrobatics","floor":8.0,"key":"SMITH"},{"data":"Calculated Gamble","floor":13.0,"key":"SMITH"},{"floor":15.0,"key":"REST"}],"circlet_count":0,"master_deck":["AscendersBane","Strike_G","Strike_G","Defend_G","Defend_G","Defend_G","Defend_G","Survivor+1","Neutralize","Escape Plan+1","Infinite Blades","Reflex","Flechettes","Dodge and Roll","Acrobatics+1","Backflip","Underhanded Strike","Calculated Gamble+1","Acrobatics"],"relics":["Ring of the Snake","Pantograph","Golden Idol"],"acts_visited":["Exordium"],"potions_floor_usage":[],"damage_taken":[{"damage":8.0,"enemies":"2 Louse","floor":1.0,"turns":4.0},{"damage":4.0,"enemies":"Cultist","floor":4.0,"turns":5.0},{"damage":0.0,"enemies":"Small Slimes","floor":5.0,"turns":4.0},{"damage":3.0,"enemies":"2 Fungi Beasts","floor":7.0,"turns":4.0},{"damage":0.0,"enemies":"Exordium Thugs","floor":11.0,"turns":4.0},{"damage":15.0,"enemies":"Large Slime","floor":12.0,"turns":7.0},{"damage":58,"enemies":"Slime Boss","floor":16,"turns":8}],"seed_played":"5817588173634035732","potions_obtained":[{"floor":1.0,"key":"Ancient Potion"},{"floor":7.0,"key":"Energy Potion"},{"floor":11.0,"key":"Swift Potion"}],"is_trial":false,"path_per_floor":["M","?","?","M","M","R","M","R","T","?","M","M","R","$","R","B"],"character_chosen":"THE_SILENT","items_purchased":["Acrobatics"],"campfire_rested":2,"item_purchase_floors":[14],"current_hp_per_floor":[36,16,16,12,12,31,28,28,28,28,28,13,13,13,31,0,0],"gold":105,"neow_bonus":"TRANSFORM_TWO_CARDS","is_daily":false,"chose_seed":false,"campfire_upgraded":2,"win_rate":0.0,"timestamp":1613213143,"path_taken":["M","?","?","?","M","R","M","R","T","?","M","M","R","$","R","BOSS"],"items_purchased_type":["Card"],"build_version":"2020-12-22","purchased_purges":1,"victory":false,"max_hp_per_floor":[66,66,66,66,66,66,66,66,66,60,60,60,60,60,60,60,60],"card_choices":[{"not_picked":["Finisher","Sucker Punch"],"picked":"Reflex","floor":1.0},{"not_picked":["Quick Slash","Deadly Poison"],"picked":"Dodge and Roll","floor":4.0},{"not_picked":["Sucker Punch","Quick Slash"],"picked":"Acrobatics","floor":5.0},{"not_picked":["Poisoned Stab","Leg Sweep"],"picked":"Backflip","floor":7.0},{"not_picked":["Backflip","Calculated Gamble"],"picked":"Underhanded Strike","floor":11.0},{"not_picked":["Malaise","Outmaneuver"],"picked":"Calculated Gamble","floor":12.0}],"player_experience":241758,"relics_obtained":[{"floor":9.0,"key":"Pantograph"}],"event_choices":[{"damage_healed":0.0,"max_hp_gain":0.0,"max_hp_loss":0.0,"gold_gain":0.0,"event_name":"Shining Light","player_choice":"Entered Light","floor":2.0,"gold_loss":0.0,"damage_taken":20.0,"cards_upgraded":["Escape Plan","Survivor"]},{"damage_healed":0.0,"max_hp_gain":0.0,"max_hp_loss":0.0,"gold_gain":0.0,"cards_transformed":["Strike_G"],"event_name":"Transmorgrifier","player_choice":"Transformed","floor":3.0,"gold_loss":0.0,"damage_taken":0.0,"cards_obtained":["Flechettes"]},{"damage_healed":0.0,"max_hp_gain":0.0,"max_hp_loss":6.0,"gold_gain":0.0,"event_name":"Golden Idol","player_choice":"Lose Max HP","floor":10.0,"gold_loss":0.0,"damage_taken":0.0,"relics_obtained":["Golden Idol"]}],"is_beta":false,"boss_relics":[],"items_purged_floors":[14],"is_endless":false,"potions_floor_spawned":[1,7,11],"killed_by":"Slime Boss","ascension_level":18}}