{"host":"vyjryxuuuxkt43k4","time":1613191000,"event":{"mods":["AchievementEnabler","BaseMod","Colored Map","DeckTracker","Keyboard Shortcuts","Minty Spire (QoL Compilation)","Permanent Neow","Quick Restart","Rare Cards Sparkle","StSLib","SuperFastMode","everything is the same but u backflip on backflip"],"gold_per_floor":[114,132,142,67,142,142,159,159,159,159,171,191,191,224,224,224,224],"floor_reached":16,"language":"KOR","playtime":384,"items_purged":[],"score":204,"play_id":"f496554c-b3f4-4d58-8b4c-1eb343848fa2","local_time":"20210213133640","is_ascension_mode":true,"campfire_choices":[{"data":"Deadly Poison","floor":6,"key":"SMITH"},{"data":"Catalyst","floor":8,"key":"SMITH"},{"data":"Noxious Fumes","floor":10,"key":"SMITH"},{"floor":15,"key":"REST"}],"circlet_count":0,"master_deck":["AscendersBane","Strike_G","Strike_G","Strike_G","Strike_G","Defend_G","Defend_G","Defend_G","Defend_G","Defend_G","Survivor","Neutralize","Corpse Explosion","Noxious Fumes+1","Footwork","Deadly Poison+1","Catalyst+1","Bullet Time","Blur"],"relics":["Ring of the Snake","Eternal Feather","Shuriken"],"acts_visited":["Exordium"],"potions_floor_usage":[12,14,16],"damage_taken":[{"damage":2,"enemies":"Small Slimes","floor":1,"turns":4},{"damage":3,"enemies":"2 Louse","floor":2,"turns":2},{"damage":2,"enemies":"Jaw Worm","floor":3,"turns":5},{"damage":9,"enemies":"Exordium Wildlife","floor":7,"turns":4},{"damage":6,"enemies":"Blue Slaver","floor":11,"turns":4},{"damage":7,"enemies":"Looter","floor":12,"turns":4},{"damage":20,"enemies":"Gremlin Nob","floor":14,"turns":4},{"damage":42,"enemies":"Slime Boss","floor":16,"turns":7}],"seed_played":"4064472849393861945","potions_obtained":[{"floor":1,"key":"BlessingOfTheForge"},{"floor":7,"key":"Block Potion"},{"floor":12,"key":"Weak Potion"}],"is_trial":false,"path_per_floor":["M","M","M","?","?","R","M","R","T","R","M","M","?","E","R","B"],"character_chosen":"THE_SILENT","items_purchased":[],"campfire_rested":1,"item_purchase_floors":[],"current_hp_per_floor":[57,54,52,52,41,41,32,32,32,41,35,28,28,8,35,0,0],"gold":224,"neow_bonus":"THREE_RARE_CARDS","is_daily":false,"chose_seed":false,"campfire_upgraded":3,"win_rate":0.0,"timestamp":1613191000,"path_taken":["M","M","M","?","?","R","M","R","T","R","M","M","?","E","R","BOSS"],"items_purchased_type":[],"build_version":"2020-12-22","purchased_purges":0,"victory":false,"max_hp_per_floor":[60,60,60,60,60,60,60,60,60,60,60,60,60,60,60,60,60],"card_choices":[{"not_picked":["Doppelganger","Burst"],"picked":"Corpse Explosion","floor":0},{"not_picked":["Infinite Blades","Bane"],"picked":"Noxious Fumes","floor":1},{"not_picked":["Quick Slash","Dagger Throw"],"picked":"Footwork","floor":2},{"not_picked":["Caltrops","Distraction"],"picked":"Deadly Poison","floor":3},{"not_picked":["Concentrate","Blade Dance"],"picked":"Catalyst","floor":7},{"not_picked":["Tactician","Underhanded Strike"],"picked":"Bullet Time","floor":11},{"not_picked":["Dodge and Roll","Deadly Poison","Flying Knee"],"picked":"SKIP","floor":12},{"not_picked":["Setup","Finisher"],"picked":"Blur","floor":14}],"player_experience":971400,"relics_obtained":[{"floor":9,"key":"Eternal Feather"},{"floor":14,"key":"Shuriken"}],"event_choices":[{"cards_removed":["Strike_G"],"damage_healed":0,"gold_gain":0,"player_choice":"Card Removal","damage_taken":0,"max_hp_gain":0,"max_hp_loss":0,"event_name":"The Cleric","floor":4,"gold_loss":75},{"damage_healed":0,"gold_gain":75,"player_choice":"Gather Gold","damage_taken":11,"max_hp_gain":0,"max_hp_loss":0,"event_name":"World of Goop","floor":5,"gold_loss":0},{"damage_healed":0,"gold_gain":0,"player_choice":"Ignored","damage_taken":0,"max_hp_gain":0,"max_hp_loss":0,"event_name":"Liars Game","floor":13,"gold_loss":0}],"is_beta":false,"boss_relics":[],"items_purged_floors":[],"is_endless":false,"potions_floor_spawned":[1,7,12],"killed_by":"Slime Boss","ascension_level":20}}