{"host":"p4v0hquynnreu717","time":1613227989,"event":{"mods":["BaseMod","DeckTracker","Googly Eyes","Minty Spire (QoL Compilation)","Quick Restart","StSLib","SuperFastMode"],"gold_per_floor":[114,39,15,15,29,62,62,72,99,112,112,112,37,54,54,128,128,138,149,509,588,334,334,334],"floor_reached":23,"language":"ZHS","playtime":754,"items_purged":["Strike_G","Bouncing Flask"],"score":375,"play_id":"3c046445-746a-4234-b2ff-b4c3322f8726","local_time":"20210213225309","is_ascension_mode":true,"campfire_choices":[{"data":"Concentrate","floor":12.0,"key":"SMITH"},{"data":"Skewer","floor":15.0,"key":"SMITH"}],"circlet_count":0,"master_deck":["AscendersBane","Survivor","Neutralize","Skewer+1","Acrobatics","Concentrate+1","Well Laid Plans","Acrobatics","Terror","Malaise","Deflect","Deadly Poison","Well Laid Plans","Blade Dance","Reflex","Malaise","Underhanded Strike","Eviscerate","PiercingWail","Blade Dance"],"relics":["Ring of the Snake","NeowsBlessing","Tiny Chest","Toy Ornithopter","Pandora\u0027s Box","Meat on the Bone","Orrery"],"acts_visited":["Exordium","TheCity"],"potions_floor_usage":[],"damage_taken":[{"damage":0.0,"enemies":"Jaw Worm","floor":1.0,"turns":1.0},{"damage":0.0,"enemies":"Small Slimes","floor":5.0,"turns":1.0},{"damage":0.0,"enemies":"Gremlin Nob","floor":6.0,"turns":1.0},{"damage":1.0,"enemies":"2 Louse","floor":8.0,"turns":3.0},{"damage":5.0,"enemies":"Blue Slaver","floor":10.0,"turns":6.0},{"damage":0.0,"enemies":"Large Slime","floor":14.0,"turns":7.0},{"damage":11,"enemies":"The Guardian","floor":16,"turns":11},{"damage":6,"enemies":"Spheric Guardian","floor":18,"turns":5},{"damage":6,"enemies":"3 Byrds","floor":19,"turns":6},{"damage":0,"enemies":"Slavers","floor":23,"turns":1}],"seed_played":"9168483604612413059","potions_obtained":[{"floor":1.0,"key":"FearPotion"},{"floor":8.0,"key":"SteroidPotion"},{"floor":16,"key":"Energy Potion"}],"is_trial":false,"path_per_floor":["M","?","$","?","M","E","$","M","T","M","?","R","$","M","R","B",null,"M","M","?","T","$","E"],"character_chosen":"THE_SILENT","items_purchased":["Acrobatics","Orrery"],"campfire_rested":0,"item_purchase_floors":[3,22],"current_hp_per_floor":[59,59,59,54,54,54,54,53,53,48,53,53,53,53,53,42,64,58,52,16,16,16,16,16],"gold":334,"neow_bonus":"THREE_ENEMY_KILL","is_daily":false,"chose_seed":false,"campfire_upgraded":2,"win_rate":0.0,"timestamp":1613227989,"path_taken":["M","?","$","?","M","E","$","M","T","M","?","R","?","M","R","BOSS","M","M","?","?","$","E"],"items_purchased_type":["Card","Relic"],"build_version":"2020-12-22","purchased_purges":2,"victory":false,"max_hp_per_floor":[66,66,66,66,66,66,66,66,66,66,71,71,71,71,71,71,71,71,71,71,71,71,71,71],"card_choices":[{"not_picked":["Slice","Poisoned Stab"],"picked":"Skewer","floor":1.0},{"not_picked":["Dagger Spray","Slice"],"picked":"Concentrate","floor":5.0},{"not_picked":["Concentrate","Caltrops"],"picked":"Well Laid Plans","floor":6.0},{"not_picked":["Underhanded Strike","Outmaneuver","Flying Knee"],"picked":"SKIP","floor":8.0},{"not_picked":["Masterful Stab","Dodge and Roll"],"picked":"Acrobatics","floor":10.0},{"not_picked":["Prepared","Caltrops"],"picked":"Terror","floor":14.0},{"not_picked":["Night Terror","Die Die Die"],"picked":"Malaise","floor":16},{"not_picked":["Sucker Punch","Outmaneuver","Deadly Poison"],"picked":"SKIP","floor":18},{"not_picked":["Dash","Acrobatics","Dagger Spray"],"picked":"SKIP","floor":19},{"not_picked":["Heel Hook","Night Terror"],"picked":"Eviscerate","floor":22},{"not_picked":["Slice","Bane+1"],"picked":"PiercingWail","floor":22},{"not_picked":["Dagger Spray","Poisoned Stab"],"picked":"Blade Dance","floor":22}],"player_experience":852001,"relics_obtained":[{"floor":6.0,"key":"Toy Ornithopter"},{"floor":21,"key":"Meat on the Bone"}],"event_choices":[{"cards_removed":["Strike_G"],"damage_healed":0.0,"max_hp_gain":0.0,"max_hp_loss":0.0,"gold_gain":0.0,"event_name":"The Cleric","player_choice":"Card Removal","floor":2.0,"gold_loss":75.0,"damage_taken":0.0},{"damage_healed":0.0,"max_hp_gain":0.0,"max_hp_loss":0.0,"gold_gain":0.0,"event_name":"Scrap Ooze","player_choice":"Success","floor":4.0,"gold_loss":0.0,"damage_taken":5.0,"relics_obtained":["Tiny Chest"]},{"damage_healed":0.0,"max_hp_gain":5.0,"max_hp_loss":0.0,"gold_gain":0.0,"event_name":"Big Fish","player_choice":"Donut","floor":11.0,"gold_loss":0.0,"damage_taken":0.0},{"damage_healed":0,"gold_gain":360,"player_choice":"GOLD GOLD GOLD GOLD ","damage_taken":36,"max_hp_gain":0,"max_hp_loss":0,"event_name":"Knowing Skull","floor":20,"potions_obtained":[],"gold_loss":0,"cards_obtained":[]}],"is_beta":false,"boss_relics":[{"not_picked":["SacredBark","Ring of the Serpent"],"picked":"Pandora\u0027s Box"}],"items_purged_floors":[13,22],"is_endless":false,"potions_floor_spawned":[1,8,10,16,18],"killed_by":"Slavers","ascension_level":15}}