{"host":"y36bp6mnm73x3iob","time":1613215339,"event":{"mods":["2.2 Compatiblity","Aspiration","BaseMod","Bossed Relics","Downfall","GifTheSpireLib","Hermit","Minty Spire (QoL Compilation)","Reliquary","StSLib"],"gold_per_floor":[114,124,134,134,26,26,37,37,37,88,88,88],"floor_reached":11,"language":"ENG","playtime":278,"items_purged":["Shame"],"score":104,"play_id":"016551ed-8a22-499c-9790-2a42f7097d31","local_time":"20210213132219","is_ascension_mode":true,"campfire_choices":[{"data":"Limit Break","floor":6,"key":"SMITH"},{"data":"Bash","floor":8,"key":"SMITH"}],"circlet_count":0,"master_deck":["AscendersBane","Strike_R","Strike_R","Strike_R","Strike_R","Strike_R","Defend_R","Defend_R","Defend_R","Defend_R","Bash+1","Limit Break+1","Rupture","Inflame","Cleave","Battle Trance","Headbutt"],"relics":["Burning Blood","Pear","Nunchaku"],"acts_visited":["Exordium"],"potions_floor_usage":[2],"damage_taken":[{"damage":17,"enemies":"Cultist","floor":1,"turns":5},{"damage":12,"enemies":"Jaw Worm","floor":2,"turns":4},{"damage":19,"enemies":"2 Louse","floor":3,"turns":4},{"damage":23,"enemies":"Exordium Wildlife","floor":7,"turns":4},{"damage":62,"enemies":"Gremlin Nob","floor":11,"turns":4}],"seed_played":"-85690783800485361","potions_obtained":[{"floor":1,"key":"PowerPotion"}],"is_trial":false,"path_per_floor":["M","M","M","?","$","R","M","R","T","T","E"],"character_chosen":"IRONCLAD","items_purchased":["Battle Trance"],"campfire_rested":0,"item_purchase_floors":[5],"current_hp_per_floor":[61,55,42,68,68,68,51,51,61,61,0,0],"gold":88,"neow_bonus":"THREE_RARE_CARDS","is_daily":false,"chose_seed":false,"campfire_upgraded":2,"win_rate":0.0,"timestamp":1613215339,"path_taken":["M","M","?","?","$","R","M","R","T","?","E"],"items_purchased_type":["Card"],"build_version":"2020-12-22","purchased_purges":1,"victory":false,"max_hp_per_floor":[80,80,80,80,80,80,80,80,90,90,90,90],"card_choices":[{"not_picked":["Immolate","Exhume"],"picked":"Limit Break","floor":0},{"not_picked":["Rampage","Sword Boomerang"],"picked":"Rupture","floor":1},{"not_picked":["Infernal Blade","Cleave"],"picked":"Inflame","floor":2},{"not_picked":["Shrug It Off","Burning Pact"],"picked":"Cleave","floor":3},{"not_picked":["Twin Strike","Armaments"],"picked":"Headbutt","floor":7}],"player_experience":569506,"relics_obtained":[{"floor":9,"key":"Pear"},{"floor":10,"key":"Nunchaku"}],"event_choices":[{"damage_healed":26,"gold_gain":0,"player_choice":"Banana","damage_taken":0,"max_hp_gain":0,"max_hp_loss":0,"event_name":"Big Fish","floor":4,"gold_loss":0}],"is_beta":false,"boss_relics":[],"items_purged_floors":[5],"is_endless":false,"potions_floor_spawned":[1],"killed_by":"Gremlin Nob","ascension_level":13}}