{"host":"jz4ul6vrcxqkcr33","time":1613180182,"event":{"mods":["BaseMod","Minty Spire (QoL Compilation)","StSLib"],"gold_per_floor":[119,119,132,144,154,154,187,187,187,245,245,265,276,451,451,451,451],"floor_reached":16,"language":"ENG","playtime":551,"items_purged":[],"score":128,"play_id":"ecf0b48a-cfcb-4484-9da3-b52a2cd26edf","local_time":"20210212203622","is_ascension_mode":true,"campfire_choices":[{"data":"Uppercut","floor":6,"key":"SMITH"},{"data":"Bloodletting","floor":8,"key":"SMITH"},{"data":"Doubt","floor":15,"key":"PURGE"}],"circlet_count":0,"master_deck":["Strike_R","Strike_R","Strike_R","Strike_R","Strike_R","Defend_R","Defend_R","Defend_R","Defend_R+1","Bash+1","Offering+1","Pummel","Dropkick","Uppercut+1","Power Through","Bloodletting+1","Flame Barrier","Seeing Red"],"relics":["Burning Blood","Champion Belt","Peace Pipe"],"acts_visited":["Exordium"],"potions_floor_usage":[5],"damage_taken":[{"damage":6,"enemies":"2 Louse","floor":1,"turns":3},{"damage":6,"enemies":"Cultist","floor":3,"turns":4},{"damage":6,"enemies":"Small Slimes","floor":4,"turns":3},{"damage":6,"enemies":"Looter","floor":5,"turns":2},{"damage":12,"enemies":"Gremlin Nob","floor":7,"turns":3},{"damage":0,"enemies":"2 Fungi Beasts","floor":12,"turns":4},{"damage":6,"enemies":"Large Slime","floor":13,"turns":4},{"damage":71,"enemies":"Slime Boss","floor":16,"turns":18}],"seed_played":"1303394669016494976","potions_obtained":[{"floor":1,"key":"SkillPotion"},{"floor":12,"key":"Strength Potion"}],"is_trial":false,"path_per_floor":["M","?","M","M","M","R","E","R","T","?","?","M","M","?","R","B"],"character_chosen":"IRONCLAD","items_purchased":[],"campfire_rested":0,"item_purchase_floors":[],"current_hp_per_floor":[80,80,80,80,80,80,74,74,74,74,58,64,64,64,64,0,0],"gold":451,"neow_bonus":"ONE_RANDOM_RARE_CARD","is_daily":false,"chose_seed":false,"campfire_upgraded":2,"win_rate":0.0,"timestamp":1613180182,"path_taken":["M","?","M","?","?","R","E","R","T","?","?","M","M","?","R","BOSS"],"items_purchased_type":[],"build_version":"2020-12-13","purchased_purges":0,"victory":false,"max_hp_per_floor":[80,80,80,80,80,80,80,80,80,80,80,80,80,80,80,80,80],"card_choices":[{"not_picked":["Iron Wave","Body Slam"],"picked":"Pummel","floor":1},{"not_picked":["Thunderclap","Reckless Charge"],"picked":"Dropkick","floor":3},{"not_picked":["Reckless Charge","Pommel Strike"],"picked":"Uppercut","floor":4},{"not_picked":["Sword Boomerang","Clash"],"picked":"Power Through","floor":5},{"not_picked":["Battle Trance","Pommel Strike"],"picked":"Bloodletting","floor":7},{"not_picked":["Carnage","Second Wind"],"picked":"Flame Barrier","floor":12},{"not_picked":["Sword Boomerang","Headbutt"],"picked":"Seeing Red","floor":13}],"player_experience":235137,"relics_obtained":[{"floor":7,"key":"Champion Belt"},{"floor":9,"key":"Peace Pipe"}],"event_choices":[{"damage_healed":0,"gold_gain":0,"player_choice":"Upgraded","damage_taken":0,"max_hp_gain":0,"max_hp_loss":0,"event_name":"Upgrade Shrine","floor":2,"gold_loss":0,"cards_upgraded":["Offering"]},{"damage_healed":0,"gold_gain":58,"player_choice":"Gained Gold","damage_taken":0,"max_hp_gain":0,"max_hp_loss":0,"event_name":"Golden Wing","floor":10,"gold_loss":0},{"damage_healed":0,"gold_gain":0,"player_choice":"Entered Light","damage_taken":16,"max_hp_gain":0,"max_hp_loss":0,"event_name":"Shining Light","floor":11,"gold_loss":0,"cards_upgraded":["Bash","Defend_R"]},{"damage_healed":0,"gold_gain":175,"player_choice":"AGREE","damage_taken":0,"max_hp_gain":0,"max_hp_loss":0,"event_name":"Liars Game","floor":14,"gold_loss":0,"cards_obtained":["Doubt"]}],"is_beta":false,"boss_relics":[],"items_purged_floors":[],"is_endless":false,"potions_floor_spawned":[1,12],"killed_by":"Slime Boss","ascension_level":5}}