{"host":"vxp84kvh2mp2zn27","time":1613186701,"event":{"mods":["A Magickal Journey","AchievementEnabler","Aspiration","Astrologer","Bard","BaseMod","Bestiary","Better Third Choice","BetterRewards","Card Forge","Challenge The Spire","Chen","Colored Map","Colored Powertips","Conspire","Duelist Mod","Friendly Minions","FutureSeer","Glutton Mod","Googly Eyes","Halation","Hero for Fun","Highlight Path","HornydragonMod","Hubris","Hunter ??","Infinite Spire","Jedi Mod","Kiyohime????","KomeijiMod","Mad Scientist","Magitek Elite","Marisa????????","Mimic Mod","Minty Spire (QoL Compilation)","Prisma Mod","Quick Restart","Reimu??????","Reliquary","Replay The Spire","Shop Mod","Somnambulant","Spikes Relics","StSLib","The Animator","The Blackbeard","The Bladedancer","The Blue Laboratory","The Bug Knight","The Cursed","The Druid","The Elementalist","The Florist","The Gatherer","The Hayseed","The Juggle","The Jungle","The Marked","The Mystic","The Necromancer","The Poker Player","The Problem Sleuth","The Runesmith","The Servant 0.9.4","The Wild Card","Yohane!","Youmu??????","Yuri Mod"],"gold_per_floor":[113,131,155,226,238,238,249,57,94,110,110,123,123,70,70,172,172,192,210,222,233,2,2,2,2],"floor_reached":24,"language":"FRA","playtime":3402,"items_purged":[],"score":190,"play_id":"34dad1da-d128-4dfb-ab3d-42b088ac3013","local_time":"20210213042501","is_ascension_mode":false,"campfire_choices":[{"floor":6.0,"key":"REST"},{"floor":11.0,"key":"REST"},{"floor":15.0,"key":"REST"},{"floor":23,"key":"REST"}],"circlet_count":0,"master_deck":["theWildCard:BasicStrike+1","theWildCard:BasicStrike","theWildCard:BasicStrike","theWildCard:BasicStrike","theWildCard:BasicDefend","theWildCard:BasicDefend","theWildCard:BasicDefend","theWildCard:CallToAdventure","theWildCard:Arsene","theWildCard:StalwartBlade","theWildCard:Alice","theWildCard:ArcaneArts","theWildCard:Sakuya","theWildCard:Providence","Midas Touch","theWildCard:SacrificialStroke","theWildCard:TheGreatSeal","theWildCard:PaleRider","theWildCard:Providence","theWildCard:MaskChange","theWildCard:Overwhelm","theWildCard:Michael","theWildCard:SacrificialStroke","theWildCard:ArcanaArtistry+1","theWildCard:BladeOfGenerations","Good Instincts"],"relics":["theWildCard:VelvetContract","Hammer of Thor","Seething Fire","Anvil of the Gods","Orichalcum","Happy Flower","Replay:Wax Seal","Replay:Bronze Core","halation:KoshaPiece"],"acts_visited":["Exordium","TheCity"],"potions_floor_usage":[],"damage_taken":[{"damage":0.0,"enemies":"Cultist","floor":1.0,"turns":3.0},{"damage":9.0,"enemies":"Small Slimes","floor":2.0,"turns":2.0},{"damage":1.0,"enemies":"2 Louse","floor":5.0,"turns":2.0},{"damage":8.0,"enemies":"Exordium Thugs","floor":7.0,"turns":4.0},{"damage":6.0,"enemies":"3 Louse","floor":9.0,"turns":5.0},{"damage":3.0,"enemies":"3 Louse","floor":10.0,"turns":2.0},{"damage":15.0,"enemies":"HollowMod:HuskWarrior","floor":12.0,"turns":4.0},{"damage":69.0,"enemies":"Fading Forest","floor":16.0,"turns":11.0},{"damage":24.0,"enemies":"2 Thieves","floor":18.0,"turns":4.0},{"damage":3.0,"enemies":"conspire:FuzzyDice","floor":19.0,"turns":5.0},{"damage":28,"enemies":"Centurion and Healer","floor":20,"turns":4},{"damage":6,"enemies":"Cultist and Chosen","floor":21,"turns":5},{"damage":20,"enemies":"conspire:HollyBat","floor":24,"turns":6}],"seed_played":"3145973277439105947","potions_obtained":[{"floor":4.0,"key":"ColorlessPotion"},{"floor":4.0,"key":"DistilledChaos"},{"floor":5.0,"key":"SkillPotion"},{"floor":12.0,"key":"Weak Potion"},{"floor":21,"key":"Languid Potion"}],"is_trial":false,"path_per_floor":["M","M","T","?","M","R","M","$","MIM","M","R","M","?","$","R","B",null,"M","M","M","M","$","R","M"],"character_chosen":"THE_WILD_CARD","items_purchased":["Midas Touch","theWildCard:MaskChange","Good Instincts","halation:KoshaPiece"],"campfire_rested":4,"item_purchase_floors":[8,14,22,22],"current_hp_per_floor":[60,51,51,36,35,53,45,45,40,37,55,41,41,41,59,10,60,36,34,6,2,2,20,0,0],"gold":2,"neow_bonus":"UPGRADE_CARD","is_daily":false,"chose_seed":false,"campfire_upgraded":0,"win_rate":0.0,"timestamp":1613186701,"path_taken":["M","M","?","?","M","R","M","$","MIM","M","R","?","?","$","R","BOSS","M","?","M","M","$","R","M"],"items_purchased_type":["Card","Card","Card","Relic"],"build_version":"2020-12-22","purchased_purges":0,"victory":false,"max_hp_per_floor":[60,60,60,60,60,60,60,60,60,60,60,60,60,60,60,60,60,60,60,60,60,60,60,60,60],"card_choices":[{"not_picked":["theWildCard:MaskChange","theWildCard:Polydeuces"],"picked":"theWildCard:StalwartBlade","floor":1.0},{"not_picked":["theWildCard:UnderLockAndKey","theWildCard:EnergyTheft"],"picked":"theWildCard:Alice","floor":2.0},{"not_picked":["theWildCard:SeveringSlash","theWildCard:Proficiency"],"picked":"theWildCard:ArcaneArts","floor":4.0},{"not_picked":["theWildCard:Patience","theWildCard:SeveringSlash"],"picked":"theWildCard:Sakuya","floor":5.0},{"not_picked":["theWildCard:AllOutAttack","theWildCard:EnergizedStroke"],"picked":"theWildCard:Providence","floor":7.0},{"not_picked":["theWildCard:StalwartBlade","theWildCard:EnergizedStroke"],"picked":"theWildCard:SacrificialStroke","floor":9.0},{"not_picked":["theWildCard:ShieldOfMany","theWildCard:SacrificialStroke"],"picked":"theWildCard:TheGreatSeal","floor":10.0},{"not_picked":["theWildCard:TheUniverse","theWildCard:PowerOfTheArcana"],"picked":"theWildCard:PaleRider","floor":12.0},{"not_picked":["theWildCard:Amaterasu","theWildCard:TheUniverse"],"picked":"theWildCard:Overwhelm","floor":16.0},{"not_picked":["theWildCard:MagicalMight","theWildCard:Safeguard"],"picked":"theWildCard:Michael","floor":18.0},{"not_picked":["theWildCard:Patience","theWildCard:ArcaneArts+1"],"picked":"theWildCard:SacrificialStroke","floor":19},{"not_picked":["theWildCard:SeveringSlash","theWildCard:StalwartBlade"],"picked":"theWildCard:ArcanaArtistry+1","floor":20},{"not_picked":["theWildCard:Scathach","theWildCard:Michael+1"],"picked":"theWildCard:BladeOfGenerations","floor":21}],"player_experience":226156,"relics_obtained":[{"floor":3.0,"key":"Orichalcum"},{"floor":4.0,"key":"Happy Flower"},{"floor":9.0,"key":"Replay:Wax Seal"}],"event_choices":[{"damage_healed":0.0,"max_hp_gain":0.0,"max_hp_loss":0.0,"gold_gain":0.0,"cards_transformed":["theWildCard:BasicDefend"],"event_name":"Transmorgrifier","player_choice":"Transformed","floor":13.0,"gold_loss":0.0,"damage_taken":0.0,"cards_obtained":["theWildCard:Providence"]}],"is_beta":false,"boss_relics":[{"not_picked":["conspire:RoyalGoblet","hubris:VirtuousBlindfold"],"picked":"Replay:Bronze Core"}],"items_purged_floors":[],"is_endless":false,"potions_floor_spawned":[5,10,12,19,21],"killed_by":"conspire:HollyBat","ascension_level":0}}