{"host":"kwyq3wo3fj8d4s27","time":1613192018,"event":{"mods":["AchievementEnabler","BaseMod","Colored Map","Highlight Path","Minty Spire (QoL Compilation)","StSLib"],"gold_per_floor":[10,10,459,473,473,473,499,499,499,515,515,533,553,628,628,758,758,771,686,711,1449,1465,1465,1508,1508,1508,1522,1545,1263,1307,1327,1327,1446,1446,1467,1280,1280,1295,1295,1328,1691,1710,1710,1735,1735,1340,1340,1363,1363,1363],"floor_reached":51,"language":"ENG","playtime":1724,"items_purged":["Strike_G","Strike_G","Strike_G","Strike_G","Defend_G"],"score":862,"play_id":"506641db-a626-4eee-a06e-59f515f4af8b","local_time":"20210212205338","is_ascension_mode":false,"campfire_choices":[{"data":"Sadistic Nature","floor":6,"key":"SMITH"},{"data":"Bouncing Flask","floor":8,"key":"SMITH"},{"data":"Noxious Fumes","floor":15,"key":"SMITH"},{"data":"Catalyst","floor":23,"key":"SMITH"},{"data":"Footwork","floor":32,"key":"SMITH"},{"data":"Footwork","floor":47,"key":"SMITH"},{"data":"Noxious Fumes","floor":49,"key":"SMITH"}],"circlet_count":0,"master_deck":["Defend_G","Defend_G","Defend_G","Defend_G","Survivor","Neutralize","Sadistic Nature+1","Bouncing Flask+1","Finesse","Noxious Fumes+1","Corpse Explosion","Catalyst+1","Deadly Poison","Footwork+1","Bullet Time","Footwork+1","Panache","Noxious Fumes+1","Noxious Fumes+1"],"relics":["Ring of the Snake","Pear","InkBottle","Strange Spoon","Golden Idol","Odd Mushroom","Ninja Scroll","Vajra","Coffee Dripper","Ancient Tea Set","Bird Faced Urn","Dream Catcher","OrangePellets","Toy Ornithopter","Ornamental Fan","Frozen Eye","Red Mask","Sozu","Question Card","Old Coin","Toxic Egg 2","Mercury Hourglass","Orichalcum"],"acts_visited":["Exordium","TheCity","TheBeyond"],"potions_floor_usage":[],"damage_taken":[{"damage":6,"enemies":"2 Louse","floor":1,"turns":4},{"damage":0,"enemies":"Jaw Worm","floor":4,"turns":3},{"damage":20,"enemies":"The Mushroom Lair","floor":7,"turns":4},{"damage":0,"enemies":"Small Slimes","floor":10,"turns":2},{"damage":0,"enemies":"2 Fungi Beasts","floor":12,"turns":1},{"damage":0,"enemies":"Large Slime","floor":13,"turns":1},{"damage":6,"enemies":"Slime Boss","floor":16,"turns":6},{"damage":0,"enemies":"Chosen","floor":18,"turns":2},{"damage":3,"enemies":"Shell Parasite","floor":20,"turns":3},{"damage":7,"enemies":"Shelled Parasite and Fungi","floor":22,"turns":3},{"damage":3,"enemies":"Gremlin Leader","floor":24,"turns":3},{"damage":1,"enemies":"Snecko","floor":27,"turns":3},{"damage":4,"enemies":"Snake Plant","floor":28,"turns":3},{"damage":4,"enemies":"Masked Bandits","floor":30,"turns":3},{"damage":0,"enemies":"Centurion and Healer","floor":31,"turns":3},{"damage":0,"enemies":"Champ","floor":33,"turns":5},{"damage":2,"enemies":"Orb Walker","floor":35,"turns":2},{"damage":0,"enemies":"3 Shapes","floor":38,"turns":2},{"damage":38,"enemies":"Nemesis","floor":40,"turns":5},{"damage":1,"enemies":"Mind Bloom Boss Battle","floor":41,"turns":5},{"damage":0,"enemies":"Transient","floor":42,"turns":5},{"damage":0,"enemies":"Sphere and 2 Shapes","floor":44,"turns":4},{"damage":0,"enemies":"3 Darklings","floor":48,"turns":2},{"damage":21,"enemies":"Donu and Deca","floor":50,"turns":5}],"seed_played":"3821992656145304857","potions_obtained":[{"floor":12,"key":"Swift Potion"}],"is_trial":false,"path_per_floor":["M","?","$","M","?","R","?","R","T","M","?","M","M","?","R","B",null,"M","?","M","$","M","R","E","?","T","M","M","$","?","M","R","B",null,"M","$","?","M","?","E","?","M","T","M","T","$","R","M","R","B",null],"character_chosen":"THE_SILENT","items_purchased":["Bouncing Flask","Pear","InkBottle","Strange Spoon","Finesse","Block Potion","Block Potion","Fire Potion","Deadly Poison","Bird Faced Urn","Dream Catcher","OrangePellets","Frozen Eye","Footwork","Orichalcum","Noxious Fumes"],"campfire_rested":0,"item_purchase_floors":[3,3,3,3,3,3,3,3,21,21,21,21,29,36,46,46],"current_hp_per_floor":[64,64,74,74,54,54,80,80,80,80,80,80,80,69,69,63,80,80,80,77,77,73,73,74,74,74,77,76,76,76,80,80,80,80,78,78,78,80,80,42,51,61,61,73,73,73,73,80,80,60],"gold":1363,"neow_bonus":"RANDOM_COLORLESS_2","is_daily":false,"chose_seed":false,"campfire_upgraded":7,"win_rate":0.0,"timestamp":1613192018,"path_taken":["M","?","$","M","?","R","?","R","T","M","?","M","?","?","R","BOSS","M","?","M","$","M","R","E","?","T","M","?","$","?","M","R","BOSS","M","$","?","?","?","E","?","M","T","M","?","$","R","?","R","BOSS"],"items_purchased_type":["Card","Relic","Relic","Relic","Card","Potion","Potion","Potion","Card","Relic","Relic","Relic","Relic","Card","Relic","Card"],"build_version":"2020-12-22","purchased_purges":5,"victory":true,"max_hp_per_floor":[70,70,80,80,80,80,80,80,80,80,80,80,80,80,80,80,80,80,80,80,80,80,80,80,80,80,80,80,80,80,80,80,80,80,80,80,80,80,80,80,80,80,80,80,80,80,80,80,80,80],"card_choices":[{"not_picked":["Metamorphosis","HandOfGreed"],"picked":"Sadistic Nature","floor":0},{"not_picked":["Sucker Punch","Leg Sweep","Outmaneuver"],"picked":"SKIP","floor":1},{"not_picked":["Flying Knee","PiercingWail","Dagger Spray"],"picked":"SKIP","floor":4},{"not_picked":["Quick Slash","Sucker Punch","Unload"],"picked":"SKIP","floor":10},{"not_picked":["Predator","Deflect","PiercingWail"],"picked":"SKIP","floor":12},{"not_picked":["Outmaneuver","Terror"],"picked":"Noxious Fumes","floor":13},{"not_picked":["A Thousand Cuts","Die Die Die"],"picked":"Corpse Explosion","floor":16},{"not_picked":["Bane","Dagger Spray","Dodge and Roll"],"picked":"SKIP","floor":18},{"not_picked":["Burst","Flying Knee"],"picked":"Catalyst","floor":20},{"not_picked":["Heel Hook+1","Flying Knee+1","Prepared"],"picked":"SKIP","floor":22},{"not_picked":["Sucker Punch+1","Predator","Infinite Blades"],"picked":"SKIP","floor":24},{"not_picked":["Sucker Punch","Bane"],"picked":"Footwork","floor":27},{"not_picked":["Eviscerate","Bane","Sucker Punch+1"],"picked":"SKIP","floor":28},{"not_picked":["Dagger Spray","Riddle With Holes+1","Outmaneuver"],"picked":"SKIP","floor":31},{"not_picked":["Phantasmal Killer","Wraith Form v2"],"picked":"Bullet Time","floor":33},{"not_picked":["Acrobatics+1","Slice","Predator"],"picked":"SKIP","floor":35},{"not_picked":["Sucker Punch+1","Flying Knee","Predator+1"],"picked":"SKIP","floor":38},{"not_picked":["Flash of Steel","Discovery"],"picked":"Panache","floor":39},{"not_picked":["Eviscerate","Dodge and Roll","Slice+1"],"picked":"SKIP","floor":40},{"not_picked":["Blade Dance+1","Flying Knee","Terror+1"],"picked":"Noxious Fumes+1","floor":42},{"not_picked":["Die Die Die","Deadly Poison+1","Predator","Dash"],"picked":"SKIP","floor":44},{"not_picked":["Dagger Spray+1","Flying Knee+1","Eviscerate","PiercingWail+1"],"picked":"SKIP","floor":48}],"player_experience":9408,"relics_obtained":[{"floor":7,"key":"Odd Mushroom"},{"floor":9,"key":"Ninja Scroll"},{"floor":24,"key":"Toy Ornithopter"},{"floor":26,"key":"Ornamental Fan"},{"floor":30,"key":"Red Mask"},{"floor":40,"key":"Question Card"},{"floor":41,"key":"Old Coin"},{"floor":43,"key":"Toxic Egg 2"},{"floor":45,"key":"Mercury Hourglass"}],"event_choices":[{"cards_removed":["Strike_G"],"damage_healed":0,"gold_gain":0,"player_choice":"Forget","damage_taken":0,"max_hp_gain":0,"max_hp_loss":0,"event_name":"Living Wall","floor":2,"gold_loss":0},{"damage_healed":0,"gold_gain":0,"player_choice":"Take Damage","damage_taken":20,"relics_obtained":["Golden Idol"],"max_hp_gain":0,"max_hp_loss":0,"event_name":"Golden Idol","floor":5,"gold_loss":0},{"damage_healed":0,"gold_gain":0,"player_choice":"Fought Mushrooms","damage_taken":0,"max_hp_gain":0,"max_hp_loss":0,"event_name":"Mushrooms","floor":7,"gold_loss":0},{"damage_healed":0,"gold_gain":0,"player_choice":"Gave Potion","damage_taken":0,"relics_obtained":["Vajra"],"max_hp_gain":0,"max_hp_loss":0,"event_name":"WeMeetAgain","floor":11,"gold_loss":0},{"damage_healed":0,"gold_gain":75,"player_choice":"Gather Gold","damage_taken":11,"max_hp_gain":0,"max_hp_loss":0,"event_name":"World of Goop","floor":14,"gold_loss":0},{"damage_healed":0,"gold_gain":0,"player_choice":"Obtained Relic","damage_taken":0,"relics_obtained":["Ancient Tea Set"],"max_hp_gain":0,"max_hp_loss":0,"event_name":"Addict","floor":19,"gold_loss":85},{"damage_healed":0,"gold_gain":0,"player_choice":"Bought 0 Potions","damage_taken":0,"max_hp_gain":0,"max_hp_loss":0,"event_name":"The Woman in Blue","floor":25,"gold_loss":0},{"damage_healed":0,"gold_gain":0,"player_choice":"Fought Bandits","damage_taken":0,"max_hp_gain":0,"max_hp_loss":0,"event_name":"Masked Bandits","floor":30,"gold_loss":0},{"damage_healed":0,"gold_gain":0,"player_choice":"Ignored","damage_taken":0,"max_hp_gain":0,"max_hp_loss":0,"event_name":"NoteForYourself","floor":37,"gold_loss":0},{"damage_healed":0,"gold_gain":0,"player_choice":"Memory 1","damage_taken":0,"max_hp_gain":0,"max_hp_loss":0,"event_name":"SensoryStone","floor":39,"gold_loss":0},{"damage_healed":0,"gold_gain":0,"player_choice":"Fight","damage_taken":0,"max_hp_gain":0,"max_hp_loss":0,"event_name":"MindBloom","floor":41,"gold_loss":0}],"is_beta":false,"boss_relics":[{"not_picked":["SacredBark","Calling Bell"],"picked":"Coffee Dripper"},{"not_picked":["Velvet Choker","Runic Pyramid"],"picked":"Sozu"}],"items_purged_floors":[3,21,29,36,46],"is_endless":false,"potions_floor_spawned":[4,12,13,22,24,30,31,33,35,40,48],"ascension_level":0}}