{"host":"ziko4uwynam20dv9","time":1613217610,"event":{"mods":["Aspiration","BaseMod","BetterRewards","Downfall","Hubris","Infinite Spire","Minty Spire (QoL Compilation)","Remilia??????","Replay The Spire","Shop Mod","StSLib","The Animator","The Jungle"],"gold_per_floor":[116,127,139,139,139,139,157,168,168,168,194,194,119,134,134,149,149,226,226,243,90,107,126,214,242,242,259,259,259,291,291,303,317,317,317,317],"floor_reached":35,"language":"FRA","playtime":1165,"items_purged":["Looming Evil"],"score":684,"play_id":"ee2c49b2-f48f-400d-a956-b29817f6f370","local_time":"20210213130010","is_ascension_mode":true,"campfire_choices":[{"data":"Anger","floor":6,"key":"SMITH"},{"data":"Perfected Strike","floor":15,"key":"SMITH"},{"data":"Perfected Strike","floor":17,"key":"SMITH"},{"data":"Flame Barrier","floor":26,"key":"SMITH"},{"data":"Ghostly Armor","floor":34,"key":"SMITH"}],"circlet_count":0,"master_deck":["AscendersBane","Strike_R","Strike_R","Strike_R","Strike_R","Strike_R","Defend_R","Defend_R","Defend_R","Defend_R","Bash+1","Anger+1","Thunderclap","Twin Strike","Perfected Strike+1","Perfected Strike+1","Reaper","Cleave","Battle Trance","Ghostly Armor+1","Flame Barrier+1","Spot Weakness","Flame Barrier+1","Twin Strike"],"relics":["Black Blood","hubris:FunFungus","ReplayTheSpireMod:Ring of Addiction","Ring of Panic","hubris:EmptyBottle","Chameleon Ring","Vajra","Membership Card","Replay:Mystery Machine","Replay:Wax Seal","Unceasing Top","Sundial"],"acts_visited":["Exordium","TheCity"],"potions_floor_usage":[7,18,18,20,23,30,32,33,35,35],"damage_taken":[{"damage":2,"enemies":"Jaw Worm","floor":1,"turns":3},{"damage":12,"enemies":"Small Slimes","floor":2,"turns":4},{"damage":9,"enemies":"2 Louse","floor":3,"turns":2},{"damage":7,"enemies":"Large Slime","floor":7,"turns":3},{"damage":19,"enemies":"Lots of Slimes","floor":8,"turns":4},{"damage":9,"enemies":"Exordium Thugs","floor":14,"turns":3},{"damage":0,"enemies":"Large Slime","floor":16,"turns":3},{"damage":23,"enemies":"The Guardian","floor":18,"turns":8},{"damage":23,"enemies":"2 Thieves","floor":20,"turns":3},{"damage":9,"enemies":"Shell Parasite","floor":22,"turns":3},{"damage":12,"enemies":"3 Cultists","floor":23,"turns":4},{"damage":32,"enemies":"Book of Stabbing","floor":25,"turns":4},{"damage":17,"enemies":"Snake Plant","floor":27,"turns":3},{"damage":39,"enemies":"Replay:Snechameleon","floor":30,"turns":5},{"damage":0,"enemies":"Centurion and Healer","floor":32,"turns":5},{"damage":7,"enemies":"Cultist and Chosen","floor":33,"turns":4},{"damage":99,"enemies":"Champ","floor":35,"turns":8}],"seed_played":"2816184720845509569","potions_obtained":[{"floor":1,"key":"Adrenaline Potion"},{"floor":4,"key":"DuplicationPotion"},{"floor":14,"key":"LifebloodPotion"},{"floor":18,"key":"SteroidPotion"},{"floor":29,"key":"Regen Potion"},{"floor":33,"key":"SpeedPotion"}],"is_trial":false,"path_per_floor":["M","M","M","?","?","R","M","M","PTL","PTL","T","?","$","M","R","M","R","B",null,"M","$","M","M","?","E","R","M","T","R","E","?","M","M","R","B"],"character_chosen":"IRONCLAD","items_purchased":["Membership Card"],"campfire_rested":0,"item_purchase_floors":[21],"current_hp_per_floor":[72,66,63,63,63,63,66,59,59,59,59,64,64,62,62,70,70,59,70,65,65,68,74,50,32,32,27,27,27,30,30,70,70,70,0,0],"gold":317,"neow_bonus":"","is_daily":false,"chose_seed":false,"campfire_upgraded":5,"win_rate":0.0,"timestamp":1613217610,"path_taken":["M","M","M","?","?","R","M","M","PTL","PTL","T","?","$","M","R","M","R","BOSS","M","$","M","M","?","E","R","M","T","R","E","?","M","M","R","BOSS"],"items_purchased_type":["Relic"],"build_version":"2020-12-22","purchased_purges":1,"victory":false,"max_hp_per_floor":[75,75,75,75,75,75,75,75,75,75,73,78,78,76,76,76,74,74,74,74,74,74,74,74,74,74,72,72,72,70,70,70,70,70,70,70],"card_choices":[{"not_picked":["Second Wind","True Grit"],"picked":"Anger","floor":1},{"not_picked":["Sword Boomerang","Massacre"],"picked":"Thunderclap","floor":2},{"not_picked":["Pommel Strike","ReplayReversal"],"picked":"Twin Strike","floor":3},{"not_picked":["Disarm","Clothesline"],"picked":"Perfected Strike","floor":7},{"not_picked":["ReplayTheSpireMod:Strike From Hell","Double Tap"],"picked":"Perfected Strike","floor":8},{"not_picked":["Wild Strike","Entrench","ReplayTheSpireMod:Corrosion Curse"],"picked":"SKIP","floor":14},{"not_picked":["ReplayTheSpireMod:Muscle Training","Run Through","Anger"],"picked":"SKIP","floor":16},{"not_picked":["Brutality","Exhume"],"picked":"Reaper","floor":18},{"not_picked":["Evolve","Perfected Strike"],"picked":"Cleave","floor":20},{"not_picked":["Second Wind","Perfected Strike"],"picked":"Battle Trance","floor":22},{"not_picked":["Sentinel","Thunderclap"],"picked":"Ghostly Armor","floor":23},{"not_picked":["Replay:Undeath\u0027s Touch","Armaments"],"picked":"Flame Barrier","floor":24},{"not_picked":["Rampage","Disarm","Havoc"],"picked":"SKIP","floor":25},{"not_picked":["Sword Boomerang","Evolve+1","Body Slam"],"picked":"SKIP","floor":27},{"not_picked":["Second Wind","Burning Pact"],"picked":"Spot Weakness","floor":30},{"not_picked":["ReplayTheSpireMod:Limb From Limb","Sever Soul","Run Through"],"picked":"SKIP","floor":32},{"not_picked":["Ghostly Armor","Rupture"],"picked":"Twin Strike","floor":33}],"player_experience":1006680,"relics_obtained":[{"floor":4,"key":"ReplayTheSpireMod:Ring of Addiction"},{"floor":4,"key":"Ring of Panic"},{"floor":4,"key":"hubris:EmptyBottle"},{"floor":4,"key":"Chameleon Ring"},{"floor":11,"key":"Vajra"},{"floor":24,"key":"Replay:Mystery Machine"},{"floor":25,"key":"Replay:Wax Seal"},{"floor":28,"key":"Unceasing Top"},{"floor":30,"key":"Sundial"}],"event_choices":[{"damage_healed":0,"gold_gain":0,"player_choice":"Donut","damage_taken":0,"max_hp_gain":5,"max_hp_loss":0,"event_name":"Big Fish","floor":12,"gold_loss":0},{"damage_healed":0,"gold_gain":0,"player_choice":"Copied","damage_taken":0,"max_hp_gain":0,"max_hp_loss":0,"event_name":"Duplicator","floor":31,"gold_loss":0,"cards_obtained":["Flame Barrier"]}],"is_beta":false,"boss_relics":[{"not_picked":["Replay:Wanted Poster","Honey Jar"],"picked":"Black Blood"}],"items_purged_floors":[13],"is_endless":false,"potions_floor_spawned":[1,8,14,16,18,20,22,30,33],"killed_by":"Champ","ascension_level":15}}