{"host":"y9jgkjnf95sujozk","time":1613207970,"event":{"mods":["2.2 Compatiblity","AchievementEnabler","Act Like it!","BaseMod","BetterRewards","Block Reminder","Colored Map","Colored Powertips","Friendly Minions","Gensokyo","GifTheSpireLib","Hallownest","Hermit","Highlight Path","HololiveMod","Hubris","Infinite Spire","Jorbs\u0027s Wanderer Trilogy","Koishi","Marisa（霧雨　魔理沙）","Minty Spire (QoL Compilation)","Quick Restart","Random Character Button","Rare Cards Sparkle","Reimu（博??梦）","Remilia（蕾米莉?）","Replay The Spire","Shop Mod","StSLib","SuperFastMode","The Bug Knight","The Cursed","The Disciple","The Hierophant","The Jungle","The Runesmith","The Senshi","The Servant 0.9.4"],"gold_per_floor":[73,73,147,147,19,3,3],"floor_reached":6,"language":"ENG","playtime":204,"items_purged":[],"score":62,"play_id":"01daaedf-2958-494e-b641-39604f268033","local_time":"20210213101930","is_ascension_mode":true,"campfire_choices":[],"circlet_count":0,"master_deck":["hierophant:Strike_Hierophant","hierophant:Strike_Hierophant","hierophant:Strike_Hierophant","hierophant:Strike_Hierophant","hierophant:Punish","hierophant:Defend_Hierophant","hierophant:Defend_Hierophant","hierophant:Defend_Hierophant","hierophant:Defend_Hierophant","hierophant:ChurchCoffers","hierophant:OrnateJavelin","hierophant:RustyCrate","hierophant:Doubloon","hierophant:Doubloon","hierophant:Doubloon","hierophant:Doubloon","hierophant:RustyCrate","Mayhem","hierophant:Doubloon","Clumsy","hierophant:BulkyChest","hierophant:Doubloon","Madness"],"relics":["hierophant:PropheticMaskRelic","Incense Burner","DollysMirror","Ornamental Fan","Gensokyo:NagashiBinaDoll"],"acts_visited":["Exordium"],"potions_floor_usage":[6],"damage_taken":[{"damage":3,"enemies":"Gensokyo:2_Kodama","floor":1,"turns":3},{"damage":18,"enemies":"Gensokyo:Python","floor":3,"turns":5},{"damage":56,"enemies":"Gensokyo:Mamizou","floor":6,"turns":11}],"seed_played":"5489318382409725223","potions_obtained":[{"floor":3,"key":"ColorlessPotion"}],"is_trial":false,"path_per_floor":["M","?","M","COS","$","E"],"character_chosen":"HIEROPHANT","items_purchased":["hierophant:OrnateJavelin","hierophant:RustyCrate","DollysMirror","Ornamental Fan","Mayhem","hierophant:Doubloon","Madness"],"campfire_rested":0,"item_purchase_floors":[0,0,0,0,0,5,5],"current_hp_per_floor":[72,72,54,54,54,0,0],"gold":3,"neow_bonus":"","is_daily":false,"chose_seed":false,"campfire_upgraded":0,"win_rate":0.0,"timestamp":1613207970,"path_taken":["M","?","M","COS","?","E"],"items_purchased_type":["Card","Card","Relic","Relic","Card","Card","Card"],"build_version":"2020-12-22","purchased_purges":0,"victory":false,"max_hp_per_floor":[75,75,75,75,75,75,75],"card_choices":[{"not_picked":["hierophant:MorningPrayer","hierophant:RepressedViolence"],"picked":"hierophant:Doubloon","floor":1},{"not_picked":["hierophant:FaithHealing","hierophant:FlamingChariot"],"picked":"hierophant:BulkyChest","floor":3}],"player_experience":134929,"relics_obtained":[],"event_choices":[],"is_beta":false,"boss_relics":[],"items_purged_floors":[],"is_endless":false,"potions_floor_spawned":[3],"killed_by":"Gensokyo:Mamizou","ascension_level":2}}