{"host":"q9sqrn60n8lvmavn","time":1613260272,"event":{"mods":["AchievementEnabler","AlwaysNeverKeys","BaseMod","Better Third Choice","Better Vampires","Better-Laid Plans","Block Reminder","Colored Powertips","Curses Come First","DNKmod","Emptier Cage","Friendly Minions","Minty Spire (QoL Compilation)","Permanent Neow","Relic Filter Mod","Reorder Act Four","Shop Mod","StSLib","Weighted Paths"],"gold_per_floor":[1015,1033,1108,1108,1118,1118,681,708,763,789,789,816,833,849,849,921,921,937,948,948,948,370,401,413,413,413,413,513,539,589,619,619,695,695,706,521,521,521,539,574,574,604,657,708,724,448,214,242,242,242,242,66,66,101,101],"floor_reached":56,"language":"ENG","playtime":2624,"items_purged":["Defend_R","Strike_R","Strike_R","Strike_R","Defend_R","Warcry+1"],"score":2375,"play_id":"18b1db1d-cb38-4ed2-b413-fba8202388bb","local_time":"20210213155112","is_ascension_mode":true,"campfire_choices":[{"data":"Uppercut","floor":6,"key":"SMITH"},{"data":"Body Slam","floor":15,"key":"SMITH"},{"data":"Heavy Blade","floor":25,"key":"SMITH"},{"data":"Whirlwind","floor":27,"key":"SMITH"},{"data":"Demon Form","floor":32,"key":"SMITH"},{"data":"1","floor":49,"key":"LIFT"},{"data":"2","floor":53,"key":"LIFT"}],"circlet_count":0,"master_deck":["AscendersBane","Defend_R+1","Defend_R+1","Body Slam+1","Shrug It Off+1","Shockwave+1","Shrug It Off+1","True Grit+1","Demon Form+1","Whirlwind+1","Heavy Blade+1","Shrug It Off+1","Dropkick","Offering+1","Panacea+1","Madness+1","Pommel Strike+1","True Grit+1"],"relics":["Burning Blood","Question Card","Toxic Egg 2","PreservedInsect","Girya","Art of War","War Paint","Lizard Tail","Black Star","Membership Card","Bottled Tornado","Gremlin Horn","MerchantsRug","Mummified Hand","MealTicket","Ornamental Fan","Magic Flower","Shuriken","Frozen Egg 2","Nunchaku","Pocketwatch","Sundial","Empty Cage","Happy Flower","Molten Egg 2","Bag of Preparation","Mercury Hourglass","Akabeko","Red Skull","Turnip","Paper Frog","Brimstone","Strange Spoon","Oddly Smooth Stone","Lantern","Darkstone Periapt","Vajra","Blue Candle","Bag of Marbles"],"acts_visited":["Exordium","TheCity","TheBeyond","TheEnding"],"potions_floor_usage":[10,12,16,31,55],"damage_taken":[{"damage":0,"enemies":"2 Louse","floor":1,"turns":2},{"damage":0,"enemies":"Cultist","floor":2,"turns":2},{"damage":0,"enemies":"Small Slimes","floor":5,"turns":3},{"damage":11,"enemies":"3 Sentries","floor":8,"turns":7},{"damage":6,"enemies":"Lagavulin","floor":10,"turns":3},{"damage":7,"enemies":"3 Sentries","floor":12,"turns":5},{"damage":0,"enemies":"2 Fungi Beasts","floor":13,"turns":3},{"damage":0,"enemies":"Lots of Slimes","floor":14,"turns":4},{"damage":14,"enemies":"The Guardian","floor":16,"turns":8},{"damage":4,"enemies":"3 Byrds","floor":18,"turns":6},{"damage":15,"enemies":"Chosen","floor":19,"turns":5},{"damage":16,"enemies":"Book of Stabbing","floor":23,"turns":6},{"damage":8,"enemies":"Centurion and Healer","floor":24,"turns":6},{"damage":5,"enemies":"Colosseum Slavers","floor":28,"turns":3},{"damage":0,"enemies":"Colosseum Nobs","floor":28,"turns":3},{"damage":0,"enemies":"Gremlin Leader","floor":29,"turns":4},{"damage":6,"enemies":"Book of Stabbing","floor":31,"turns":3},{"damage":7,"enemies":"Automaton","floor":33,"turns":5},{"damage":6,"enemies":"Orb Walker","floor":35,"turns":2},{"damage":23,"enemies":"3 Shapes","floor":39,"turns":3},{"damage":6,"enemies":"Giant Head","floor":40,"turns":3},{"damage":13,"enemies":"Reptomancer","floor":42,"turns":2},{"damage":13,"enemies":"2 Orb Walkers","floor":44,"turns":3},{"damage":6,"enemies":"Sphere and 2 Shapes","floor":45,"turns":3},{"damage":6,"enemies":"Giant Head","floor":48,"turns":1},{"damage":6,"enemies":"Awakened One","floor":50,"turns":5},{"damage":6,"enemies":"Shield and Spear","floor":54,"turns":1},{"damage":99,"enemies":"The Heart","floor":55,"turns":6}],"seed_played":"-9015615033457834481","potions_obtained":[{"floor":1,"key":"SkillPotion"},{"floor":5,"key":"ElixirPotion"},{"floor":10,"key":"Weak Potion"},{"floor":14,"key":"Block Potion"},{"floor":19,"key":"Explosive Potion"},{"floor":28,"key":"DuplicationPotion"},{"floor":35,"key":"Weak Potion"},{"floor":42,"key":"Energy Potion"},{"floor":44,"key":"FairyPotion"}],"is_trial":false,"path_per_floor":["M","M","?","?","M","R","$","E","T","E","?","E","M","M","R","B",null,"M","M","?","?","$","E","M","R","T","R","?","E","?","E","R","B",null,"M","$","?","?","M","E","?","E","T","?","M","$","$","E","R","B",null,"$","R","E","B",null],"character_chosen":"IRONCLAD","items_purchased":["True Grit+1","Girya","Whirlwind","Membership Card","Bottled Tornado","Gremlin Horn","MerchantsRug","Happy Flower","Panacea+1","Paper Frog","Brimstone","Strange Spoon","Oddly Smooth Stone","Vajra"],"campfire_rested":0,"item_purchase_floors":[7,7,22,22,22,22,22,36,36,46,46,47,47,52],"current_hp_per_floor":[100,100,89,89,95,95,95,90,90,100,100,99,105,110,110,102,108,110,101,78,78,78,68,66,66,66,66,73,82,82,85,85,87,108,111,115,115,115,101,104,104,100,100,96,99,114,115,115,115,115,115,115,115,115,25],"gold":101,"neow_bonus":"RANDOM_COMMON_RELIC","is_daily":false,"chose_seed":false,"campfire_upgraded":5,"win_rate":0.0,"timestamp":1613260272,"path_taken":["M","M","?","?","?","R","$","E","T","E","?","E","M","M","R","BOSS","M","M","?","?","$","E","M","R","T","R","?","E","?","E","R","BOSS","M","?","?","?","M","E","?","E","T","?","M","?","$","E","R","BOSS","$","R","E","BOSS"],"items_purchased_type":["Card","Relic","Card","Relic","Relic","Relic","Relic","Relic","Card","Relic","Relic","Relic","Relic","Relic"],"build_version":"2020-12-22","purchased_purges":6,"victory":true,"max_hp_per_floor":[100,100,100,100,100,100,100,100,100,110,110,110,110,110,110,110,110,110,110,115,115,115,115,115,115,115,115,115,115,115,115,115,115,115,115,115,115,115,115,115,115,115,115,115,115,115,115,115,115,115,115,115,115,115,115],"card_choices":[{"not_picked":["Battle Trance+1","Seeing Red+1","Wild Strike"],"picked":"Body Slam","floor":1},{"not_picked":["Thunderclap","Flex+1","Bloodletting+1"],"picked":"Uppercut","floor":2},{"not_picked":["Sever Soul","Perfected Strike","Second Wind+1"],"picked":"Warcry+1","floor":5},{"not_picked":["True Grit+1","Sentinel+1","Iron Wave"],"picked":"Shrug It Off+1","floor":8},{"not_picked":["True Grit+1","Shrug It Off+1","Uppercut"],"picked":"Shockwave+1","floor":10},{"not_picked":["True Grit+1","Bloodletting+1","Power Through+1"],"picked":"Shrug It Off+1","floor":12},{"not_picked":["Brutality","Sword Boomerang","Uppercut","Cleave"],"picked":"SKIP","floor":13},{"not_picked":["Clothesline","Burning Pact+1","Anger"],"picked":"True Grit+1","floor":14},{"not_picked":["Impervious+1","Juggernaut","Fiend Fire"],"picked":"Demon Form","floor":16},{"not_picked":["Rupture","Cleave","Armaments+1","Wild Strike"],"picked":"SKIP","floor":18},{"not_picked":["Clothesline","Anger+1","Perfected Strike","Clash+1"],"picked":"SKIP","floor":19},{"not_picked":["Sword Boomerang","Exhume+1","Havoc+1","Rupture"],"picked":"SKIP","floor":23},{"not_picked":["Flex+1","Headbutt","Warcry+1"],"picked":"Heavy Blade","floor":24},{"not_picked":["Heavy Blade","Metallicize","Fiend Fire"],"picked":"Shrug It Off+1","floor":28},{"not_picked":["Clash","Cleave","Searing Blow","Uppercut"],"picked":"SKIP","floor":29},{"not_picked":["Combust+1","Rage+1","Perfected Strike+1"],"picked":"Dropkick","floor":31},{"not_picked":["Double Tap+1","Juggernaut+1","Immolate"],"picked":"Offering+1","floor":33},{"not_picked":["Whirlwind","Power Through+1","Dark Embrace+1","Cleave"],"picked":"SKIP","floor":35},{"not_picked":["Mind Blast","Enlightenment+1","Violence+1"],"picked":"Madness+1","floor":37},{"not_picked":["Rampage","Headbutt","Disarm+1"],"picked":"Pommel Strike+1","floor":39},{"not_picked":["Cleave+1","Clothesline+1","Whirlwind+1","Twin Strike+1"],"picked":"SKIP","floor":40},{"not_picked":["Sword Boomerang+1","Intimidate+1","Rampage+1","Entrench+1"],"picked":"SKIP","floor":42},{"not_picked":["Armaments+1","Uppercut+1","Twin Strike+1","Carnage+1"],"picked":"SKIP","floor":45},{"not_picked":["Power Through+1","Wild Strike+1","Feel No Pain+1","Bloodletting+1"],"picked":"SKIP","floor":48},{"not_picked":["Sword Boomerang+1","Clothesline+1","Sentinel+1"],"picked":"True Grit+1","floor":54}],"player_experience":247794,"relics_obtained":[{"floor":8,"key":"Art of War"},{"floor":9,"key":"War Paint"},{"floor":10,"key":"Pear"},{"floor":12,"key":"Lizard Tail"},{"floor":23,"key":"Mummified Hand"},{"floor":23,"key":"MealTicket"},{"floor":26,"key":"Ornamental Fan"},{"floor":28,"key":"Magic Flower"},{"floor":28,"key":"Shuriken"},{"floor":29,"key":"Frozen Egg 2"},{"floor":29,"key":"Nunchaku"},{"floor":31,"key":"Pocketwatch"},{"floor":31,"key":"Sundial"},{"floor":40,"key":"Molten Egg 2"},{"floor":40,"key":"Bag of Preparation"},{"floor":42,"key":"Mercury Hourglass"},{"floor":42,"key":"Akabeko"},{"floor":43,"key":"Red Skull"},{"floor":44,"key":"Turnip"},{"floor":48,"key":"Lantern"},{"floor":48,"key":"Darkstone Periapt"},{"floor":54,"key":"Blue Candle"},{"floor":54,"key":"Bag of Marbles"}],"event_choices":[{"damage_healed":0,"gold_gain":75,"player_choice":"Gold","damage_taken":11,"max_hp_gain":0,"max_hp_loss":0,"event_name":"betterThird:BetterGoop","floor":3,"gold_loss":0},{"cards_removed":["Bash"],"damage_healed":0,"gold_gain":0,"player_choice":"Offered Basic","damage_taken":0,"max_hp_gain":0,"max_hp_loss":0,"event_name":"Bonfire Elementals","floor":4,"gold_loss":0},{"damage_healed":0,"gold_gain":0,"player_choice":"Ignored","damage_taken":789,"max_hp_gain":0,"max_hp_loss":0,"event_name":"betterThird:BetterSerpent","floor":11,"gold_loss":0},{"damage_healed":0,"gold_gain":0,"player_choice":"Shed Blood","damage_taken":28,"max_hp_gain":5,"max_hp_loss":0,"event_name":"Forgotten Altar","floor":20,"gold_loss":0},{"cards_removed":["Uppercut"],"damage_healed":0,"gold_gain":0,"player_choice":"Elegance","damage_taken":0,"max_hp_gain":0,"max_hp_loss":0,"event_name":"betterThird:BetterWriting","floor":21,"gold_loss":0},{"damage_healed":0,"gold_gain":0,"player_choice":"Fight","damage_taken":0,"max_hp_gain":0,"max_hp_loss":0,"event_name":"Colosseum","floor":28,"gold_loss":0},{"damage_healed":0,"gold_gain":0,"player_choice":"Fought Nobs","damage_taken":0,"max_hp_gain":0,"max_hp_loss":0,"event_name":"Colosseum","floor":28,"gold_loss":0},{"damage_healed":0,"gold_gain":100,"player_choice":"Bet on Murderer","damage_taken":0,"max_hp_gain":0,"max_hp_loss":0,"event_name":"The Joust","floor":30,"gold_loss":50},{"damage_healed":0,"gold_gain":0,"player_choice":"Memory 1","damage_taken":0,"max_hp_gain":0,"max_hp_loss":0,"event_name":"SensoryStone","floor":37,"gold_loss":0},{"cards_removed":["True Grit"],"damage_healed":0,"gold_gain":0,"player_choice":"Removed Skill","damage_taken":0,"max_hp_gain":0,"max_hp_loss":0,"event_name":"Falling","floor":38,"gold_loss":0},{"damage_healed":0,"gold_gain":0,"player_choice":"Ignored","damage_taken":0,"max_hp_gain":0,"max_hp_loss":0,"event_name":"Tomb of Lord Red Mask","floor":41,"gold_loss":0},{"damage_healed":0,"gold_gain":0,"player_choice":"Fight","damage_taken":0,"max_hp_gain":0,"max_hp_loss":0,"event_name":"Mysterious Sphere","floor":44,"gold_loss":0}],"is_beta":false,"boss_relics":[{"not_picked":["SlaversCollar","Runic Pyramid"],"picked":"Black Star"},{"not_picked":["Philosopher\u0027s Stone","Runic Dome"],"picked":"Empty Cage"}],"items_purged_floors":[7,22,36,46,47,52],"is_endless":false,"potions_floor_spawned":[1,5,10,14,19,23,24,28,35,42,44,48],"ascension_level":13}}