{"host":"1vy6j31128f61x2z","time":1613251818,"event":{"mods":["AchievementEnabler","BaseMod","Colored Powertips","Minty Spire (QoL Compilation)","Permanent Neow"],"gold_per_floor":[361,223,223,234,12,37,37,64,88,88,102,52,85,85,85,206,206,225,225,303,318,338,338,376,401,401,401,441,466,489,67,67,195,195,210,1209,1223,623,646,646,346,346,346,38,38,82,101,117,117,117],"floor_reached":51,"language":"ENG","playtime":1758,"items_purged":["Strike_R","Normality","Normality"],"score":1000,"play_id":"c42eb014-481c-481a-8274-88aaf7de65c8","local_time":"20210213163018","is_ascension_mode":true,"campfire_choices":[{"data":"Inflame","floor":7.0,"key":"SMITH"},{"data":"Whirlwind","floor":10.0,"key":"SMITH"},{"data":"Inflame","floor":15.0,"key":"SMITH"},{"data":"Intimidate","floor":23.0,"key":"SMITH"},{"data":"Inflame","floor":32.0,"key":"SMITH"},{"floor":40,"key":"REST"},{"floor":42,"key":"REST"},{"data":"Flame Barrier","floor":49,"key":"SMITH"}],"circlet_count":0,"master_deck":["Bash","Whirlwind+1","Immolate+1","Inflame+1","Flame Barrier+1","Twin Strike","Battle Trance","Intimidate+1","Inflame+1","Double Tap","Sword Boomerang","Inflame+1","Burning Pact","Power Through+1","Sword Boomerang+1","Thunderclap","Offering","Inflame+1","Offering","Impervious","Flame Barrier","Clothesline","Flex","Flame Barrier+1","Sentinel","Corruption+1","Entrench","Flame Barrier+1","Uppercut+1","Master of Strategy","Thunderclap+1","Burning Pact+1"],"relics":["Burning Blood","Bronze Scales","War Paint","Smiling Mask","Nunchaku","MealTicket","Golden Idol","Velvet Choker","Frozen Egg 2","Mango","Mummified Hand","Strawberry","DollysMirror","Pandora\u0027s Box","Red Skull","Bottled Tornado","Toolbox","Mercury Hourglass","Vajra","PreservedInsect","Champion Belt"],"acts_visited":["Exordium","TheCity","TheBeyond"],"potions_floor_usage":[50,50,50],"damage_taken":[{"damage":1.0,"enemies":"Cultist","floor":1.0,"turns":3.0},{"damage":8.0,"enemies":"2 Louse","floor":4.0,"turns":3.0},{"damage":22.0,"enemies":"Lagavulin","floor":6.0,"turns":7.0},{"damage":17.0,"enemies":"3 Sentries","floor":8.0,"turns":3.0},{"damage":4.0,"enemies":"Jaw Worm","floor":11.0,"turns":2.0},{"damage":20.0,"enemies":"Gremlin Nob","floor":13.0,"turns":4.0},{"damage":12.0,"enemies":"The Guardian","floor":16.0,"turns":10.0},{"damage":0.0,"enemies":"Spheric Guardian","floor":18.0,"turns":3.0},{"damage":1.0,"enemies":"3 Byrds","floor":21.0,"turns":3.0},{"damage":24.0,"enemies":"Snake Plant","floor":22.0,"turns":3.0},{"damage":15.0,"enemies":"Slavers","floor":24.0,"turns":3.0},{"damage":0.0,"enemies":"Centurion and Healer","floor":25.0,"turns":2.0},{"damage":12.0,"enemies":"Book of Stabbing","floor":28.0,"turns":3.0},{"damage":0.0,"enemies":"Snecko","floor":29.0,"turns":2.0},{"damage":7.0,"enemies":"Chosen and Byrds","floor":30.0,"turns":4.0},{"damage":45.0,"enemies":"Champ","floor":33.0,"turns":4.0},{"damage":10,"enemies":"Orb Walker","floor":35,"turns":3},{"damage":6,"enemies":"3 Darklings","floor":37,"turns":2},{"damage":84,"enemies":"4 Shapes","floor":39,"turns":4},{"damage":12,"enemies":"Giant Head","floor":46,"turns":4},{"damage":6,"enemies":"Sphere and 2 Shapes","floor":47,"turns":3},{"damage":18,"enemies":"Writhing Mass","floor":48,"turns":3},{"damage":25,"enemies":"Donu and Deca","floor":50,"turns":5}],"seed_played":"2616206192273884934","potions_obtained":[{"floor":1.0,"key":"SkillPotion"},{"floor":4.0,"key":"SpeedPotion"},{"floor":6.0,"key":"DistilledChaos"},{"floor":13.0,"key":"AttackPotion"},{"floor":18.0,"key":"PowerPotion"},{"floor":24.0,"key":"Weak Potion"},{"floor":39,"key":"SpeedPotion"},{"floor":47,"key":"Fire Potion"}],"is_trial":false,"path_per_floor":["M","$","?","M","$","E","R","E","T","R","M","?","E","?","R","B",null,"M","?","T","M","M","R","E","M","T","?","E","M","M","$","R","B",null,"M","?","M","$","M","R","$","R","T","$","?","E","M","M","R","B",null],"character_chosen":"IRONCLAD","items_purchased":["Immolate","Bronze Scales","Flame Barrier","Offering","Inflame+1","DollysMirror","Red Skull","Bottled Tornado","Toolbox","Mercury Hourglass","Master of Strategy","PreservedInsect"],"campfire_rested":2,"item_purchase_floors":[2,5,5,31,31,31,38,38,38,41,44,44],"current_hp_per_floor":[72,72,72,70,70,54,54,43,43,43,45,45,31,31,31,25,72,72,72,72,72,54,54,59,65,65,65,66,72,71,86,86,47,93,89,89,89,93,15,42,57,84,84,93,88,82,82,70,70,51],"gold":117,"neow_bonus":"TWO_FIFTY_GOLD","is_daily":false,"chose_seed":false,"campfire_upgraded":6,"win_rate":0.0,"timestamp":1613251818,"path_taken":["M","?","?","M","$","E","R","E","T","R","?","?","E","?","R","BOSS","M","?","?","M","M","R","E","?","T","?","E","M","?","$","R","BOSS","M","?","M","$","M","R","$","R","T","$","?","E","M","M","R","BOSS"],"items_purchased_type":["Card","Relic","Card","Card","Card","Relic","Relic","Relic","Relic","Relic","Card","Relic"],"build_version":"2020-12-22","purchased_purges":3,"victory":true,"max_hp_per_floor":[72,72,72,72,72,72,72,72,72,72,72,72,72,72,72,72,72,72,72,72,72,72,72,86,86,86,86,93,93,93,93,93,93,93,93,93,93,93,93,93,93,93,93,93,88,88,88,88,88,88],"card_choices":[{"not_picked":["Flex","Dual Wield"],"picked":"Whirlwind","floor":1.0},{"not_picked":["Anger","Headbutt"],"picked":"Inflame","floor":4.0},{"not_picked":["Clash","Rupture"],"picked":"Twin Strike","floor":6.0},{"not_picked":["Seeing Red","Reckless Charge"],"picked":"Battle Trance","floor":8.0},{"not_picked":["Anger","Flex"],"picked":"Intimidate","floor":11.0},{"not_picked":["Anger","Headbutt"],"picked":"Inflame","floor":13.0},{"not_picked":["Exhume","Brutality"],"picked":"Double Tap","floor":16.0},{"not_picked":["Infernal Blade","Body Slam"],"picked":"Sword Boomerang","floor":18.0},{"not_picked":["Body Slam","Iron Wave"],"picked":"Burning Pact","floor":21.0},{"not_picked":["Flex","Carnage+1"],"picked":"Power Through+1","floor":22.0},{"not_picked":["True Grit","Clash+1","Infernal Blade"],"picked":"SKIP","floor":24.0},{"not_picked":["Feel No Pain+1","Dropkick"],"picked":"Sword Boomerang+1","floor":25.0},{"not_picked":["Second Wind","Brutality+1"],"picked":"Thunderclap","floor":28.0},{"not_picked":["Clash","Iron Wave+1","Combust+1"],"picked":"SKIP","floor":29.0},{"not_picked":["Perfected Strike","Twin Strike","Sword Boomerang"],"picked":"SKIP","floor":30.0},{"not_picked":["Double Tap","Exhume"],"picked":"Impervious","floor":33.0},{"not_picked":["Second Wind+1","Anger"],"picked":"Flame Barrier+1","floor":35},{"not_picked":["Warcry","Sword Boomerang","Thunderclap"],"picked":"SKIP","floor":37},{"not_picked":["Headbutt+1","Pommel Strike"],"picked":"Uppercut+1","floor":39},{"not_picked":["Armaments","Spot Weakness"],"picked":"Thunderclap+1","floor":46},{"not_picked":["Perfected Strike","Twin Strike+1"],"picked":"Burning Pact+1","floor":47},{"not_picked":["Iron Wave","Sever Soul+1","Spot Weakness"],"picked":"SKIP","floor":48}],"player_experience":77819,"relics_obtained":[{"floor":6.0,"key":"War Paint"},{"floor":8.0,"key":"Smiling Mask"},{"floor":9.0,"key":"Nunchaku"},{"floor":13.0,"key":"MealTicket"},{"floor":20.0,"key":"Frozen Egg 2"},{"floor":24.0,"key":"Mango"},{"floor":26.0,"key":"Mummified Hand"},{"floor":28.0,"key":"Strawberry"},{"floor":43,"key":"Vajra"},{"floor":46,"key":"Champion Belt"}],"event_choices":[{"damage_healed":0.0,"max_hp_gain":0.0,"max_hp_loss":0.0,"gold_gain":0.0,"event_name":"Upgrade Shrine","player_choice":"Upgraded","floor":3.0,"gold_loss":0.0,"damage_taken":0.0,"cards_upgraded":["Immolate"]},{"cards_removed":["Strike_R"],"damage_healed":0.0,"max_hp_gain":0.0,"max_hp_loss":0.0,"gold_gain":0.0,"event_name":"The Cleric","player_choice":"Card Removal","floor":12.0,"gold_loss":50.0,"damage_taken":0.0},{"damage_healed":0.0,"max_hp_gain":0.0,"max_hp_loss":0.0,"gold_gain":0.0,"event_name":"Golden Idol","player_choice":"Take Wound","floor":14.0,"gold_loss":0.0,"damage_taken":0.0,"relics_obtained":["Golden Idol"],"cards_obtained":["Injury"]},{"damage_healed":0.0,"max_hp_gain":0.0,"max_hp_loss":0.0,"gold_gain":0.0,"event_name":"The Library","player_choice":"Read","floor":19.0,"gold_loss":0.0,"damage_taken":0.0,"cards_obtained":["Inflame"]},{"cards_removed":["Injury"],"damage_healed":0.0,"max_hp_gain":0.0,"max_hp_loss":0.0,"gold_gain":0.0,"event_name":"Purifier","player_choice":"Purged","floor":27.0,"gold_loss":0.0,"damage_taken":0.0},{"damage_healed":0,"gold_gain":999,"player_choice":"Gold","damage_taken":0,"max_hp_gain":0,"max_hp_loss":0,"event_name":"MindBloom","floor":36,"gold_loss":0,"cards_obtained":["Normality","Normality"]},{"damage_healed":0,"gold_gain":0,"player_choice":"Max HP","damage_taken":0,"max_hp_gain":0,"max_hp_loss":5,"event_name":"Winding Halls","floor":45,"gold_loss":0}],"is_beta":false,"boss_relics":[{"not_picked":["SacredBark","Runic Pyramid"],"picked":"Velvet Choker"},{"not_picked":["Black Star","Coffee Dripper"],"picked":"Pandora\u0027s Box"}],"items_purged_floors":[31,38,41],"is_endless":false,"potions_floor_spawned":[1,4,6,13,18,24,28,29,30,39,47,48],"ascension_level":4}}