{"host":"Baz","time":1613182823,"event":{"mods":["BaseMod","Colored Map","Filter the Spire","Googly Eyes","Highlight Path","Minty Spire (QoL Compilation)","Quick Restart","Rare Cards Sparkle","Relic Stats","StSLib"],"gold_per_floor":[118,138,138,156,170,170,209,209,234,1,20,54,54,4,4,90,90,90,90,15,15,15,15,15,15,15,15,15,15,15,15,15,15,15,15,15,15,15,15,15,15,15,15,15,15,15,15,15,15,15,15,15],"floor_reached":51,"language":"ENG","playtime":2941,"items_purged":["Strike_G","Strike_G"],"score":1774,"play_id":"d06b6d84-25e7-467c-9e5a-ed4644f15bae","local_time":"20210212202023","is_ascension_mode":true,"campfire_choices":[{"data":"Catalyst","floor":6,"key":"SMITH"},{"data":"Bouncing Flask","floor":8,"key":"SMITH"},{"data":"Die Die Die","floor":13,"key":"SMITH"},{"data":"Leg Sweep","floor":15,"key":"SMITH"},{"data":"Wraith Form v2","floor":23,"key":"SMITH"},{"data":"Acrobatics","floor":25,"key":"SMITH"},{"data":"Neutralize","floor":30,"key":"SMITH"},{"data":"Calculated Gamble","floor":32,"key":"SMITH"},{"data":"Envenom","floor":40,"key":"SMITH"},{"floor":49,"key":"RECALL"}],"circlet_count":0,"master_deck":["AscendersBane","Defend_G+1","Defend_G+1","Defend_G+1","Survivor","Neutralize+1","Blur","Die Die Die+1","Bane","Bouncing Flask+1","Catalyst+1","Deadly Poison","Leg Sweep+1","Acrobatics+1","Wraith Form v2+1","Quick Slash+1","Storm of Steel","Tools of the Trade","After Image","Skewer","Catalyst+1","Calculated Gamble+1","Envenom+1","Flechettes+1","Panache","Outmaneuver+1","PiercingWail+1"],"relics":["Ring of the Snake","GremlinMask","CeramicFish","Blood Vial","Chemical X","Smiling Mask","Ectoplasm","Ancient Tea Set","Mummified Hand","Coffee Dripper","Potion Belt","Pen Nib","Calipers","PreservedInsect"],"acts_visited":["Exordium","TheCity","TheBeyond"],"potions_floor_usage":[5,7,24,27,44,44,44,44,50,51,51],"damage_taken":[{"damage":0,"enemies":"Jaw Worm","floor":1,"turns":7},{"damage":1,"enemies":"Cultist","floor":2,"turns":3},{"damage":0,"enemies":"2 Louse","floor":4,"turns":4},{"damage":22,"enemies":"Exordium Thugs","floor":5,"turns":7},{"damage":12,"enemies":"3 Sentries","floor":7,"turns":9},{"damage":1,"enemies":"Blue Slaver","floor":11,"turns":2},{"damage":17,"enemies":"Lagavulin","floor":12,"turns":4},{"damage":1,"enemies":"Hexaghost","floor":16,"turns":7},{"damage":16,"enemies":"Shell Parasite","floor":18,"turns":3},{"damage":0,"enemies":"Spheric Guardian","floor":22,"turns":2},{"damage":4,"enemies":"Book of Stabbing","floor":24,"turns":5},{"damage":14,"enemies":"Slavers","floor":27,"turns":6},{"damage":0,"enemies":"3 Cultists","floor":28,"turns":5},{"damage":0,"enemies":"Snake Plant","floor":29,"turns":5},{"damage":0,"enemies":"Snecko","floor":31,"turns":2},{"damage":0,"enemies":"Champ","floor":33,"turns":6},{"damage":15,"enemies":"3 Shapes","floor":35,"turns":4},{"damage":0,"enemies":"Orb Walker","floor":36,"turns":3},{"damage":20,"enemies":"Spire Growth","floor":37,"turns":5},{"damage":3,"enemies":"Nemesis","floor":41,"turns":5},{"damage":1,"enemies":"Reptomancer","floor":44,"turns":3},{"damage":11,"enemies":"Jaw Worm Horde","floor":45,"turns":7},{"damage":12,"enemies":"Maw","floor":46,"turns":4},{"damage":0,"enemies":"4 Shapes","floor":47,"turns":4},{"damage":0,"enemies":"Giant Head","floor":48,"turns":4},{"damage":0,"enemies":"Time Eater","floor":50,"turns":6},{"damage":38,"enemies":"Awakened One","floor":51,"turns":3}],"seed_played":"6204680374463198433","potions_obtained":[{"floor":1,"key":"Strength Potion"},{"floor":2,"key":"GamblersBrew"},{"floor":12,"key":"LiquidMemories"},{"floor":22,"key":"GhostInAJar"},{"floor":29,"key":"Explosive Potion"},{"floor":35,"key":"EntropicBrew"},{"floor":44,"key":"GhostInAJar"},{"floor":47,"key":"AttackPotion"}],"is_trial":false,"path_per_floor":["M","M","?","M","M","R","E","R","T","$","M","E","R","$","R","B",null,"M","?","?","?","M","R","E","R","T","E","M","M","R","M","R","B",null,"M","M","M","?","?","R","E","?","T","E","M","M","M","E","R","B","B"],"character_chosen":"THE_SILENT","items_purchased":["Chemical X"],"campfire_rested":0,"item_purchase_floors":[10],"current_hp_per_floor":[59,58,58,58,36,36,24,24,24,24,25,10,10,10,10,11,48,34,34,34,34,36,36,34,34,34,22,24,26,26,28,28,30,53,40,42,24,24,24,24,23,23,23,24,15,5,7,9,9,11,0,0],"gold":15,"neow_bonus":"TRANSFORM_TWO_CARDS","is_daily":false,"chose_seed":false,"campfire_upgraded":9,"win_rate":0.0,"timestamp":1613182823,"path_taken":["M","M","?","M","?","R","E","R","T","$","M","E","R","?","R","BOSS","M","?","?","?","M","R","E","R","T","E","M","M","R","M","R","BOSS","M","M","M","?","?","R","E","?","T","E","M","M","?","E","R","BOSS","BOSS"],"items_purchased_type":["Relic"],"build_version":"2020-12-18","purchased_purges":2,"victory":false,"max_hp_per_floor":[60,60,60,60,60,60,60,60,60,60,60,60,60,60,60,60,60,60,60,60,60,60,60,60,60,60,60,60,60,60,60,60,60,60,60,60,60,60,60,60,60,60,60,60,60,60,60,60,60,60,60,60],"relic_stats":{"Blood Vial":44,"counters":[27,125],"Mummified Hand":[64],"CeramicFish":36,"Ectoplasm":540,"Pen Nib":[4],"PreservedInsect":0,"Chemical X":[15],"Smiling Mask":50,"obtain_stats":[{"Potion Belt":41,"Calipers":44,"CeramicFish":7,"GremlinMask":3,"Pen Nib":43,"PreservedInsect":48,"Smiling Mask":12,"Ancient Tea Set":24,"Blood Vial":9,"Mummified Hand":27,"Ectoplasm":17,"Coffee Dripper":34,"Chemical X":10,"Ring of the Snake":0},{"Potion Belt":20,"Calipers":21,"CeramicFish":5,"GremlinMask":2,"Pen Nib":20,"PreservedInsect":25,"Smiling Mask":7,"Ancient Tea Set":11,"Blood Vial":5,"Mummified Hand":12,"Ectoplasm":8,"Coffee Dripper":16,"Chemical X":5,"Ring of the Snake":0},{"Potion Belt":94,"Calipers":97,"CeramicFish":30,"GremlinMask":10,"Pen Nib":94,"PreservedInsect":116,"Smiling Mask":36,"Ancient Tea Set":53,"Blood Vial":30,"Mummified Hand":59,"Ectoplasm":43,"Coffee Dripper":77,"Chemical X":30,"Ring of the Snake":0}],"Ring of the Snake":[54]},"card_choices":[{"not_picked":["Eviscerate","Deflect"],"picked":"Bane","floor":1},{"not_picked":["Riddle With Holes","Eviscerate","Acrobatics"],"picked":"SKIP","floor":2},{"not_picked":["Footwork","Bane"],"picked":"Bouncing Flask","floor":4},{"not_picked":["All Out Attack","Blur"],"picked":"Catalyst","floor":5},{"not_picked":["Tactician","Underhanded Strike"],"picked":"Deadly Poison","floor":7},{"not_picked":["PiercingWail","Dagger Spray"],"picked":"Leg Sweep","floor":11},{"not_picked":["Sucker Punch","Choke","Acrobatics"],"picked":"SKIP","floor":12},{"not_picked":["Sucker Punch","Choke"],"picked":"Acrobatics","floor":12},{"not_picked":["After Image","Venomology"],"picked":"Wraith Form v2","floor":16},{"not_picked":["Dash","Riddle With Holes"],"picked":"Quick Slash+1","floor":18},{"not_picked":["Quick Slash","Slice","Blade Dance"],"picked":"SKIP","floor":22},{"not_picked":["Grand Finale","Escape Plan"],"picked":"After Image","floor":24},{"not_picked":["Sucker Punch","Setup","Calculated Gamble"],"picked":"SKIP","floor":27},{"not_picked":["Leg Sweep","Prepared"],"picked":"Skewer","floor":28},{"not_picked":["Dagger Throw","Footwork+1"],"picked":"Catalyst+1","floor":29},{"not_picked":["Dodge and Roll","Concentrate"],"picked":"Calculated Gamble","floor":31},{"not_picked":["Storm of Steel","Grand Finale"],"picked":"Envenom","floor":33},{"not_picked":["Bouncing Flask+1","Outmaneuver"],"picked":"Dodge and Roll+1","floor":35},{"not_picked":["Prepared","Dagger Spray","Poisoned Stab"],"picked":"SKIP","floor":36},{"not_picked":["Outmaneuver","Choke"],"picked":"Flechettes+1","floor":37},{"not_picked":["Forethought","Discovery"],"picked":"Panache","floor":39},{"not_picked":["Bouncing Flask","Slice","Eviscerate"],"picked":"SKIP","floor":41},{"not_picked":["Prepared","Underhanded Strike"],"picked":"Outmaneuver+1","floor":44},{"not_picked":["Slice","Prepared"],"picked":"PiercingWail+1","floor":45},{"not_picked":["Dagger Throw","Escape Plan","Deadly Poison"],"picked":"SKIP","floor":46},{"not_picked":["Bouncing Flask","Slice","Dagger Throw+1"],"picked":"SKIP","floor":47},{"not_picked":["Underhanded Strike","Dagger Throw","Concentrate"],"picked":"SKIP","floor":48}],"player_experience":1312178,"relics_obtained":[{"floor":7,"key":"CeramicFish"},{"floor":9,"key":"Blood Vial"},{"floor":12,"key":"Smiling Mask"},{"floor":24,"key":"Ancient Tea Set"},{"floor":27,"key":"Mummified Hand"},{"floor":41,"key":"Potion Belt"},{"floor":43,"key":"Pen Nib"},{"floor":44,"key":"Calipers"},{"floor":48,"key":"PreservedInsect"}],"event_choices":[{"damage_healed":0,"gold_gain":0,"player_choice":"Trade","damage_taken":0,"relics_obtained":["GremlinMask"],"max_hp_gain":0,"max_hp_loss":0,"event_name":"FaceTrader","floor":3,"gold_loss":0},{"damage_healed":0,"gold_gain":0,"player_choice":"Simplicity","damage_taken":0,"max_hp_gain":0,"max_hp_loss":0,"event_name":"Back to Basics","floor":19,"gold_loss":0,"cards_upgraded":["Strike_G","Strike_G","Defend_G","Defend_G","Defend_G","Defend_G"]},{"cards_removed":["Strike_G"],"damage_healed":0,"gold_gain":0,"player_choice":"Gave Gold","damage_taken":0,"max_hp_gain":0,"max_hp_loss":0,"event_name":"Beggar","floor":20,"gold_loss":75},{"damage_healed":0,"gold_gain":0,"cards_transformed":["Strike_G","Defend_G"],"player_choice":"Became Test Subject","damage_taken":0,"max_hp_gain":0,"max_hp_loss":0,"event_name":"Drug Dealer","floor":21,"gold_loss":0,"cards_obtained":["Storm of Steel","Tools of the Trade"]},{"cards_removed":["Dodge and Roll"],"damage_healed":0,"gold_gain":0,"player_choice":"Removed Skill","damage_taken":0,"max_hp_gain":0,"max_hp_loss":0,"event_name":"Falling","floor":38,"gold_loss":0},{"damage_healed":0,"gold_gain":0,"player_choice":"Memory 1","damage_taken":0,"max_hp_gain":0,"max_hp_loss":0,"event_name":"SensoryStone","floor":39,"gold_loss":0},{"damage_healed":0,"gold_gain":0,"player_choice":"Ignored","damage_taken":0,"max_hp_gain":0,"max_hp_loss":0,"event_name":"SecretPortal","floor":42,"gold_loss":0}],"is_beta":true,"boss_relics":[{"not_picked":["Black Star","Astrolabe"],"picked":"Ectoplasm"},{"not_picked":["Empty Cage","Busted Crown"],"picked":"Coffee Dripper"}],"items_purged_floors":[10,14],"is_endless":false,"potions_floor_spawned":[1,2,4,12,22,29,35,44,47,48],"killed_by":"Awakened One","ascension_level":20}}