{"host":"uod8ea48n93qw90p","time":1613181918,"event":{"mods":["AchievementEnabler","BaseMod","Highlight Path","Minty Spire (QoL Compilation)","Relic Stats","StSLib","ojb\u0027s Info Mod"],"gold_per_floor":[111,128,128,128,139,166,178,203,250,250,282,350,350,350,350,424,424,434,445,445,464,18,43,43,60,60,94,114,114,142,162,162,239,239,254,7,7,7,26,26,26,26,26],"floor_reached":42,"language":"ENG","playtime":3400,"items_purged":["Pain"],"score":1048,"play_id":"287b735d-13c7-442a-a07e-a437653fa2e6","local_time":"20210212200518","is_ascension_mode":true,"campfire_choices":[{"data":"Bouncing Flask","floor":10.0,"key":"SMITH"},{"floor":13.0,"key":"REST"},{"data":"Footwork","floor":15.0,"key":"SMITH"},{"data":"Neutralize","floor":24,"key":"SMITH"},{"data":"Acrobatics","floor":32,"key":"SMITH"},{"floor":40,"key":"REST"}],"circlet_count":0,"master_deck":["AscendersBane","Strike_G","Strike_G","Strike_G","Strike_G","Strike_G","Defend_G","Defend_G","Defend_G","Defend_G","Defend_G","Survivor","Neutralize+1","Bouncing Flask+1","Footwork+1","Masterful Stab","Bane","Phantasmal Killer","Noxious Fumes+1","Glass Knife","Wraith Form v2+1","Terror","Dash","Backflip","Acrobatics+1","Deadly Poison+1","PiercingWail","Die Die Die","Malaise","Noxious Fumes+1","Leg Sweep"],"relics":["Ring of the Snake","NeowsBlessing","Turnip","Frozen Egg 2","Dream Catcher","Toy Ornithopter","Velvet Choker","WarpedTongs","Mercury Hourglass","Gremlin Horn","Matryoshka","Lantern","Black Star","PreservedInsect","Sundial","Boot"],"acts_visited":["Exordium","TheCity","TheBeyond"],"potions_floor_usage":[21,23,27,30,39,42],"damage_taken":[{"damage":0.0,"enemies":"Jaw Worm","floor":1.0,"turns":1.0},{"damage":0.0,"enemies":"2 Louse","floor":2.0,"turns":1.0},{"damage":0.0,"enemies":"Cultist","floor":5.0,"turns":1.0},{"damage":29.0,"enemies":"3 Sentries","floor":6.0,"turns":10.0},{"damage":4.0,"enemies":"Large Slime","floor":7.0,"turns":11.0},{"damage":0.0,"enemies":"Gremlin Nob","floor":8.0,"turns":3.0},{"damage":28.0,"enemies":"3 Sentries","floor":11.0,"turns":8.0},{"damage":22.0,"enemies":"The Guardian","floor":16.0,"turns":8.0},{"damage":9,"enemies":"2 Thieves","floor":18,"turns":4},{"damage":8,"enemies":"Chosen","floor":19,"turns":4},{"damage":10,"enemies":"Snake Plant","floor":21,"turns":4},{"damage":0,"enemies":"Gremlin Leader","floor":23,"turns":5},{"damage":2,"enemies":"Shelled Parasite and Fungi","floor":25,"turns":5},{"damage":3,"enemies":"Slavers","floor":27,"turns":5},{"damage":14,"enemies":"Cultist and Chosen","floor":28,"turns":6},{"damage":17,"enemies":"Gremlin Leader","floor":30,"turns":6},{"damage":10,"enemies":"Chosen and Byrds","floor":31,"turns":6},{"damage":27,"enemies":"Collector","floor":33,"turns":8},{"damage":0,"enemies":"3 Shapes","floor":35,"turns":6},{"damage":25,"enemies":"3 Darklings","floor":39,"turns":5},{"damage":67,"enemies":"Reptomancer","floor":42,"turns":7}],"seed_played":"-3653890674261743458","potions_obtained":[{"floor":1.0,"key":"AttackPotion"},{"floor":2.0,"key":"FearPotion"},{"floor":6.0,"key":"LiquidBronze"},{"floor":16.0,"key":"Swift Potion"},{"floor":18,"key":"SkillPotion"},{"floor":25,"key":"LiquidBronze"},{"floor":27,"key":"PowerPotion"},{"floor":28,"key":"PowerPotion"},{"floor":33,"key":"BlessingOfTheForge"}],"is_trial":false,"path_per_floor":["M","M","?","?","M","E","M","E","T","R","E","?","R","?","R","B",null,"M","M","?","M","$","E","R","M","T","E","M","?","E","M","R","B",null,"M","$","$","T","M","R","$","E"],"character_chosen":"THE_SILENT","items_purchased":["Mercury Hourglass","Backflip","LiquidMemories","PreservedInsect","Noxious Fumes+1"],"campfire_rested":2,"item_purchase_floors":[22,22,22,36,36],"current_hp_per_floor":[59,59,64,64,64,35,31,31,31,31,3,3,24,24,24,2,54,45,37,37,32,32,37,37,35,35,37,23,71,54,44,44,17,58,58,58,58,58,38,59,59,0,0],"gold":26,"neow_bonus":"THREE_ENEMY_KILL","is_daily":false,"chose_seed":false,"campfire_upgraded":4,"win_rate":0.0,"timestamp":1613181918,"path_taken":["M","M","?","?","M","E","M","E","T","R","E","?","R","?","R","BOSS","M","M","?","?","$","E","R","M","T","E","M","?","E","M","R","BOSS","M","?","$","?","?","R","?","E"],"items_purchased_type":["Relic","Card","Potion","Relic","Card"],"build_version":"2020-12-22","purchased_purges":1,"victory":false,"max_hp_per_floor":[66,66,71,71,71,71,71,71,71,71,71,71,71,71,71,71,71,71,71,71,71,71,71,71,71,71,71,71,71,71,71,71,71,71,71,71,71,71,71,71,71,71,71],"relic_stats":{"Gremlin Horn":[25,25],"counters":[21,113],"PreservedInsect":62,"Boot":[1],"WarpedTongs":[62],"Mercury Hourglass":[337],"Dream Catcher":2,"Sundial":[0],"Turnip":[9],"Black Star":0,"obtain_stats":[{"Lantern":30,"NeowsBlessing":0,"Gremlin Horn":23,"Velvet Choker":17,"PreservedInsect":36,"Frozen Egg 2":8,"Boot":38,"WarpedTongs":20,"Mercury Hourglass":22,"Dream Catcher":9,"Matryoshka":27,"Sundial":38,"Turnip":6,"Black Star":34,"Toy Ornithopter":11,"Ring of the Snake":0},{"Lantern":16,"NeowsBlessing":0,"Gremlin Horn":12,"Velvet Choker":8,"PreservedInsect":19,"Frozen Egg 2":6,"Boot":19,"WarpedTongs":10,"Mercury Hourglass":11,"Dream Catcher":6,"Matryoshka":14,"Sundial":19,"Turnip":4,"Black Star":18,"Toy Ornithopter":7,"Ring of the Snake":0},{"Lantern":82,"NeowsBlessing":0,"Gremlin Horn":60,"Velvet Choker":43,"PreservedInsect":101,"Frozen Egg 2":27,"Boot":101,"WarpedTongs":51,"Mercury Hourglass":55,"Dream Catcher":27,"Matryoshka":70,"Sundial":101,"Turnip":13,"Black Star":95,"Toy Ornithopter":35,"Ring of the Snake":0}],"Toy Ornithopter":25,"Ring of the Snake":[42]},"card_choices":[{"not_picked":["Footwork","Dodge and Roll"],"picked":"Bouncing Flask","floor":1.0},{"not_picked":["Acrobatics","Underhanded Strike"],"picked":"Footwork","floor":2.0},{"not_picked":["Tactician","Poisoned Stab"],"picked":"Masterful Stab","floor":5.0},{"not_picked":["Setup","Slice","Tactician"],"picked":"SKIP","floor":6.0},{"not_picked":["Sucker Punch","Prepared"],"picked":"Bane","floor":7.0},{"not_picked":["Dagger Throw","Riddle With Holes"],"picked":"Phantasmal Killer","floor":8.0},{"not_picked":["Poisoned Stab","Blade Dance"],"picked":"Noxious Fumes+1","floor":11.0},{"not_picked":["Blade Dance","Caltrops+1"],"picked":"Glass Knife","floor":13.0},{"not_picked":["Doppelganger","Grand Finale"],"picked":"Wraith Form v2+1","floor":16.0},{"not_picked":["Dagger Spray","Underhanded Strike"],"picked":"Terror","floor":18},{"not_picked":["Caltrops+1","Bane"],"picked":"Dash","floor":19},{"not_picked":["Underhanded Strike","Tactician","Terror"],"picked":"SKIP","floor":21},{"not_picked":["Tactician","Choke"],"picked":"Acrobatics","floor":23},{"not_picked":["Prepared","Deflect"],"picked":"Calculated Gamble","floor":25},{"not_picked":["Slice","Outmaneuver"],"picked":"Deadly Poison+1","floor":27},{"not_picked":["Prepared","Bane"],"picked":"PiercingWail","floor":28},{"not_picked":["Backstab","Sucker Punch"],"picked":"Die Die Die","floor":30},{"not_picked":["Dash","Outmaneuver","Acrobatics"],"picked":"SKIP","floor":31},{"not_picked":["Phantasmal Killer","Envenom+1"],"picked":"Malaise","floor":33},{"not_picked":["Sucker Punch","Slice+1","Bane"],"picked":"SKIP","floor":35},{"not_picked":["Underhanded Strike+1","Flying Knee","Tactician+1"],"picked":"SKIP","floor":39},{"not_picked":["Caltrops+1","Poisoned Stab"],"picked":"Leg Sweep","floor":40}],"player_experience":121030,"relics_obtained":[{"floor":6.0,"key":"Turnip"},{"floor":8.0,"key":"Frozen Egg 2"},{"floor":9.0,"key":"Dream Catcher"},{"floor":11.0,"key":"Toy Ornithopter"},{"floor":23,"key":"Gremlin Horn"},{"floor":27,"key":"Matryoshka"},{"floor":30,"key":"Lantern"},{"floor":38,"key":"Sundial"},{"floor":38,"key":"Boot"}],"event_choices":[{"damage_healed":0.0,"max_hp_gain":5.0,"max_hp_loss":0.0,"gold_gain":0.0,"event_name":"Big Fish","player_choice":"Donut","floor":3.0,"gold_loss":0.0,"damage_taken":0.0},{"damage_healed":0.0,"max_hp_gain":0.0,"max_hp_loss":0.0,"gold_gain":0.0,"event_name":"Liars Game","player_choice":"Ignored","floor":4.0,"gold_loss":0.0,"damage_taken":0.0},{"damage_healed":0.0,"max_hp_gain":0.0,"max_hp_loss":0.0,"gold_gain":68.0,"event_name":"Golden Wing","player_choice":"Gained Gold","floor":12.0,"gold_loss":0.0,"damage_taken":0.0},{"damage_healed":0.0,"max_hp_gain":0.0,"max_hp_loss":0.0,"gold_gain":0.0,"event_name":"Shining Light","player_choice":"Ignored","floor":14.0,"gold_loss":0.0,"damage_taken":0.0},{"damage_healed":0,"gold_gain":0,"player_choice":"Rummage","damage_taken":0,"relics_obtained":["WarpedTongs"],"max_hp_gain":0,"max_hp_loss":0,"event_name":"Accursed Blacksmith","floor":20,"gold_loss":0,"cards_obtained":["Pain"]},{"cards_removed":["Calculated Gamble"],"damage_healed":48,"gold_gain":0,"player_choice":"Offered Uncommon","damage_taken":0,"max_hp_gain":0,"max_hp_loss":0,"event_name":"Bonfire Elementals","floor":29,"gold_loss":0}],"is_beta":false,"boss_relics":[{"not_picked":["Fusion Hammer","SlaversCollar"],"picked":"Velvet Choker"},{"not_picked":["Philosopher\u0027s Stone","WristBlade"],"picked":"Black Star"}],"items_purged_floors":[22],"is_endless":false,"potions_floor_spawned":[1,2,6,16,18,25,27,28,33],"killed_by":"Reptomancer","ascension_level":20}}