{"host":"2qyxu97h6u4ukicb","time":1613258991,"event":{"mods":["AchievementEnabler","BaseMod","BetterRewards","Colored Map","Colored Powertips","Minty Spire (QoL Compilation)","Replay The Spire","Shop Mod","StSLib"],"gold_per_floor":[111,111,126,142,142,142,176,191,191,207,207,225,225,225,225,320,370,390,121,81,81,100,110,110,127,206,224,224,238,238,238,238,238,238],"floor_reached":33,"language":"ENG","playtime":2424,"items_purged":["Pain"],"score":249,"play_id":"639e28ac-89e8-4910-bbed-a3c65907f27f","local_time":"20210213172951","is_ascension_mode":false,"campfire_choices":[{"data":"Poisoned Stab","floor":6.0,"key":"SMITH"},{"floor":13.0,"key":"REST"},{"floor":15.0,"key":"REST"},{"floor":24,"key":"REST"},{"floor":28,"key":"REST"},{"floor":32,"key":"REST"}],"circlet_count":0,"master_deck":["Strike_G","Strike_G","Strike_G","Strike_G","Strike_G","Defend_G","Defend_G","Defend_G","Defend_G","Defend_G+1","Survivor+1","Neutralize","Poisoned Stab","Poisoned Stab","Poisoned Stab+1","Dagger Spray","Cloak And Dagger","Distraction+1","Blade Dance","Accuracy","Deflect+1","Skewer"],"relics":["Ring of the Snake","NeowsBlessing","CultistMask","Replay:Bottled Steam","Ginger","WarpedTongs","MerchantsRug","Ninja Scroll","Basket Of Snakes"],"acts_visited":["Exordium","TheCity"],"potions_floor_usage":[27,33,33],"damage_taken":[{"damage":0.0,"enemies":"Small Slimes","floor":1.0,"turns":1.0},{"damage":0.0,"enemies":"Cultist","floor":3.0,"turns":1.0},{"damage":0.0,"enemies":"2 Louse","floor":4.0,"turns":1.0},{"damage":24.0,"enemies":"Gremlin Nob","floor":7.0,"turns":4.0},{"damage":1.0,"enemies":"Red Slaver","floor":8.0,"turns":2.0},{"damage":13.0,"enemies":"Gremlin Gang","floor":10.0,"turns":2.0},{"damage":9.0,"enemies":"Exordium Thugs","floor":12.0,"turns":4.0},{"damage":27.0,"enemies":"Fading Forest","floor":16.0,"turns":11.0},{"damage":22.0,"enemies":"Spheric Guardian","floor":18.0,"turns":5.0},{"damage":14,"enemies":"Chosen","floor":22,"turns":4},{"damage":18,"enemies":"Snecko","floor":23,"turns":6},{"damage":27,"enemies":"Centurion and Healer","floor":25,"turns":6},{"damage":11,"enemies":"Snake Plant","floor":27,"turns":5},{"damage":15,"enemies":"Snecko","floor":29,"turns":5},{"damage":46,"enemies":"Champ","floor":33,"turns":6}],"seed_played":"-3634327710757212744","potions_obtained":[{"floor":1.0,"key":"Fruit Juice"},{"floor":8.0,"key":"Swift Potion"},{"floor":12.0,"key":"LifebloodPotion"},{"floor":17.0,"key":"BlessingOfTheForge"},{"floor":23,"key":"Strength Potion"},{"floor":25,"key":"Weak Potion"}],"is_trial":false,"path_per_floor":["M","?","M","M","$","R","E","M","T","M","$","M","R","?","R","B",null,"M","$","?","$","M","M","R","M","T","M","R","M","T","?","R","B"],"character_chosen":"THE_SILENT","items_purchased":["MerchantsRug","Accuracy"],"campfire_rested":5,"item_purchase_floors":[19,19],"current_hp_per_floor":[75,75,75,75,75,75,51,50,50,37,37,28,50,50,72,53,80,58,58,58,58,44,26,50,23,23,12,36,21,21,21,45,0,0],"gold":238,"neow_bonus":"THREE_ENEMY_KILL","is_daily":false,"chose_seed":false,"campfire_upgraded":1,"win_rate":0.0,"timestamp":1613258991,"path_taken":["M","?","M","M","$","R","E","?","T","M","$","M","R","?","R","BOSS","M","$","?","$","?","M","R","?","T","M","R","M","?","?","R","BOSS"],"items_purchased_type":["Relic","Card"],"build_version":"2020-12-22","purchased_purges":1,"victory":false,"max_hp_per_floor":[75,75,75,75,75,75,75,75,75,75,75,75,75,75,75,75,80,80,80,80,80,80,80,80,80,80,80,80,80,80,80,80,80,80],"card_choices":[{"not_picked":["Backflip","Backstab"],"picked":"Poisoned Stab","floor":1.0},{"not_picked":["Bane","Slice"],"picked":"Poisoned Stab","floor":3.0},{"not_picked":["Underhanded Strike","Deflect"],"picked":"Poisoned Stab","floor":4.0},{"not_picked":["Underhanded Strike","Concentrate"],"picked":"Dagger Spray","floor":7.0},{"not_picked":["Night Terror","Hidden Blade"],"picked":"Cloak And Dagger","floor":8.0},{"not_picked":["Sucker Punch","Draining Mist"],"picked":"Distraction","floor":10.0},{"not_picked":["Finisher","Endless Agony","Sucker Punch"],"picked":"SKIP","floor":12.0},{"not_picked":["Fluid Movement","Outmaneuver"],"picked":"Blade Dance","floor":18.0},{"not_picked":["Flying Knee","Prepared","Deflect"],"picked":"SKIP","floor":22},{"not_picked":["Expertise","Fluid Movement+1","Dagger Throw"],"picked":"SKIP","floor":23},{"not_picked":["Caltrops","ReplayTheSpireMod:The Works"],"picked":"Deflect+1","floor":25},{"not_picked":["All Out Attack","Deflect","Underhanded Strike"],"picked":"SKIP","floor":27},{"not_picked":["All Out Attack","Backflip+1"],"picked":"Skewer","floor":29}],"player_experience":800856,"relics_obtained":[{"floor":7.0,"key":"Replay:Bottled Steam"},{"floor":9.0,"key":"Ginger"},{"floor":26,"key":"Ninja Scroll"},{"floor":30,"key":"Basket Of Snakes"}],"event_choices":[{"damage_healed":0.0,"max_hp_gain":0.0,"max_hp_loss":0.0,"gold_gain":0.0,"event_name":"FaceTrader","player_choice":"Trade","floor":2.0,"gold_loss":0.0,"damage_taken":0.0,"relics_obtained":["CultistMask"]},{"damage_healed":0.0,"max_hp_gain":0.0,"max_hp_loss":0.0,"gold_gain":0.0,"event_name":"Accursed Blacksmith","player_choice":"Rummage","floor":14.0,"gold_loss":0.0,"damage_taken":0.0,"relics_obtained":["WarpedTongs"],"cards_obtained":["Pain"]},{"damage_healed":0.0,"max_hp_gain":0.0,"max_hp_loss":0.0,"gold_gain":0.0,"event_name":"Designer","player_choice":"Upgraded Two","floor":20.0,"gold_loss":40.0,"damage_taken":0.0,"cards_upgraded":["Defend_G","Distraction"]}],"is_beta":false,"boss_relics":[{"not_picked":["SlaversCollar","Runic Pyramid"],"picked":"Tiny House"}],"items_purged_floors":[19],"is_endless":false,"potions_floor_spawned":[1,8,12,23,25],"killed_by":"Champ","ascension_level":0}}