{"host":"anl785ehjgcmdvvq","time":1613209117,"event":{"mods":["AchievementEnabler","BaseMod","Minty Spire (QoL Compilation)"],"gold_per_floor":[109,284,284,50,63,63,98,98,98,98,109,109,129,158,158,258,258,258,258,269,287,306,306,338,338,364,397,397,416,416,416,416,515,515,529,529,546,560,571,571,604,30,54,4,4,4,37,52,52,52,52,52,1,32,32,32],"floor_reached":55,"language":"ENG","playtime":1364,"items_purged":["Body Slam+1"],"score":1016,"play_id":"b5aac616-ce57-41ce-a5c9-05b6b6540d81","local_time":"20210213123837","is_ascension_mode":true,"campfire_choices":[{"data":"Anger","floor":6,"key":"SMITH"},{"floor":8,"key":"REST"},{"data":"Bash","floor":10,"key":"SMITH"},{"data":"Heavy Blade","floor":15,"key":"SMITH"},{"floor":23,"key":"REST"},{"floor":25,"key":"REST"},{"floor":32,"key":"RECALL"},{"floor":40,"key":"REST"},{"floor":45,"key":"REST"},{"floor":49,"key":"REST"},{"floor":52,"key":"REST"}],"circlet_count":0,"master_deck":["Strike_R","Strike_R","Strike_R","Strike_R","Bash+1","Heavy Blade+1","Limit Break","Fiend Fire","Anger+1","Spot Weakness+1","Feed","Feel No Pain+1","Inflame+1","Offering+1","Inflame+1","Corruption+1"],"relics":["Empty Cage","Blood Vial","Bottled Flame","Akabeko","Strawberry","Fusion Hammer","MutagenicStrength","Bag of Marbles","Bag of Preparation","Enchiridion","Astrolabe","MealTicket","Singing Bowl","Bronze Scales","HandDrill","War Paint","Potion Belt","Blue Candle","Toy Ornithopter","Boot"],"acts_visited":["Exordium","TheCity","TheBeyond","TheEnding"],"potions_floor_usage":[13,16,18,24,35,38,41,47,50,54],"damage_taken":[{"damage":12,"enemies":"Jaw Worm","floor":1,"turns":3},{"damage":10,"enemies":"Small Slimes","floor":5,"turns":3},{"damage":40,"enemies":"Lagavulin","floor":7,"turns":4},{"damage":2,"enemies":"2 Louse","floor":11,"turns":3},{"damage":0,"enemies":"Exordium Wildlife","floor":13,"turns":2},{"damage":18,"enemies":"Gremlin Nob","floor":14,"turns":3},{"damage":19,"enemies":"Slime Boss","floor":16,"turns":7},{"damage":0,"enemies":"3 Byrds","floor":18,"turns":2},{"damage":11,"enemies":"Spheric Guardian","floor":20,"turns":3},{"damage":19,"enemies":"Chosen and Byrds","floor":21,"turns":4},{"damage":12,"enemies":"Cultist and Chosen","floor":22,"turns":3},{"damage":22,"enemies":"Book of Stabbing","floor":24,"turns":3},{"damage":0,"enemies":"Gremlin Leader","floor":27,"turns":3},{"damage":0,"enemies":"Snecko","floor":29,"turns":2},{"damage":16,"enemies":"Champ","floor":33,"turns":5},{"damage":16,"enemies":"3 Darklings","floor":35,"turns":2},{"damage":23,"enemies":"3 Shapes","floor":37,"turns":2},{"damage":24,"enemies":"Spire Growth","floor":38,"turns":2},{"damage":24,"enemies":"3 Darklings","floor":39,"turns":4},{"damage":19,"enemies":"Giant Head","floor":41,"turns":3},{"damage":47,"enemies":"Reptomancer","floor":47,"turns":4},{"damage":19,"enemies":"Sphere and 2 Shapes","floor":48,"turns":2},{"damage":52,"enemies":"Time Eater","floor":50,"turns":3},{"damage":27,"enemies":"Shield and Spear","floor":54,"turns":3},{"damage":100,"enemies":"The Heart","floor":55,"turns":4}],"seed_played":"8716388658850203816","potions_obtained":[{"floor":5,"key":"SmokeBomb"},{"floor":11,"key":"Fire Potion"},{"floor":13,"key":"Energy Potion"},{"floor":21,"key":"Strength Potion"},{"floor":29,"key":"Swift Potion"},{"floor":33,"key":"SneckoOil"},{"floor":35,"key":"ColorlessPotion"},{"floor":39,"key":"AttackPotion"}],"is_trial":false,"path_per_floor":["M","?","?","$","M","R","E","R","T","R","M","?","M","E","R","B",null,"M","?","M","M","M","R","E","R","T","E","?","M","?","?","R","B",null,"M","?","M","M","M","R","E","$","T","$","R","T","E","M","R","B",null,"R","$","E","B"],"character_chosen":"IRONCLAD","items_purchased":["Limit Break","Fiend Fire","PowerPotion","Bronze Scales","HandDrill","War Paint","Fire Potion","Block Potion"],"campfire_rested":7,"item_purchase_floors":[4,4,42,42,42,42,44,53],"current_hp_per_floor":[68,68,68,68,58,58,18,42,42,42,42,30,32,23,23,6,67,72,72,63,49,39,66,46,73,73,78,78,80,64,96,96,80,92,78,78,60,38,19,49,34,49,49,64,95,95,55,43,77,32,94,114,114,97,0,0],"gold":32,"neow_bonus":"BOSS_RELIC","is_daily":false,"chose_seed":false,"campfire_upgraded":3,"win_rate":0.0,"timestamp":1613209117,"path_taken":["M","?","?","$","M","R","E","R","T","R","M","?","?","E","R","BOSS","M","?","M","M","M","R","E","R","T","E","?","?","?","?","R","BOSS","M","?","M","?","M","R","E","$","T","$","R","?","E","M","R","BOSS","R","$","E","BOSS"],"items_purchased_type":["Card","Card","Potion","Relic","Relic","Relic","Potion","Potion"],"build_version":"2020-12-22","purchased_purges":1,"victory":false,"max_hp_per_floor":[80,80,80,80,80,80,80,80,80,80,80,80,80,87,87,87,87,90,90,90,93,93,93,93,93,93,96,96,96,96,96,96,96,96,96,96,99,99,102,102,104,104,104,104,104,104,109,114,114,114,114,114,114,119,119,119],"card_choices":[{"not_picked":["Shrug It Off","Infernal Blade"],"picked":"Heavy Blade","floor":1},{"not_picked":["Pummel","Metallicize"],"picked":"Anger","floor":5},{"not_picked":["Havoc","Shrug It Off","Searing Blow"],"picked":"SKIP","floor":7},{"not_picked":["Evolve","Flex"],"picked":"Spot Weakness","floor":11},{"not_picked":["True Grit","Fire Breathing","Warcry"],"picked":"SKIP","floor":13},{"not_picked":["Thunderclap","Bloodletting","Body Slam"],"picked":"SKIP","floor":14},{"not_picked":["Corruption","Impervious"],"picked":"Feed","floor":16},{"not_picked":["Evolve+1","Heavy Blade","Combust"],"picked":"SKIP","floor":20},{"not_picked":["Sword Boomerang","Pommel Strike","Clothesline+1"],"picked":"SKIP","floor":21},{"not_picked":["Cleave","Armaments","Twin Strike"],"picked":"SKIP","floor":22},{"not_picked":["Cleave","Twin Strike"],"picked":"Armaments","floor":22},{"not_picked":["Carnage","Shrug It Off+1","Berserk"],"picked":"SKIP","floor":24},{"not_picked":["Dark Embrace","Reckless Charge"],"picked":"Feel No Pain+1","floor":27},{"not_picked":["Body Slam+1","Pummel"],"picked":"Inflame+1","floor":29},{"not_picked":["Berserk","Corruption"],"picked":"Offering","floor":33},{"not_picked":["Perfected Strike","Inflame","Second Wind"],"picked":"SKIP","floor":35},{"not_picked":["Perfected Strike","Inflame","Second Wind"],"picked":"SKIP","floor":35},{"not_picked":["Anger","Armaments+1","Flex"],"picked":"SKIP","floor":37},{"not_picked":["True Grit","Offering","Cleave+1"],"picked":"SKIP","floor":38},{"not_picked":["Cleave","Sword Boomerang+1","Pommel Strike"],"picked":"SKIP","floor":39},{"not_picked":["Warcry","Twin Strike","Headbutt"],"picked":"Singing Bowl","floor":41},{"not_picked":["Twin Strike","Cleave","Berserk"],"picked":"Singing Bowl","floor":47},{"not_picked":["Perfected Strike","Shrug It Off","Sentinel+1"],"picked":"Singing Bowl","floor":48},{"not_picked":["Double Tap","Entrench+1","Sentinel+1"],"picked":"Singing Bowl","floor":54}],"player_experience":133840,"relics_obtained":[{"floor":7,"key":"Blood Vial"},{"floor":9,"key":"Bottled Flame"},{"floor":14,"key":"Strawberry"},{"floor":24,"key":"Bag of Marbles"},{"floor":27,"key":"Bag of Preparation"},{"floor":30,"key":"Enchiridion"},{"floor":41,"key":"Singing Bowl"},{"floor":43,"key":"Potion Belt"},{"floor":46,"key":"Blue Candle"},{"floor":47,"key":"Toy Ornithopter"},{"floor":54,"key":"Boot"}],"event_choices":[{"damage_healed":0,"gold_gain":175,"player_choice":"AGREE","damage_taken":0,"max_hp_gain":0,"max_hp_loss":0,"event_name":"Liars Game","floor":2,"gold_loss":0,"cards_obtained":["Doubt"]},{"cards_removed":["Doubt"],"damage_healed":0,"gold_gain":0,"player_choice":"Forget","damage_taken":0,"max_hp_gain":0,"max_hp_loss":0,"event_name":"Living Wall","floor":3,"gold_loss":0},{"damage_healed":0,"gold_gain":0,"player_choice":"Success","damage_taken":12,"relics_obtained":["Akabeko"],"max_hp_gain":0,"max_hp_loss":0,"event_name":"Scrap Ooze","floor":12,"gold_loss":0},{"damage_healed":0,"gold_gain":0,"player_choice":"Inject Mutagens","damage_taken":0,"relics_obtained":["MutagenicStrength"],"max_hp_gain":0,"max_hp_loss":0,"event_name":"Drug Dealer","floor":19,"gold_loss":0},{"cards_removed":["Defend_R"],"damage_healed":0,"gold_gain":0,"player_choice":"Purged","damage_taken":0,"max_hp_gain":0,"max_hp_loss":0,"event_name":"Purifier","floor":28,"gold_loss":0},{"damage_healed":0,"gold_gain":0,"player_choice":"Obtained Book","damage_taken":16,"max_hp_gain":0,"max_hp_loss":0,"event_name":"Cursed Tome","floor":30,"gold_loss":0},{"damage_healed":32,"gold_gain":0,"player_choice":"Heal","damage_taken":0,"max_hp_gain":0,"max_hp_loss":0,"event_name":"The Library","floor":31,"gold_loss":0},{"damage_healed":0,"gold_gain":0,"player_choice":"Gave Potion","damage_taken":0,"relics_obtained":["MealTicket"],"max_hp_gain":0,"max_hp_loss":0,"event_name":"WeMeetAgain","floor":36,"gold_loss":0}],"is_beta":false,"boss_relics":[{"not_picked":["Mark of Pain","Busted Crown"],"picked":"Fusion Hammer"},{"not_picked":["Tiny House","Velvet Choker"],"picked":"Astrolabe"}],"items_purged_floors":[42],"is_endless":false,"potions_floor_spawned":[5,11,13,18,21,29,33,35,39],"killed_by":"The Heart","ascension_level":5}}