{"host":"e1hsr9gtjq2d74pi","time":1613174724,"event":{"mods":["Act Like it!","BaseMod","Beaked The Cultist","Bestiary","BetterRewards","Clockwork Mod","Conspire","Downfall","Duelist Mod","Hermit","Hero for Fun","Hubris","Jorbs\u0027s Wanderer Trilogy","Marisa????????","Minty Spire (QoL Compilation)","Robot Space Explorer","Shop Mod","Spicy Shops","Spire Arcade","StSLib","The Animator","The Bug Knight","The Construct","The Cursed","The Poker Player","The Runesmith","The Saiyan","The Servant 0.9.4","UnlockEverythingMod"],"gold_per_floor":[113,113,38,38,50,77,77,111,111,111,111],"floor_reached":10,"language":"ENG","playtime":278,"items_purged":[],"score":74,"play_id":"f44a0cdd-29e5-4c94-81a4-5bbf2e77acb6","local_time":"20210212160524","is_ascension_mode":false,"campfire_choices":[],"circlet_count":0,"master_deck":["Strike_P","Strike_P","Strike_P","Strike_P","Defend_P","Defend_P","Defend_P","Defend_P","Eruption","Vigilance","Alpha+1","LikeWater","SignatureMove","Regret"],"relics":["PureWater","Art of War","Bag of Preparation","hubris:TenFootPole","conspire:DecoderRing","Guardian:PocketSentry"],"acts_visited":["Exordium"],"potions_floor_usage":[6,10],"damage_taken":[{"damage":0,"enemies":"Jaw Worm","floor":1,"turns":3},{"damage":0,"enemies":"conspire:RoseBush","floor":5,"turns":5},{"damage":35,"enemies":"Gremlin Nob","floor":6,"turns":5},{"damage":13,"enemies":"HollowMod:MossKnight","floor":8,"turns":6},{"damage":24,"enemies":"Lagavulin","floor":10,"turns":4}],"seed_played":"-6373500461628139615","potions_obtained":[{"floor":1,"key":"SpeedPotion"},{"floor":8,"key":"SneckoOil"}],"is_trial":false,"path_per_floor":["M","?","$","?","M","E","?","E","T","E"],"character_chosen":"WATCHER","items_purchased":["Art of War"],"campfire_rested":0,"item_purchase_floors":[3],"current_hp_per_floor":[72,72,72,72,72,37,37,24,24,0,0],"gold":111,"neow_bonus":"ONE_RANDOM_RARE_CARD","is_daily":false,"chose_seed":false,"campfire_upgraded":0,"win_rate":0.0,"timestamp":1613174724,"path_taken":["M","?","?","?","M","E","?","E","T","E"],"items_purchased_type":["Relic"],"build_version":"2020-12-22","purchased_purges":0,"victory":false,"max_hp_per_floor":[72,72,72,72,72,72,72,72,72,72,72],"card_choices":[{"not_picked":["FlurryOfBlows","EmptyBody"],"picked":"LikeWater","floor":1},{"not_picked":["ThirdEye","Tantrum"],"picked":"SignatureMove","floor":5},{"not_picked":["CutThroughFate","FlyingSleeves","FlurryOfBlows"],"picked":"SKIP","floor":6},{"not_picked":["EmptyBody","Wireheading","Blasphemy"],"picked":"SKIP","floor":8}],"player_experience":480556,"relics_obtained":[{"floor":6,"key":"Bag of Preparation"},{"floor":8,"key":"conspire:DecoderRing"},{"floor":9,"key":"Guardian:PocketSentry"}],"event_choices":[{"damage_healed":0,"gold_gain":0,"player_choice":"Ignored","damage_taken":0,"max_hp_gain":0,"max_hp_loss":0,"event_name":"NoteForYourself","floor":2,"gold_loss":0},{"damage_healed":0,"gold_gain":0,"player_choice":"Box","damage_taken":0,"relics_obtained":["hubris:TenFootPole"],"max_hp_gain":0,"max_hp_loss":0,"event_name":"Big Fish","floor":7,"gold_loss":0,"cards_obtained":["Regret"]}],"is_beta":false,"boss_relics":[],"items_purged_floors":[],"is_endless":false,"potions_floor_spawned":[1,8],"killed_by":"Lagavulin","ascension_level":0}}