{"host":"tia00321x3ndnwo4","time":1613234188,"event":{"mods":["2.2 Compatiblity","BaseMod","Bestiary","Colored Map","Colored Powertips","Curses Come First","Downfall","Highlight Path","Minty Spire (QoL Compilation)","Relic Stats","Slay the Relics Exporter","StSLib","SuperFastMode"],"gold_per_floor":[99,109,109,129,145,163,187,202,229,242,242,261,277,290,301,301,301,301],"floor_reached":16,"language":"ENG","playtime":521,"items_purged":[],"score":110,"play_id":"f074102d-83ee-4117-a46f-dfa6948f476a","local_time":"20210213083628","is_ascension_mode":false,"campfire_choices":[{"data":"bronze:FollowUp","floor":1,"key":"SMITH"},{"floor":11,"key":"REST"}],"circlet_count":0,"master_deck":["bronze:Strike","bronze:Strike","bronze:Strike","bronze:Strike","bronze:Defend","bronze:Defend","bronze:Defend","bronze:Replicate","bronze:Goto","bronze:FollowUp+1","bronze:CutThrough","Pain","bronze:Iterate","bronze:FineTuning","bronze:WhirlingStrike","bronze:DelayedSlice","bronze:Flail","bronze:CloningBeam","bronze:Backtrace","bronze:Flail","bronze:BugBarrage","bronze:WildBeam"],"relics":["bronze:BronzeCore","WarpedTongs","Toy Ornithopter","Bag of Preparation"],"acts_visited":["Exordium"],"potions_floor_usage":[6,8],"damage_taken":[{"damage":0,"enemies":"Small Slimes","floor":2,"turns":3},{"damage":9,"enemies":"Cultist","floor":4,"turns":3},{"damage":14,"enemies":"Jaw Worm","floor":5,"turns":3},{"damage":27,"enemies":"Exordium Thugs","floor":6,"turns":4},{"damage":6,"enemies":"2 Fungi Beasts","floor":8,"turns":3},{"damage":9,"enemies":"Gremlin Nob","floor":9,"turns":3},{"damage":6,"enemies":"Red Slaver","floor":10,"turns":2},{"damage":12,"enemies":"downfall:LooterAlt","floor":12,"turns":2},{"damage":13,"enemies":"Blue Slaver","floor":13,"turns":2},{"damage":5,"enemies":"Exordium Wildlife","floor":14,"turns":1},{"damage":4,"enemies":"Large Slime","floor":15,"turns":2},{"damage":3,"enemies":"IC_STATUS_ARCHETYPE","floor":16,"turns":1}],"seed_played":"-3402985755818866601","potions_obtained":[{"floor":2,"key":"Regen Potion"},{"floor":5,"key":"SteroidPotion"},{"floor":6,"key":"EssenceOfSteel"},{"floor":14,"key":"Fire Potion"}],"is_trial":false,"path_per_floor":["R","M","?","M","M","M","T","M","E","M","R","M","M","M","M","B"],"character_chosen":"THE_AUTOMATON","items_purchased":[],"campfire_rested":1,"item_purchase_floors":[],"current_hp_per_floor":[70,70,70,61,47,32,32,31,22,16,37,25,12,7,3,0,0,0],"gold":301,"neow_bonus":"TRANSFORM_CARD","is_daily":false,"chose_seed":false,"campfire_upgraded":1,"win_rate":0.0,"timestamp":1613234188,"path_taken":["R","M","?","M","?","M","T","?","E","M","R","M","?","M","M","BOSS"],"items_purchased_type":[],"build_version":"2020-12-22","purchased_purges":0,"victory":false,"max_hp_per_floor":[70,70,70,70,70,70,70,70,70,70,70,70,70,70,70,70,70,70],"relic_stats":{"counters":[12,29],"Bag of Preparation":[12],"obtain_stats":[{"bronze:BronzeCore":0,"Bag of Preparation":9,"Toy Ornithopter":7,"WarpedTongs":3},{"bronze:BronzeCore":0,"Bag of Preparation":6,"Toy Ornithopter":4,"WarpedTongs":1},{"bronze:BronzeCore":0,"Bag of Preparation":19,"Toy Ornithopter":13,"WarpedTongs":3}],"Toy Ornithopter":5,"WarpedTongs":[26]},"card_choices":[{"not_picked":["bronze:ClassDefault","bronze:NullPointer"],"picked":"bronze:CutThrough","floor":2},{"not_picked":["bronze:WildBeam","bronze:Overheat"],"picked":"bronze:Iterate","floor":4},{"not_picked":["bronze:Branch","bronze:Philosophize"],"picked":"bronze:FineTuning","floor":5},{"not_picked":["bronze:BronzeOrb","bronze:BuggyMess"],"picked":"bronze:WhirlingStrike","floor":6},{"not_picked":["bronze:BuggyMess","bronze:FollowUp"],"picked":"bronze:DelayedSlice","floor":8},{"not_picked":["bronze:ChosenStrike","bronze:ThunderWave"],"picked":"bronze:Flail","floor":9},{"not_picked":["bronze:BugBarrage","bronze:CutThrough"],"picked":"bronze:CloningBeam","floor":10},{"not_picked":["bronze:Deprecate","bronze:OilSpill"],"picked":"bronze:Backtrace","floor":12},{"not_picked":["bronze:ForLoop","bronze:Branch"],"picked":"bronze:Flail","floor":13},{"not_picked":["bronze:CutThrough","bronze:Format"],"picked":"bronze:BugBarrage","floor":14},{"not_picked":["bronze:WhirlingStrike","bronze:FineTuning"],"picked":"bronze:WildBeam","floor":15}],"player_experience":193016,"relics_obtained":[{"floor":7,"key":"Toy Ornithopter"},{"floor":9,"key":"Bag of Preparation"}],"event_choices":[],"is_beta":false,"boss_relics":[],"items_purged_floors":[],"is_endless":false,"potions_floor_spawned":[2,5,6,14],"killed_by":"IC_STATUS_ARCHETYPE","ascension_level":0}}