{"host":"ow66nzv2xecjoor3","time":1613251209,"event":{"mods":["BaseMod","Bestiary","Block Reminder","Colored Powertips","Curses Come First","Highlight Path","Keyboard Shortcuts","Minty Spire (QoL Compilation)","Permanent Neow","Relic Stats","StSLib","UnlockEverythingMod"],"gold_per_floor":[115,190,210,222,236,236,251,9,9,9,9,25,54,70,70,70,70],"floor_reached":16,"language":"ENG","playtime":1596,"items_purged":[],"score":208,"play_id":"a4b28b07-9579-4c2b-823b-36d344d1721c","local_time":"20210213152009","is_ascension_mode":true,"campfire_choices":[{"floor":6,"key":"REST"},{"floor":11,"key":"REST"},{"floor":15,"key":"REST"}],"circlet_count":0,"master_deck":["AscendersBane","Strike_R","Strike_R","Strike_R","Strike_R","Defend_R","Defend_R","Defend_R","Defend_R","Bash","Twin Strike","Pommel Strike","Sever Soul","Burning Pact","Shrug It Off","Feel No Pain","Feed","Anger","Evolve"],"relics":["Black Star","Toolbox","Mercury Hourglass","Bottled Tornado","Art of War"],"acts_visited":["Exordium"],"potions_floor_usage":[5,13],"damage_taken":[{"damage":9,"enemies":"Jaw Worm","floor":1,"turns":5},{"damage":12,"enemies":"2 Louse","floor":3,"turns":3},{"damage":5,"enemies":"Small Slimes","floor":4,"turns":4},{"damage":8,"enemies":"2 Fungi Beasts","floor":5,"turns":3},{"damage":19,"enemies":"Exordium Wildlife","floor":7,"turns":4},{"damage":9,"enemies":"Gremlin Gang","floor":12,"turns":6},{"damage":10,"enemies":"Lagavulin","floor":13,"turns":6},{"damage":16,"enemies":"Lots of Slimes","floor":14,"turns":4},{"damage":38,"enemies":"Hexaghost","floor":16,"turns":11}],"seed_played":"4838221744717577058","potions_obtained":[{"floor":3,"key":"ColorlessPotion"},{"floor":4,"key":"SpeedPotion"},{"floor":12,"key":"BlessingOfTheForge"}],"is_trial":false,"path_per_floor":["M","?","M","M","M","R","M","$","T","?","R","M","E","M","R","B"],"character_chosen":"IRONCLAD","items_purchased":["Feel No Pain","Toolbox"],"campfire_rested":3,"item_purchase_floors":[8,8],"current_hp_per_floor":[59,48,36,31,23,45,26,26,26,19,41,32,26,13,37,0,0],"gold":70,"neow_bonus":"BOSS_RELIC","is_daily":false,"chose_seed":false,"campfire_upgraded":0,"win_rate":0.0,"timestamp":1613251209,"path_taken":["M","?","M","M","M","R","M","$","T","?","R","M","E","M","R","BOSS"],"items_purchased_type":["Card","Relic"],"build_version":"2020-12-22","purchased_purges":0,"victory":false,"max_hp_per_floor":[75,75,75,75,75,75,75,75,75,75,75,75,79,82,82,82,82],"relic_stats":{"counters":[9,46],"Black Star":1,"Art of War":[2],"obtain_stats":[{"Toolbox":8,"Black Star":0,"Art of War":13,"Bottled Tornado":13,"Burning Blood":0,"Mercury Hourglass":9},{"Toolbox":5,"Black Star":0,"Art of War":7,"Bottled Tornado":7,"Burning Blood":0,"Mercury Hourglass":5},{"Toolbox":19,"Black Star":0,"Art of War":31,"Bottled Tornado":31,"Burning Blood":0,"Mercury Hourglass":19}],"Mercury Hourglass":[122]},"card_choices":[{"not_picked":["Heavy Blade","True Grit"],"picked":"Twin Strike","floor":1},{"not_picked":["Heavy Blade","Thunderclap"],"picked":"Pommel Strike","floor":3},{"not_picked":["Pommel Strike","Cleave"],"picked":"Sever Soul","floor":4},{"not_picked":["Clash","Intimidate"],"picked":"Burning Pact","floor":5},{"not_picked":["Perfected Strike","Havoc"],"picked":"Shrug It Off","floor":7},{"not_picked":["Clothesline","Sever Soul"],"picked":"Feed","floor":12},{"not_picked":["Limit Break","Bloodletting"],"picked":"Anger","floor":13},{"not_picked":["Sword Boomerang","Pommel Strike"],"picked":"Evolve","floor":14}],"player_experience":2849248,"relics_obtained":[{"floor":9,"key":"Mercury Hourglass"},{"floor":13,"key":"Bottled Tornado"},{"floor":13,"key":"Art of War"}],"event_choices":[{"damage_healed":0,"gold_gain":75,"player_choice":"Gather Gold","damage_taken":11,"max_hp_gain":0,"max_hp_loss":0,"event_name":"World of Goop","floor":2,"gold_loss":0},{"cards_removed":["Strike_R"],"damage_healed":0,"gold_gain":0,"player_choice":"Card Removal","damage_taken":7,"max_hp_gain":0,"max_hp_loss":0,"event_name":"Golden Wing","floor":10,"gold_loss":0}],"is_beta":false,"boss_relics":[],"items_purged_floors":[],"is_endless":false,"potions_floor_spawned":[3,4,12],"killed_by":"Hexaghost","ascension_level":20}}