{"host":"dth8fvkfiulu86fi","time":1613218423,"event":{"mods":["2.2 Compatiblity","AchievementEnabler","BaseMod","Better Third Choice","Colored Map","Colored Powertips","Minty Spire (QoL Compilation)","Rare Cards Sparkle","StSLib","SuperFastMode","Synergy Search"],"gold_per_floor":[114,114,79,79,94,124,124,139,164,194,194,224,239,269,269,369,369,384,384,399,399,179,179,209,209,209,59,89,89,89,104,104,204,204,219,16,16,16,31,61,61,91,91,121,121,151,1,16,16,16],"floor_reached":51,"language":"ENG","playtime":1570,"items_purged":[],"score":1000,"play_id":"274dc46c-8846-404b-9094-991a37436636","local_time":"20210213131343","daily_mods":["SealedDeck","Colorless Cards","Elite Swarm"],"is_ascension_mode":false,"campfire_choices":[{"data":"Seeing Red","floor":7,"key":"SMITH"},{"data":"Heavy Blade","floor":15,"key":"SMITH"},{"data":"Seeing Red","floor":23,"key":"SMITH"},{"floor":29,"key":"REST"},{"data":"Swift Strike","floor":32,"key":"SMITH"},{"floor":41,"key":"REST"},{"floor":49,"key":"REST"}],"circlet_count":0,"master_deck":["Shrug It Off+1","Shrug It Off+1","Deep Breath+1","Good Instincts+1","Inflame+1","Flex+1","Heavy Blade+1","Flex+1","Heavy Blade+1","Inflame+1","Seeing Red+1","Anger+1","Reaper+1","Heavy Blade+1","Deep Breath+1","Seeing Red+1","Bludgeon+1","Swift Strike+1","Reaper+1","Shrug It Off+1","Intimidate+1","Panache","Anger","Immolate","Cleave+1"],"relics":["Burning Blood","Ornamental Fan","Bag of Preparation","Letter Opener","Bottled Lightning","Thread and Needle","StoneCalendar","Mark of Pain","Bag of Marbles","Orichalcum","PreservedInsect","Dream Catcher","Calipers","Busted Crown","Lantern","Mark of the Bloom","Smiling Mask","Whetstone","Lizard Tail","Nunchaku","War Paint","ClockworkSouvenir"],"acts_visited":["Exordium","TheCity","TheBeyond"],"potions_floor_usage":[10,10,20,24,31,33,50,50,50],"damage_taken":[{"damage":0,"enemies":"Jaw Worm","floor":1,"turns":2},{"damage":0,"enemies":"Cultist","floor":5,"turns":2},{"damage":6,"enemies":"Lagavulin","floor":6,"turns":4},{"damage":0,"enemies":"Small Slimes","floor":8,"turns":4},{"damage":0,"enemies":"3 Sentries","floor":10,"turns":3},{"damage":4,"enemies":"Lagavulin","floor":12,"turns":3},{"damage":0,"enemies":"Exordium Wildlife","floor":13,"turns":2},{"damage":0,"enemies":"3 Sentries","floor":14,"turns":4},{"damage":10,"enemies":"The Guardian","floor":16,"turns":5},{"damage":4,"enemies":"Shell Parasite","floor":18,"turns":2},{"damage":0,"enemies":"2 Thieves","floor":20,"turns":3},{"damage":12,"enemies":"Book of Stabbing","floor":24,"turns":3},{"damage":12,"enemies":"Gremlin Leader","floor":28,"turns":2},{"damage":0,"enemies":"Sentry and Sphere","floor":31,"turns":3},{"damage":25,"enemies":"Collector","floor":33,"turns":6},{"damage":2,"enemies":"3 Darklings","floor":35,"turns":3},{"damage":0,"enemies":"3 Shapes","floor":39,"turns":1},{"damage":0,"enemies":"Reptomancer","floor":40,"turns":1},{"damage":0,"enemies":"Giant Head","floor":42,"turns":4},{"damage":0,"enemies":"Reptomancer","floor":44,"turns":3},{"damage":0,"enemies":"Nemesis","floor":46,"turns":1},{"damage":7,"enemies":"Writhing Mass","floor":48,"turns":2},{"damage":12,"enemies":"Donu and Deca","floor":50,"turns":4}],"seed_played":"6099103822572544471","potions_obtained":[{"floor":1,"key":"Swift Potion"},{"floor":6,"key":"Dexterity Potion"},{"floor":8,"key":"SteroidPotion"},{"floor":12,"key":"LiquidMemories"},{"floor":18,"key":"SkillPotion"},{"floor":28,"key":"SneckoOil"},{"floor":31,"key":"BlessingOfTheForge"},{"floor":33,"key":"PowerPotion"},{"floor":35,"key":"LiquidMemories"},{"floor":44,"key":"Strength Potion"}],"is_trial":false,"path_per_floor":["M","?","$","?","M","E","R","M","T","E","T","E","M","E","R","B",null,"M","?","M","?","$","R","E","$","T","$","E","R","?","M","R","B",null,"M","$","?","?","M","E","R","E","T","E","?","E","$","M","R","B",null],"character_chosen":"IRONCLAD","items_purchased":["Seeing Red","Seeing Red","Bag of Marbles","Dream Catcher","Lantern","Shrug It Off","ClockworkSouvenir"],"campfire_rested":3,"item_purchase_floors":[3,22,22,27,36,36,47],"current_hp_per_floor":[80,85,85,85,85,85,85,85,85,85,85,85,85,85,85,81,85,85,85,85,69,69,69,63,63,63,63,68,90,90,90,90,71,90,90,90,90,90,90,90,90,90,90,90,90,90,90,83,83,71],"gold":16,"neow_bonus":"","is_daily":true,"chose_seed":false,"campfire_upgraded":4,"win_rate":0.0,"timestamp":1613218423,"path_taken":["M","?","$","?","M","E","R","?","T","E","?","E","?","E","R","BOSS","M","?","M","?","$","R","E","?","T","$","E","R","?","M","R","BOSS","M","$","?","?","?","E","R","E","T","E","?","E","$","?","R","BOSS"],"items_purchased_type":["Card","Card","Relic","Relic","Relic","Card","Relic"],"build_version":"2020-12-22","purchased_purges":0,"victory":true,"max_hp_per_floor":[80,85,85,85,85,85,85,85,85,85,85,85,85,85,85,85,85,85,85,85,90,90,90,90,90,90,90,90,90,90,90,90,90,90,90,90,90,90,90,90,90,90,90,90,90,90,90,90,90,90],"card_choices":[{"not_picked":["Purity","Panacea"],"picked":"Inflame","floor":1},{"not_picked":["Body Slam","Clash","Mind Blast"],"picked":"SKIP","floor":5},{"not_picked":["Exhume","Secret Technique","Berserk"],"picked":"SKIP","floor":6},{"not_picked":["Spot Weakness","Clash"],"picked":"Anger","floor":8},{"not_picked":["Thinking Ahead","Metamorphosis","Mayhem"],"picked":"SKIP","floor":10},{"not_picked":["Juggernaut","Master of Strategy"],"picked":"Reaper","floor":12},{"not_picked":["Carnage","Thunderclap"],"picked":"Heavy Blade","floor":13},{"not_picked":["Master of Strategy","Chrysalis","The Bomb"],"picked":"SKIP","floor":14},{"not_picked":["Whirlwind","Twin Strike","Clash"],"picked":"SKIP","floor":18},{"not_picked":["Impatience+1","Jack Of All Trades"],"picked":"Deep Breath+1","floor":20},{"not_picked":["Impervious","Violence"],"picked":"Bludgeon","floor":24},{"not_picked":["The Bomb","Metamorphosis","Transmutation"],"picked":"SKIP","floor":28},{"not_picked":["Disarm","Blind"],"picked":"Swift Strike","floor":29},{"not_picked":["Shrug It Off","Panacea","Discovery"],"picked":"SKIP","floor":31},{"not_picked":["Barricade","Brutality"],"picked":"Reaper","floor":33},{"not_picked":["Pummel+1"],"picked":"SKIP","floor":35},{"not_picked":["True Grit+1"],"picked":"SKIP","floor":39},{"not_picked":["Juggernaut"],"picked":"SKIP","floor":40},{"not_picked":[],"picked":"Intimidate+1","floor":41},{"not_picked":[],"picked":"Panache","floor":42},{"not_picked":["Secret Weapon"],"picked":"SKIP","floor":44},{"not_picked":[],"picked":"Immolate","floor":46},{"not_picked":["Hemokinesis"],"picked":"SKIP","floor":48},{"not_picked":[],"picked":"Cleave+1","floor":49}],"player_experience":1178140,"relics_obtained":[{"floor":6,"key":"Ornamental Fan"},{"floor":9,"key":"Bag of Preparation"},{"floor":10,"key":"Letter Opener"},{"floor":11,"key":"Bottled Lightning"},{"floor":12,"key":"Thread and Needle"},{"floor":14,"key":"StoneCalendar"},{"floor":24,"key":"Orichalcum"},{"floor":26,"key":"PreservedInsect"},{"floor":28,"key":"Calipers"},{"floor":40,"key":"Smiling Mask"},{"floor":42,"key":"Whetstone"},{"floor":43,"key":"Lizard Tail"},{"floor":44,"key":"Nunchaku"},{"floor":46,"key":"War Paint"}],"event_choices":[{"damage_healed":0,"gold_gain":0,"player_choice":"Donut","damage_taken":0,"max_hp_gain":5,"max_hp_loss":0,"event_name":"Big Fish","floor":2,"gold_loss":0},{"cards_removed":["Pommel Strike"],"damage_healed":5,"gold_gain":0,"player_choice":"Offered Common","damage_taken":0,"max_hp_gain":0,"max_hp_loss":0,"event_name":"Bonfire Elementals","floor":4,"gold_loss":0},{"cards_removed":["Pommel Strike"],"damage_healed":5,"gold_gain":0,"player_choice":"Offered Special","damage_taken":0,"max_hp_gain":0,"max_hp_loss":0,"event_name":"Bonfire Elementals","floor":4,"gold_loss":0},{"damage_healed":0,"gold_gain":0,"player_choice":"Ignored","damage_taken":0,"max_hp_gain":0,"max_hp_loss":0,"event_name":"Cursed Tome","floor":19,"gold_loss":0},{"damage_healed":0,"gold_gain":0,"player_choice":"Shed Blood","damage_taken":21,"max_hp_gain":5,"max_hp_loss":0,"event_name":"Forgotten Altar","floor":21,"gold_loss":0},{"damage_healed":0,"gold_gain":0,"player_choice":"Simplicity","damage_taken":0,"max_hp_gain":0,"max_hp_loss":0,"event_name":"betterThird:BetterWriting","floor":30,"gold_loss":0},{"damage_healed":0,"gold_gain":0,"player_choice":"Upgrade","damage_taken":0,"relics_obtained":["Mark of the Bloom"],"max_hp_gain":0,"max_hp_loss":0,"event_name":"MindBloom","floor":37,"gold_loss":0,"cards_upgraded":["Shrug It Off","Shrug It Off","Deep Breath","Good Instincts","Inflame","Flex","Heavy Blade","Flex","Heavy Blade","Inflame","Anger","Reaper","Bludgeon","Reaper","Shrug It Off"]},{"damage_healed":0,"gold_gain":0,"player_choice":"Ignored","damage_taken":0,"max_hp_gain":0,"max_hp_loss":0,"event_name":"Upgrade Shrine","floor":38,"gold_loss":0},{"damage_healed":0,"gold_gain":0,"player_choice":"1 cards matched","damage_taken":0,"max_hp_gain":0,"max_hp_loss":0,"event_name":"Match and Keep!","floor":45,"gold_loss":0,"cards_obtained":["Anger"]}],"is_beta":false,"boss_relics":[{"not_picked":["Runic Pyramid","Coffee Dripper"],"picked":"Mark of Pain"},{"not_picked":["Black Star","Velvet Choker"],"picked":"Busted Crown"}],"items_purged_floors":[],"is_endless":false,"potions_floor_spawned":[1,6,8,12,18,28,31,33,35,40,44],"ascension_level":0}}