{"host":"onjcd8pn3ar4eq0z","time":1613187860,"event":{"mods":["2.2 Compatiblity","AchievementEnabler","Act Like it!","Aspiration","BaseMod","Beaked The Cultist","Become a monster ???","Bestiary","Better Note","Better Third Choice","BetterRewards","CapriCore","ChefMod","Colored Map","Colored Powertips","Conspire","Curses Come First","Downfall","Friendly Minions","Gensokyo","GifTheSpireLib","Gremlin Mod","Hallownest","Hermit","Highlight Path","Hubris","Infinite Spire","Jorbs\u0027s Wanderer Trilogy","Koishi","Lobotomy","LobotomyExtend","Marisa????????","Mimic Mod","Minty Spire (QoL Compilation)","Pale of the Ancients","Potionbrewer","Quick Restart","Relic Sorter","Reliquary","Remilia??????","Replay The Spire","Shop Mod","Spicy Shops","StSLib","Synergy Search","The Administrix","The Animator","The Blue Laboratory","The Bug Knight","The Construct","The Cursed","The Disciple","The Gatherer","The Hierophant","The Immortal","The Mystic","The Necromancer","The Runesmith","The Sage","The Servant 0.9.4","TheBandit","TheSwordswoman","Waifu the Spire","Wandering Minibosses","Yuyuko","noobMod"],"gold_per_floor":[116,116,216,234,234,262,296,329,384,409,428,30,30,30,30,46,46,150,150,170,170,170,197,20,51,84,84,108,139,139,172,182,217,217,321,321,336,37,37,56,56,86,86,120,120,149,181,212,223,253,253,253],"floor_reached":53,"language":"ENG","playtime":8961,"items_purged":["Deadly Poison"],"score":1343,"play_id":"e5d95bbc-b600-40b9-8fb3-15d8ca338539","local_time":"20210212214420","daily_mods":["SealedDeck","DeadlyEvents","Elite Swarm","downfall:ExchangeController","Binary"],"is_ascension_mode":false,"campfire_choices":[{"floor":17,"key":"REST"},{"data":"Defy","floor":30,"key":"SMITH"},{"data":"Footwork","floor":34,"key":"SMITH"},{"data":"Duplication","floor":43,"key":"SMITH"},{"data":"Deny","floor":51,"key":"SMITH"}],"circlet_count":0,"master_deck":["Cloak And Dagger","Backflip","Footwork+1","PiercingWail","PiercingWail","Dash","Deadly Poison","Deadly Poison","Poisoned Stab","Backstab","ShatteredReality","Duplication+1","Deny+1","Defy+1","Cloak And Dagger","hubris:NaturalOne","ReplayTheSpireMod:Necrosis+1","Adrenaline+1","LightFlow","Envenom","Leg Sweep+1","Deny+1","Dodge and Roll+1","Dark Shackles+1","Dilation+1","Pot Of Greed+1","Pot Of Greed+1","Pot Of Greed+1"],"relics":["Ring of the Snake","reliquary:OuijaBoard","hubris:Icosahedron","Busted Crown","downfall:NeowBlessing_Player","replay:Trail_Library","ice","LetterFromLob","reliquary:PartyBalloon","aspiration:AnachronicSnailShell","MerchantsRug","Durian","Heaven_r","aspiration:ServantSkillbook","hubris:AncientText","conspire:Flyswatter","champ:DeflectingBracers","Replay:Bottled Flurry","Dream Catcher","Replay:Rubber Ducky","Toxic Egg 2","hubris:AstralHammer","Ring of Chaos","Vampiric Spirits","Replay:Kaleidoscope","hubris:MysteriousPyramids","hexamod:BolsterEngine","Grinning Jar","aspiration:HatOfInfinitePower"],"acts_visited":["Exordium","TheCity","TheBeyond"],"potions_floor_usage":[],"damage_taken":[{"damage":0,"enemies":"Jaw Worm","floor":1,"turns":3},{"damage":10,"enemies":"conspire:RoseBush","floor":4,"turns":3},{"damage":44,"enemies":"3 Sentries","floor":6,"turns":15},{"damage":0,"enemies":"HollowMod:MossKnight","floor":7,"turns":4},{"damage":0,"enemies":"Gremlin Nob","floor":8,"turns":4},{"damage":1,"enemies":"Lagavulin","floor":10,"turns":6},{"damage":2,"enemies":"infinitespire:Voidling","floor":11,"turns":3},{"damage":43,"enemies":"Gremlin Nob","floor":15,"turns":4},{"damage":0,"enemies":"Blue Slaver","floor":16,"turns":2},{"damage":16,"enemies":"Slime Boss","floor":18,"turns":8},{"damage":0,"enemies":"Shell Parasite","floor":20,"turns":4},{"damage":0,"enemies":"Slavers","floor":23,"turns":4},{"damage":4,"enemies":"HollowMod:Nosk","floor":25,"turns":7},{"damage":0,"enemies":"conspire:Head Lice","floor":26,"turns":5},{"damage":0,"enemies":"Gremlin Leader","floor":29,"turns":6},{"damage":0,"enemies":"conspire:Head Lice","floor":31,"turns":5},{"damage":0,"enemies":"3 Byrds","floor":32,"turns":2},{"damage":0,"enemies":"Book of Stabbing","floor":33,"turns":7},{"damage":2,"enemies":"Collector","floor":35,"turns":10},{"damage":0,"enemies":"3 Shapes","floor":37,"turns":3},{"damage":7,"enemies":"Orb Walker","floor":40,"turns":4},{"damage":0,"enemies":"Reptomancer","floor":42,"turns":7},{"damage":4,"enemies":"R_Hoarder","floor":44,"turns":13},{"damage":0,"enemies":"Reptomancer","floor":46,"turns":8},{"damage":0,"enemies":"Transient","floor":47,"turns":9},{"damage":0,"enemies":"R_Hoarder","floor":48,"turns":10},{"damage":6,"enemies":"Transient","floor":49,"turns":5},{"damage":10,"enemies":"Nemesis","floor":50,"turns":6},{"damage":0,"enemies":"Awakened One","floor":52,"turns":17}],"seed_played":"-5654215636562414744","potions_obtained":[{"floor":1,"key":"potionbrewer:BoundlessPotion"},{"floor":7,"key":"Poison Potion"},{"floor":8,"key":"champ:CounterPotion"},{"floor":10,"key":"blueLaboratory:FruitPreserves"},{"floor":11,"key":"blueLaboratory:BottleOfRum"},{"floor":20,"key":"blueLaboratory:EnragingPotion"},{"floor":23,"key":"Milkshake"},{"floor":26,"key":"PowerPotion"},{"floor":33,"key":"SneckoOil"},{"floor":40,"key":"Venom Potion"},{"floor":42,"key":"champ:CounterPotion"}],"is_trial":true,"path_per_floor":["M","?","?","M","?","E","E","E","T","E","M","$","PTL","PTL","E","M","R","B",null,"M","?","?","E","$","E","E","T","T","E","R","E","M","E","R","B",null,"M","$","?","M","?","E","R","E","T","E","MIM","E","M","E","R","B",null],"character_chosen":"THE_SILENT","items_purchased":["MerchantsRug","Durian","Backstab","Defy","champ:DeflectingBracers","Cloak And Dagger","reliquary:OuijaBoard","Leg Sweep+1"],"campfire_rested":1,"item_purchase_floors":[12,12,12,24,24,24,38,38],"current_hp_per_floor":[170,170,170,160,160,116,116,116,116,115,113,118,118,118,77,77,129,113,275,275,275,275,275,275,271,271,271,271,271,271,285,285,285,285,283,389,389,389,389,382,382,382,382,378,378,378,378,378,379,369,369,375],"gold":253,"neow_bonus":"","is_daily":false,"chose_seed":false,"campfire_upgraded":4,"win_rate":0.0,"timestamp":1613187860,"path_taken":["M","?","?","?","?","E","?","E","T","E","M","$","PTL","PTL","E","M","R","BOSS","M","?","?","?","$","E","?","?","T","E","R","E","?","E","R","BOSS","M","$","?","?","?","E","R","?","T","E","?","E","M","E","R","BOSS"],"items_purchased_type":["Relic","Relic","Card","Card","Relic","Card","Relic","Card"],"build_version":"2020-12-22","purchased_purges":1,"victory":true,"max_hp_per_floor":[170,170,170,170,170,170,170,170,170,170,170,175,175,175,175,175,175,175,275,275,275,275,275,275,275,275,275,275,275,275,289,289,289,289,289,389,389,389,389,389,389,389,389,389,389,389,389,389,389,389,389,389],"card_choices":[{"not_picked":[],"picked":"ShatteredReality","floor":20},{"not_picked":[],"picked":"Deny","floor":23},{"not_picked":["Duplication"],"picked":"SKIP","floor":25},{"not_picked":["SoulSculpture"],"picked":"SKIP","floor":26},{"not_picked":[],"picked":"ReplayTheSpireMod:Necrosis+1","floor":29},{"not_picked":[],"picked":"Adrenaline+1","floor":31},{"not_picked":["ShatteredReality"],"picked":"SKIP","floor":32},{"not_picked":[],"picked":"LightFlow","floor":33},{"not_picked":[],"picked":"Envenom","floor":35},{"not_picked":["hubris:SlightOfHand+1"],"picked":"SKIP","floor":37},{"not_picked":[],"picked":"Dodge and Roll+1","floor":40},{"not_picked":["Storm of Steel+1"],"picked":"SKIP","floor":42},{"not_picked":[],"picked":"Dilation+1","floor":44},{"not_picked":["Deny+1"],"picked":"SKIP","floor":46},{"not_picked":["Glass Knife"],"picked":"SKIP","floor":48},{"not_picked":["Dagger Spray"],"picked":"SKIP","floor":49},{"not_picked":["Solidify+1"],"picked":"SKIP","floor":50}],"player_experience":573479,"relics_obtained":[{"floor":1,"key":"LetterFromLob"},{"floor":7,"key":"reliquary:BoilingFlask"},{"floor":8,"key":"White Beast Statue"},{"floor":9,"key":"reliquary:PartyBalloon"},{"floor":10,"key":"aspiration:AnachronicSnailShell"},{"floor":22,"key":"hubris:AncientText"},{"floor":23,"key":"conspire:Flyswatter"},{"floor":25,"key":"Replay:Bottled Flurry"},{"floor":26,"key":"Dream Catcher"},{"floor":27,"key":"potionbrewer:BottledElixir"},{"floor":28,"key":"Replay:Rubber Ducky"},{"floor":29,"key":"Toxic Egg 2"},{"floor":31,"key":"Mango"},{"floor":33,"key":"hubris:AstralHammer"},{"floor":42,"key":"Vampiric Spirits"},{"floor":44,"key":"Replay:Kaleidoscope"},{"floor":45,"key":"hubris:MysteriousPyramids"},{"floor":46,"key":"hexamod:BolsterEngine"},{"floor":48,"key":"Grinning Jar"},{"floor":50,"key":"aspiration:HatOfInfinitePower"}],"event_choices":[{"damage_healed":0,"gold_gain":100,"player_choice":"Pray","damage_taken":0,"max_hp_gain":0,"max_hp_loss":0,"event_name":"Golden Shrine","floor":3,"gold_loss":0},{"cards_removed":["Catalyst"],"damage_healed":0,"gold_gain":0,"player_choice":"Card Removal","damage_taken":0,"max_hp_gain":0,"max_hp_loss":0,"event_name":"Wheel of Change","floor":5,"gold_loss":0},{"damage_healed":0,"gold_gain":0,"player_choice":"1 cards matched","damage_taken":0,"max_hp_gain":0,"max_hp_loss":0,"event_name":"Match and Keep!","floor":21,"gold_loss":0,"cards_obtained":["Duplication"]},{"damage_healed":0,"gold_gain":0,"player_choice":"Relic","damage_taken":0,"max_hp_gain":0,"max_hp_loss":0,"event_name":"Wheel of Change","floor":22,"gold_loss":0},{"damage_healed":0,"gold_gain":0,"player_choice":"1 cards matched","damage_taken":0,"max_hp_gain":0,"max_hp_loss":0,"event_name":"Match and Keep!","floor":41,"gold_loss":0,"cards_obtained":["Dark Shackles"]}],"is_beta":false,"boss_relics":[{"not_picked":["conspire:SlowCooker","Fusion Hammer"],"picked":"aspiration:ServantSkillbook"},{"not_picked":["Snecko Scales","Painkiller Herb"],"picked":"Ring of Chaos"}],"items_purged_floors":[12],"is_endless":false,"potions_floor_spawned":[1,7,8,10,11,20,23,26,33,40,42],"ascension_level":0}}