{"host":"onjcd8pn3ar4eq0z","time":1613203435,"event":{"mods":["2.2 Compatiblity","AchievementEnabler","Act Like it!","Aspiration","BaseMod","Beaked The Cultist","Become a monster ???","Bestiary","Better Note","Better Third Choice","BetterRewards","CapriCore","ChefMod","Colored Map","Colored Powertips","Conspire","Curses Come First","Downfall","Friendly Minions","Gensokyo","GifTheSpireLib","Gremlin Mod","Hallownest","Hermit","Highlight Path","Hubris","Infinite Spire","Jorbs\u0027s Wanderer Trilogy","Koishi","Lobotomy","LobotomyExtend","Marisa????????","Mimic Mod","Minty Spire (QoL Compilation)","Pale of the Ancients","Potionbrewer","Quick Restart","Relic Sorter","Reliquary","Remilia??????","Replay The Spire","Shop Mod","Spicy Shops","StSLib","Synergy Search","The Administrix","The Animator","The Blue Laboratory","The Bug Knight","The Construct","The Cursed","The Disciple","The Gatherer","The Hierophant","The Immortal","The Mystic","The Necromancer","The Runesmith","The Sage","The Servant 0.9.4","TheBandit","TheSwordswoman","Waifu the Spire","Wandering Minibosses","Yuyuko","noobMod"],"gold_per_floor":[99,118,138,174,210,210,210,243,267,293,293,337,237,301,301,301,333,445,445,245,281,381,50,80,80,80],"floor_reached":25,"language":"ENG","playtime":2562,"items_purged":[],"score":253,"play_id":"cb59d3cb-ee7b-4f33-a5a5-37bf4f83d33a","local_time":"20210213020355","is_ascension_mode":false,"campfire_choices":[{"floor":1,"key":"DIG"},{"data":"hierophant:ChurchCoffers","floor":11,"key":"SMITH"},{"floor":13,"key":"RECALL"}],"circlet_count":0,"master_deck":["hierophant:Strike_Hierophant","hierophant:Strike_Hierophant","hierophant:Strike_Hierophant","hierophant:Punish","hierophant:Defend_Hierophant+1","hierophant:Defend_Hierophant","hierophant:Defend_Hierophant","hierophant:Defend_Hierophant","hierophant:ChurchCoffers+1","hierophant:Doubloon","hierophant:Doubloon","hierophant:Dazzle","hierophant:Smite","hierophant:Patience","hierophant:MorningPrayer","hierophant:RepressedViolence","hierophant:Zeal","hierophant:DisplayOfPower","hierophant:PassingBell","hierophant:DivineIntervention","hierophant:ArchangelShield","hierophant:Shelter","hierophant:Endure","hierophant:SealAway","hierophant:MorningPrayer"],"relics":["hierophant:PropheticMaskRelic","ice","Toy Ornithopter","LetterFromLob","reliquary:PorcupineQuills","MealTicket","downfall:HeartBlessingGreen","MagicBullet_r","HonorFeather","aspiration:SecretTechniqueScroll","downfall:HeartBlessingRed","downfall:HeartBlessingBlue","ReplayFunnel","MerchantsRug","Medical Kit","conspire:TopHat"],"acts_visited":["Exordium","TheCity"],"potions_floor_usage":[],"damage_taken":[{"damage":2,"enemies":"Cultist","floor":2,"turns":5},{"damage":0,"enemies":"2 Louse","floor":3,"turns":2},{"damage":0,"enemies":"Small Slimes","floor":4,"turns":5},{"damage":14,"enemies":"Exordium Thugs","floor":5,"turns":6},{"damage":0,"enemies":"Gremlin Gang","floor":8,"turns":3},{"damage":5,"enemies":"Lots of Slimes","floor":10,"turns":3},{"damage":51,"enemies":"Lagavulin","floor":12,"turns":10},{"damage":0,"enemies":"Red Slaver","floor":14,"turns":7},{"damage":66,"enemies":"Red Slaver","floor":15,"turns":3},{"damage":0,"enemies":"Red Slaver","floor":17,"turns":1},{"damage":0,"enemies":"WA_ARCHETYPE_RETAIN","floor":18,"turns":3},{"damage":0,"enemies":"3 Byrds","floor":21,"turns":2},{"damage":0,"enemies":"downfall:FleeingMerchant","floor":23,"turns":4},{"damage":0,"enemies":"Spheric Guardian","floor":24,"turns":1},{"damage":253,"enemies":"Cultist and Chosen","floor":25,"turns":1}],"seed_played":"-2518466798273849374","potions_obtained":[{"floor":2,"key":"sneckomod:MuddlingPotion"},{"floor":3,"key":"sneckomod:MuddlingPotion"},{"floor":5,"key":"Strength Potion"},{"floor":17,"key":"blueLaboratory:BubblePotion"}],"is_trial":false,"path_per_floor":["R_BF","M","M","M","M","PTL","PTL","M","T","M","R","E","R","MIM","M","?","M","B",null,"R_BF","M","?","$","M","M"],"character_chosen":"HIEROPHANT","items_purchased":["ReplayFunnel","MerchantsRug","hierophant:SealAway","Medical Kit","conspire:TopHat"],"campfire_rested":0,"item_purchase_floors":[23,23,23,23,23],"current_hp_per_floor":[82,80,80,80,66,66,66,66,66,61,61,82,82,82,87,87,87,90,90,100,100,100,116,116,0,0],"gold":80,"neow_bonus":"TEN_PERCENT_HP_BONUS","is_daily":false,"chose_seed":false,"campfire_upgraded":1,"win_rate":0.0,"timestamp":1613203435,"path_taken":["R_BF","M","M","M","?","PTL","PTL","M","T","M","R","E","R","?","M","?","M","BOSS","R_BF","M","?","?","M","?"],"items_purchased_type":["Relic","Relic","Card","Relic","Relic"],"build_version":"2020-12-22","purchased_purges":0,"victory":false,"max_hp_per_floor":[82,82,82,82,82,82,82,82,82,82,82,82,82,85,87,87,87,90,90,100,100,100,116,116,116,116],"card_choices":[{"not_picked":["hierophant:MirrorShield","hierophant:Shelter"],"picked":"hierophant:Doubloon","floor":2},{"not_picked":["hierophant:TollTheBells","hierophant:Sermon"],"picked":"hierophant:Dazzle","floor":3},{"not_picked":["hierophant:Martyrdom","hierophant:DivineIntervention"],"picked":"hierophant:Smite","floor":4},{"not_picked":["hierophant:TollTheBells","hierophant:ArchangelShield"],"picked":"hierophant:Patience","floor":5},{"not_picked":["hierophant:PassingBell","hierophant:Doubloon"],"picked":"hierophant:MorningPrayer","floor":8},{"not_picked":["hierophant:Upheaval","hierophant:PristineSoul"],"picked":"hierophant:RepressedViolence","floor":10},{"not_picked":["hierophant:Remorse","hierophant:HammerAndAnvil"],"picked":"hierophant:Zeal","floor":12},{"not_picked":["hierophant:DeathKnell","hierophant:FieryStrike"],"picked":"hierophant:DisplayOfPower","floor":14},{"not_picked":["hierophant:Embezzle","hierophant:Remorse"],"picked":"hierophant:PassingBell","floor":17},{"not_picked":["hierophant:DeathKnell","hierophant:WrathOfGod"],"picked":"hierophant:DivineIntervention","floor":18},{"not_picked":["hierophant:DisplayOfPower","hierophant:MintersHammer"],"picked":"hierophant:Shelter","floor":21},{"not_picked":["hierophant:SealAway","hierophant:Alms"],"picked":"hierophant:Endure","floor":23},{"not_picked":["hierophant:Encroach+1","hierophant:Batter"],"picked":"hierophant:MorningPrayer","floor":24}],"player_experience":582502,"relics_obtained":[{"floor":1,"key":"Toy Ornithopter"},{"floor":2,"key":"LetterFromLob"},{"floor":9,"key":"reliquary:PorcupineQuills"},{"floor":12,"key":"MealTicket"}],"event_choices":[],"is_beta":false,"boss_relics":[{"not_picked":["reliquary:Craggleroot","hubris:CrackedHourglass"],"picked":"aspiration:SecretTechniqueScroll"}],"items_purged_floors":[],"is_endless":false,"potions_floor_spawned":[2,3,5,17,18,21],"killed_by":"Cultist and Chosen","ascension_level":0}}