{"host":"yn1175etg9ni8l0q","time":1613216949,"event":{"mods":["AchievementEnabler","BaseMod","Colored Map","Colored Powertips","DeckTracker","Minty Spire (QoL Compilation)","Rare Cards Sparkle","Relic Stats","SuperFastMode","everything is the same but u backflip on backflip"],"gold_per_floor":[116,116,116,116,136,167,190,190,217,231,231,246,246,261,261,380,380,395,310,310,41,140,153,178,178,204,204,227,240,283,116,116,244,244,269,285,306,37,0,0,0,0,300,300,3,3,3,336,336,336],"floor_reached":51,"language":"KOR","playtime":971,"items_purged":["Strike_B","Defend_B","Defend_B","Defend_B"],"score":713,"play_id":"03e15e1e-87e1-4d34-9b2f-153bc0d792a4","local_time":"20210213204909","is_ascension_mode":false,"campfire_choices":[{"data":"Zap","floor":8,"key":"SMITH"},{"data":"Coolheaded","floor":11,"key":"SMITH"},{"data":"Dualcast","floor":15,"key":"SMITH"},{"floor":25,"key":"REST"},{"data":"Apotheosis","floor":27,"key":"SMITH"},{"floor":32,"key":"REST"},{"data":"Consume","floor":40,"key":"SMITH"},{"data":"Loop","floor":42,"key":"SMITH"},{"data":"Skim","floor":47,"key":"SMITH"},{"floor":49,"key":"REST"}],"circlet_count":0,"master_deck":["Strike_B+1","Zap+1","Dualcast+1","BootSequence","Defend_R+1","Coolheaded+1","Ball Lightning","Turbo","Core Surge","Apotheosis+1","Consume+1","Loop+1","Core Surge","Skim+1","Secret Technique","Secret Technique"],"relics":["Cracked Core","NeowsBlessing","Whetstone","Potion Belt","Inserter","Art of War","Orichalcum","Emotion Chip","Nuclear Battery","PreservedInsect","Red Mask","Old Coin","Medical Kit"],"acts_visited":["Exordium","TheCity","TheBeyond"],"potions_floor_usage":[23,24,50,50],"damage_taken":[{"damage":0.0,"enemies":"Jaw Worm","floor":1.0,"turns":1.0},{"damage":0.0,"enemies":"2 Louse","floor":5.0,"turns":1.0},{"damage":0.0,"enemies":"Gremlin Nob","floor":6.0,"turns":1.0},{"damage":0,"enemies":"Cultist","floor":7,"turns":3},{"damage":12,"enemies":"Large Slime","floor":10,"turns":6},{"damage":8,"enemies":"Exordium Wildlife","floor":12,"turns":3},{"damage":0,"enemies":"2 Fungi Beasts","floor":14,"turns":2},{"damage":33,"enemies":"The Guardian","floor":16,"turns":14},{"damage":25,"enemies":"3 Byrds","floor":18,"turns":5},{"damage":6,"enemies":"2 Thieves","floor":23,"turns":4},{"damage":31,"enemies":"3 Cultists","floor":24,"turns":5},{"damage":5,"enemies":"Chosen and Byrds","floor":28,"turns":6},{"damage":0,"enemies":"Sentry and Sphere","floor":29,"turns":5},{"damage":41,"enemies":"Slavers","floor":30,"turns":6},{"damage":11,"enemies":"Champ","floor":33,"turns":9},{"damage":12,"enemies":"3 Darklings","floor":35,"turns":6},{"damage":1,"enemies":"3 Shapes","floor":36,"turns":4},{"damage":20,"enemies":"Jaw Worm Horde","floor":37,"turns":5},{"damage":54,"enemies":"Donu and Deca","floor":50,"turns":8}],"seed_played":"-5209652459821346069","potions_obtained":[{"floor":10,"key":"AttackPotion"},{"floor":14,"key":"FairyPotion"},{"floor":16,"key":"FearPotion"},{"floor":18,"key":"Block Potion"},{"floor":29,"key":"Ancient Potion"},{"floor":30,"key":"Ancient Potion"},{"floor":37,"key":"GamblersBrew"}],"is_trial":false,"path_per_floor":["M","?","?","?","M","E","M","R","T","M","R","M","?","M","R","B",null,"M","?","?","$","?","M","M","R","T","R","M","M","E","$","R","B",null,"M","M","M","$","?","R","$","R","T","?","$","?","R","?","R","B",null],"character_chosen":"DEFECT","items_purchased":["Apotheosis","Loop","PreservedInsect","Medical Kit"],"campfire_rested":3,"item_purchase_floors":[21,31,38,45],"current_hp_per_floor":[75,57,62,62,62,62,62,62,62,50,50,42,35,35,35,2,80,55,55,39,39,39,33,2,26,26,26,21,21,8,8,32,21,80,68,67,47,47,47,47,47,47,47,47,47,37,37,37,61,7],"gold":336,"neow_bonus":"THREE_ENEMY_KILL","is_daily":false,"chose_seed":false,"campfire_upgraded":7,"win_rate":0.0,"timestamp":1613216949,"path_taken":["M","?","?","?","M","E","M","R","T","?","R","M","?","M","R","BOSS","M","?","?","$","?","M","M","R","T","R","M","M","E","$","R","BOSS","M","M","M","$","?","R","$","R","T","?","$","?","R","?","R","BOSS"],"items_purchased_type":["Card","Card","Relic","Relic"],"build_version":"2020-12-22","purchased_purges":4,"victory":true,"max_hp_per_floor":[75,75,80,80,80,80,80,80,80,80,80,80,80,80,80,80,80,80,80,80,80,80,80,80,80,80,80,80,80,80,80,80,80,80,80,80,80,80,80,80,80,80,80,80,80,80,80,80,80,80],"relic_stats":{"Emotion Chip":[34,19,9,0,6],"Inserter":[31],"counters":[19,94],"PreservedInsect":0,"Art of War":[7],"Whetstone":["Strike_B","Strike_B"],"Orichalcum":[60],"Medical Kit":[4],"obtain_stats":[{"Potion Belt":9,"Inserter":17,"NeowsBlessing":0,"Golden Idol":2,"PreservedInsect":38,"Whetstone":6,"Orichalcum":26,"Medical Kit":45,"Nuclear Battery":34,"Old Coin":43,"Emotion Chip":30,"Art of War":19,"Red Mask":39,"Cracked Core":0},{"Potion Belt":4,"Inserter":8,"NeowsBlessing":0,"Golden Idol":1,"PreservedInsect":18,"Whetstone":3,"Orichalcum":11,"Medical Kit":18,"Nuclear Battery":15,"Old Coin":18,"Emotion Chip":14,"Art of War":9,"Red Mask":18,"Cracked Core":0},{"Potion Belt":6,"Inserter":31,"NeowsBlessing":0,"Golden Idol":1,"PreservedInsect":86,"Whetstone":3,"Orichalcum":45,"Medical Kit":86,"Nuclear Battery":71,"Old Coin":86,"Emotion Chip":62,"Art of War":36,"Red Mask":86,"Cracked Core":0}]},"card_choices":[{"not_picked":["Redo","Conserve Battery"],"picked":"BootSequence","floor":1.0},{"not_picked":["Fusion","Blizzard"],"picked":"Coolheaded","floor":5.0},{"not_picked":["Steam Power","Steam"],"picked":"Ball Lightning","floor":6},{"not_picked":["Conserve Battery","Coolheaded"],"picked":"Turbo","floor":7},{"not_picked":["Redo","Hologram","Rebound"],"picked":"SKIP","floor":10},{"not_picked":["Fusion","Sweeping Beam","Chaos"],"picked":"SKIP","floor":12},{"not_picked":["Stack","Barrage","Fusion"],"picked":"SKIP","floor":14},{"not_picked":["Hyperbeam","Reboot"],"picked":"Core Surge","floor":16},{"not_picked":["Redo","Leap","Reprogram"],"picked":"SKIP","floor":18},{"not_picked":["Auto Shields+1","Go for the Eyes+1"],"picked":"Consume","floor":23},{"not_picked":["Force Field+1","Storm","Heatsinks"],"picked":"SKIP","floor":24},{"not_picked":["Sunder+1","Rebound+1","Conserve Battery"],"picked":"SKIP","floor":28},{"not_picked":["Beam Cell","Conserve Battery","Streamline"],"picked":"SKIP","floor":29},{"not_picked":["Conserve Battery","Rainbow","Reprogram"],"picked":"SKIP","floor":30},{"not_picked":["Creative AI","Hyperbeam"],"picked":"Core Surge","floor":33},{"not_picked":["Redo","Cold Snap"],"picked":"Skim","floor":35},{"not_picked":["Aggregate","Conserve Battery","Gash+1"],"picked":"SKIP","floor":36},{"not_picked":["Sunder","Rip and Tear+1","Double Energy"],"picked":"SKIP","floor":37},{"not_picked":["PanicButton","Swift Strike"],"picked":"Secret Technique","floor":46},{"not_picked":["Blind","Finesse"],"picked":"Secret Technique","floor":46}],"player_experience":378802,"relics_obtained":[{"floor":6,"key":"Whetstone"},{"floor":9,"key":"Potion Belt"},{"floor":26,"key":"Orichalcum"},{"floor":30,"key":"Emotion Chip"},{"floor":43,"key":"Old Coin"}],"event_choices":[{"damage_healed":0.0,"max_hp_gain":0.0,"max_hp_loss":0.0,"gold_gain":0.0,"event_name":"Golden Idol","player_choice":"Take Damage","floor":2.0,"gold_loss":0.0,"damage_taken":18.0,"relics_obtained":["Golden Idol"]},{"damage_healed":0.0,"max_hp_gain":5.0,"max_hp_loss":0.0,"gold_gain":0.0,"event_name":"Big Fish","player_choice":"Donut","floor":3.0,"gold_loss":0.0,"damage_taken":0.0},{"cards_removed":["Defend_B"],"damage_healed":0.0,"max_hp_gain":0.0,"max_hp_loss":0.0,"gold_gain":0.0,"event_name":"NoteForYourself","player_choice":"Took Card","floor":4.0,"gold_loss":0.0,"damage_taken":0.0,"cards_obtained":["Defend_R"]},{"cards_removed":["Strike_B"],"damage_healed":0,"gold_gain":0,"player_choice":"Card Removal","damage_taken":7,"max_hp_gain":0,"max_hp_loss":0,"event_name":"Golden Wing","floor":13,"gold_loss":0},{"damage_healed":0,"gold_gain":0,"player_choice":"Obtained Relic","damage_taken":0,"relics_obtained":["Art of War"],"max_hp_gain":0,"max_hp_loss":0,"event_name":"Addict","floor":19,"gold_loss":85},{"damage_healed":0,"gold_gain":0,"player_choice":"Obtained Book","damage_taken":16,"max_hp_gain":0,"max_hp_loss":0,"event_name":"Cursed Tome","floor":20,"gold_loss":0},{"damage_healed":0,"gold_gain":99,"player_choice":"Stole From Cult","damage_taken":0,"max_hp_gain":0,"max_hp_loss":0,"event_name":"Nest","floor":22,"gold_loss":0},{"damage_healed":0,"gold_gain":0,"player_choice":"Paid","damage_taken":0,"relics_obtained":["Red Mask"],"max_hp_gain":0,"max_hp_loss":0,"event_name":"Tomb of Lord Red Mask","floor":39,"gold_loss":37},{"cards_removed":["Strike_B"],"damage_healed":0,"gold_gain":0,"player_choice":"Removed Attack","damage_taken":0,"max_hp_gain":0,"max_hp_loss":0,"event_name":"Falling","floor":44,"gold_loss":0},{"damage_healed":0,"gold_gain":0,"player_choice":"Memory 3","damage_taken":10,"max_hp_gain":0,"max_hp_loss":0,"event_name":"SensoryStone","floor":46,"gold_loss":0},{"damage_healed":0,"gold_gain":333,"player_choice":"Gave Idol","damage_taken":0,"max_hp_gain":0,"max_hp_loss":0,"event_name":"The Moai Head","floor":48,"relics_lost":["Golden Idol"],"gold_loss":0}],"is_beta":false,"boss_relics":[{"not_picked":["Runic Pyramid","Sozu"],"picked":"Inserter"},{"not_picked":["Calling Bell","Philosopher\u0027s Stone"],"picked":"Nuclear Battery"}],"items_purged_floors":[21,31,38,45],"is_endless":false,"potions_floor_spawned":[10,14,16,18,29,30,37],"ascension_level":0}}