{"host":"b0qfvoq9kq72bu69","time":1613194848,"event":{"mods":["BaseMod","Better Third Choice","Colored Map","Colored Powertips","DeckTracker","Ekko","Hermit","Jorbs\u0027s Wanderer Trilogy","Marisa????????","Minty Spire (QoL Compilation)","Potionbrewer","StSLib","The Cursed","The Disciple","The Gatherer","The Hierophant","The Mystic","The Runesmith","TheBandit"],"gold_per_floor":[118,118,218,236,246,257,292,292,292,304,174,174,203,223,223,319,319,337,352,371,296,314,314,342,342,366,377,153,167,20,49,49,49,49],"floor_reached":33,"language":"ENG","playtime":2216,"items_purged":[],"score":324,"play_id":"ea0b7396-8d7c-4c9d-8eee-25fed4417f28","local_time":"20210212224048","is_ascension_mode":false,"campfire_choices":[{"data":"Runesmith:ChaoticBlast","floor":8,"key":"SMITH"},{"data":"Runesmith:Firestorm","floor":12,"key":"SMITH"},{"data":"Runesmith:BackupBattery","floor":15,"key":"SMITH"},{"data":"Runesmith:CraftMagma","floor":23,"key":"SMITH"},{"floor":25,"key":"REST"},{"data":"Runesmith:UnlimitedPower","floor":32,"key":"SMITH"}],"circlet_count":0,"master_deck":["Runesmith:Strike_RS","Runesmith:Strike_RS","Runesmith:Strike_RS","Runesmith:Defend_RS","Runesmith:Defend_RS","Runesmith:Defend_RS","Runesmith:CraftFirestone","Runesmith:Fortify","Runesmith:CraftMagma+1","Runesmith:ChaoticBlast+1","Runesmith:ChiselStab","Runesmith:EarthShield","Runesmith:LightningRod","Runesmith:HeatedChisel","Runesmith:Firestorm+1","Runesmith:Grindstone","Runesmith:ChiselStab","Runesmith:BackupBattery+1","Runesmith:CraftPrismatica","Runesmith:CraftProtectio","Runesmith:FieryHammer","Runesmith:Overpower","Runesmith:CraftIncendium","Runesmith:UnlimitedPower+1"],"relics":["Runesmith:BrokenRuby","Peace Pipe","Mango","Gambling Chip","Sozu","Toy Ornithopter","Runesmith:MiniCore","TheAbacus","Lee\u0027s Waffle","Calipers"],"acts_visited":["Exordium","TheCity"],"potions_floor_usage":[27],"damage_taken":[{"damage":0,"enemies":"2 Louse","floor":1,"turns":4},{"damage":5,"enemies":"Jaw Worm","floor":4,"turns":4},{"damage":0,"enemies":"Cultist","floor":5,"turns":3},{"damage":10,"enemies":"Gremlin Gang","floor":6,"turns":3},{"damage":19,"enemies":"Gremlin Nob","floor":7,"turns":4},{"damage":0,"enemies":"Exordium Wildlife","floor":10,"turns":4},{"damage":17,"enemies":"Lagavulin","floor":13,"turns":6},{"damage":7,"enemies":"Red Slaver","floor":14,"turns":2},{"damage":14,"enemies":"Slime Boss","floor":16,"turns":8},{"damage":3,"enemies":"Spheric Guardian","floor":18,"turns":6},{"damage":34,"enemies":"2 Thieves","floor":19,"turns":4},{"damage":19,"enemies":"Shelled Parasite and Fungi","floor":20,"turns":7},{"damage":10,"enemies":"Sentry and Sphere","floor":22,"turns":8},{"damage":11,"enemies":"Book of Stabbing","floor":24,"turns":7},{"damage":24,"enemies":"3 Cultists","floor":27,"turns":5},{"damage":21,"enemies":"Snake Plant","floor":29,"turns":4},{"damage":48,"enemies":"Gremlin Leader","floor":31,"turns":7},{"damage":50,"enemies":"Automaton","floor":33,"turns":6}],"seed_played":"-8621621124214047583","potions_obtained":[{"floor":5,"key":"BlessingOfTheForge"},{"floor":10,"key":"potionbrewer:BarricadePotion"},{"floor":13,"key":"Swift Potion"}],"is_trial":false,"path_per_floor":["M","?","?","M","M","M","E","R","T","M","$","R","E","M","R","B",null,"M","M","M","?","M","R","E","R","T","M","$","M","$","E","R","B"],"character_chosen":"RUNESMITH_CLASS","items_purchased":["Runesmith:Firestorm","Runesmith:Grindstone","Runesmith:ChiselStab","Runesmith:UnlimitedPower","TheAbacus","Lee\u0027s Waffle"],"campfire_rested":1,"item_purchase_floors":[11,11,11,28,28,30],"current_hp_per_floor":[77,70,70,65,65,55,36,36,50,50,50,50,33,26,26,12,91,88,54,35,35,25,25,14,41,41,22,22,1,98,50,50,0,0],"gold":49,"neow_bonus":"TEN_PERCENT_HP_BONUS","is_daily":false,"chose_seed":false,"campfire_upgraded":5,"win_rate":0.0,"timestamp":1613194848,"path_taken":["M","?","?","M","M","?","E","R","T","M","$","R","E","M","R","BOSS","M","?","M","?","M","R","E","R","T","M","$","M","?","E","R","BOSS"],"items_purchased_type":["Card","Card","Card","Card","Relic","Relic"],"build_version":"2020-12-22","purchased_purges":0,"victory":false,"max_hp_per_floor":[77,77,77,77,77,77,77,77,91,91,91,91,91,91,91,91,91,91,91,91,91,91,91,91,91,91,91,91,91,98,98,98,98,98],"card_choices":[{"not_picked":["Runesmith:MakeshiftArmor","Runesmith:Grindstone"],"picked":"Runesmith:CraftMagma","floor":1},{"not_picked":["Runesmith:WhiteBalance","Runesmith:RunicBlueprint"],"picked":"Runesmith:ChaoticBlast","floor":4},{"not_picked":["Runesmith:CraftVitae","Runesmith:HammerThrow"],"picked":"Runesmith:ChiselStab","floor":5},{"not_picked":["Runesmith:Accelerate","Runesmith:Firewall"],"picked":"Runesmith:EarthShield","floor":6},{"not_picked":["Runesmith:CraftMagma","Runesmith:Discharge"],"picked":"Runesmith:LightningRod","floor":7},{"not_picked":["Runesmith:Repurpose","Runesmith:UnstableHammer"],"picked":"Runesmith:HeatedChisel","floor":10},{"not_picked":["Runesmith:CraftObretio","Runesmith:Overpower","Runesmith:FrozenChisel"],"picked":"SKIP","floor":13},{"not_picked":["Runesmith:Refine","Runesmith:HeatExchange"],"picked":"Runesmith:BackupBattery","floor":14},{"not_picked":["Runesmith:DuctTape","Runesmith:LastStand"],"picked":"Runesmith:CraftPrismatica","floor":16},{"not_picked":["Runesmith:EarthShield","Runesmith:CraftObretio","Runesmith:Terraform"],"picked":"SKIP","floor":18},{"not_picked":["Runesmith:PoweredAnvil","Runesmith:MakeshiftArmor"],"picked":"Runesmith:CraftProtectio","floor":19},{"not_picked":["Runesmith:HeatedChisel+1","Runesmith:EnergizedChisel"],"picked":"Runesmith:FieryHammer","floor":20},{"not_picked":["Runesmith:BackupBattery","Runesmith:HeatedChisel"],"picked":"Runesmith:Overpower","floor":22},{"not_picked":["Runesmith:RuneHurl","Runesmith:BackupBattery","Runesmith:EnergizedChisel+1"],"picked":"SKIP","floor":24},{"not_picked":["Runesmith:Refine","Runesmith:EarthShield"],"picked":"Runesmith:CraftIncendium","floor":27},{"not_picked":["Runesmith:ChargedHammer","Runesmith:HeatExchange","Runesmith:Overpower"],"picked":"SKIP","floor":29},{"not_picked":["Runesmith:RuneHurl+1","Runesmith:FrozenChisel","Runesmith:ChargedHammer"],"picked":"SKIP","floor":31}],"player_experience":7832,"relics_obtained":[{"floor":7,"key":"Peace Pipe"},{"floor":9,"key":"Mango"},{"floor":13,"key":"Gambling Chip"},{"floor":24,"key":"Toy Ornithopter"},{"floor":26,"key":"Runesmith:MiniCore"},{"floor":31,"key":"Calipers"}],"event_choices":[{"cards_removed":["Runesmith:Defend_RS"],"damage_healed":0,"gold_gain":0,"player_choice":"Card Removal","damage_taken":7,"max_hp_gain":0,"max_hp_loss":0,"event_name":"Golden Wing","floor":2,"gold_loss":0},{"damage_healed":0,"gold_gain":100,"player_choice":"Pray","damage_taken":0,"max_hp_gain":0,"max_hp_loss":0,"event_name":"Golden Shrine","floor":3,"gold_loss":0},{"cards_removed":["Runesmith:Strike_RS"],"damage_healed":0,"gold_gain":0,"player_choice":"Gave Gold","damage_taken":0,"max_hp_gain":0,"max_hp_loss":0,"event_name":"Beggar","floor":21,"gold_loss":75}],"is_beta":false,"boss_relics":[{"not_picked":["SlaversCollar","potionbrewer:BhaskarasWheel"],"picked":"Sozu"}],"items_purged_floors":[],"is_endless":false,"potions_floor_spawned":[5,10,13,16,20,24,31],"killed_by":"Automaton","ascension_level":0}}