{"host":"6jrnojxwearbrjzo","time":1613232527,"event":{"mods":["BaseMod","Conspire","Minty Spire (QoL Compilation)","MostiFishMod","Quick Restart","Random Character Button","Spicy Shops","StSLib","The Servant 0.9.4","[功能]功能增强和修复MOD","篝火指南"],"gold_per_floor":[118,118,3,3,3,41,41,75,101,117,157,180,180,194,194,324,324,342,342,77,93,129,167,167,167,167,167,167,292,125,140,140,275,275,299,264,264,208,280,311,311,349,395,395,617,300,300,300,300,300],"floor_reached":51,"language":"ZHS","playtime":2281,"items_purged":["Injury","Normality","Defend_S","Strike_S","Strike_S","Defend_S","Defend_S","Writhe","Strike_S","Strike_S+1","Defend_S+1","TimeWarp","Moondial+1","FastForward+1","Misdirection+1"],"score":1347,"play_id":"4fa7b92c-a950-43f8-823e-3267e24f0f94","local_time":"20210214000847","is_ascension_mode":true,"campfire_choices":[{"data":"Potential","floor":7,"key":"SMITH"},{"data":"Unruled","floor":15,"key":"SMITH"},{"floor":25,"key":"DIG"},{"data":"TimeWarp","floor":32,"key":"SMITH"},{"data":"Luminosity","floor":44,"key":"SMITH"},{"data":"PendulumOfEternity","floor":47,"key":"SMITH"},{"floor":49,"key":"DIG"}],"circlet_count":0,"master_deck":["Exchange+1","Potential+1","Replace+1","Alleviate+1","Potential+1","SpecialFormula+1","Luminosity+1","TimeWarp+1","Shuttle+1","Dilation+1","ShatteredReality+1","PendulumOfEternity+1"],"relics":["Uniform","DaveBox","SynthV","DianPoetry","SynthV:TestCard","Golden Idol","Lee\u0027s Waffle","Bag of Marbles","Toxic Egg 2","Art of War","The Courier","Lantern","Bag of Preparation","Black Star","MealTicket","BirthdayGift-Tetrahedron","Omamori","War Paint","Shovel","Red Mask","conspire:DecoderRing","Juzu Bracelet","OldScarf","Calipers","FossilizedHelix","Shuriken","Potion Belt","ThornShield","CeramicFish","Pear","Dodecahedron","ExusiaiGun","Chemical X","Akabeko","ChiLing","Chi","Ling","Toy Ornithopter","Ice Cream","Blood Vial","Smiling Mask","SynthV:C4","Gremlin Horn","Whetstone","Strange Spoon","conspire:DeflatedDodgeball","ImprovedEquipment","PreservedInsect","Strawberry","Oddly Smooth Stone","Mango"],"acts_visited":["Exordium","TheCity","TheBeyond"],"potions_floor_usage":[6,8,8,16,18,23,33,50],"damage_taken":[{"damage":2,"enemies":"Jaw Worm","floor":1,"turns":3},{"damage":16,"enemies":"Lagavulin","floor":6,"turns":3},{"damage":0,"enemies":"3 Sentries","floor":8,"turns":4},{"damage":0,"enemies":"2 Louse","floor":10,"turns":1},{"damage":0,"enemies":"Lagavulin","floor":11,"turns":3},{"damage":0,"enemies":"Cultist","floor":12,"turns":1},{"damage":0,"enemies":"Blue Slaver","floor":14,"turns":1},{"damage":0,"enemies":"Slime Boss","floor":16,"turns":3},{"damage":0,"enemies":"3 Byrds","floor":18,"turns":2},{"damage":2,"enemies":"Shell Parasite","floor":21,"turns":2},{"damage":0,"enemies":"Masked Bandits","floor":22,"turns":1},{"damage":0,"enemies":"Slavers","floor":23,"turns":2},{"damage":0,"enemies":"Colosseum Slavers","floor":29,"turns":1},{"damage":0,"enemies":"Colosseum Nobs","floor":29,"turns":1},{"damage":0,"enemies":"3 Cultists","floor":31,"turns":1},{"damage":0,"enemies":"Collector","floor":33,"turns":2},{"damage":1,"enemies":"3 Darklings","floor":35,"turns":2},{"damage":2,"enemies":"Mind Bloom Boss Battle","floor":39,"turns":1},{"damage":2,"enemies":"Reptomancer","floor":40,"turns":1},{"damage":2,"enemies":"Giant Head","floor":42,"turns":1},{"damage":28,"enemies":"Time Eater","floor":50,"turns":3}],"seed_played":"-4715699287045403229","potions_obtained":[{"floor":1,"key":"AttackPotion"},{"floor":1,"key":"Weak Potion"},{"floor":6,"key":"EssenceOfSteel"},{"floor":8,"key":"conspire:TimeTravelPotion"},{"floor":10,"key":"Swift Potion"},{"floor":10,"key":"SmokeBomb"},{"floor":14,"key":"DuplicationPotion"},{"floor":16,"key":"DuplicationPotion"},{"floor":16,"key":"LiquidMemories"},{"floor":18,"key":"LiquidMemories"},{"floor":23,"key":"Energy Potion"},{"floor":31,"key":"LiquidBronze"},{"floor":33,"key":"LiquidBronze"},{"floor":35,"key":"Weak Potion"}],"is_trial":false,"path_per_floor":["M","?","$","?","$","E","R","E","T","M","E","M","?","M","R","B",null,"M","?","$","M","?","E","?","R","T","?","?","?","$","M","R","B",null,"M","$","?","$","?","E","?","E","T","R","?","$","R","?","R","B",null],"character_chosen":"THE_SERVANT","items_purchased":["Lee\u0027s Waffle","Bag of Marbles","Toxic Egg 2","Potential","MealTicket","BirthdayGift-Tetrahedron","Omamori","War Paint","Shovel","Potion Belt","ThornShield","CeramicFish","Pear","Dodecahedron","Chemical X","Akabeko","ChiLing","Dilation+1","Toy Ornithopter","Strange Spoon","conspire:DeflatedDodgeball","ImprovedEquipment","PreservedInsect","Strawberry","Oddly Smooth Stone","PendulumOfEternity"],"campfire_rested":0,"item_purchase_floors":[3,3,3,3,20,20,20,20,20,30,30,30,30,30,36,36,38,38,38,46,46,46,46,46,46,46],"current_hp_per_floor":[63,63,72,72,72,56,56,56,56,56,56,56,42,50,50,58,72,72,72,72,70,70,72,72,72,72,72,72,72,82,82,82,82,82,81,82,82,82,80,78,78,76,76,76,76,85,85,77,91,78],"gold":300,"neow_bonus":"ONE_RARE_RELIC","is_daily":false,"chose_seed":false,"campfire_upgraded":5,"win_rate":0.0,"timestamp":1613232527,"path_taken":["M","?","$","?","?","E","R","E","T","M","E","?","?","M","R","BOSS","M","?","$","M","?","E","?","R","T","?","?","?","$","M","R","BOSS","M","$","?","$","?","E","?","E","T","R","?","$","R","?","R","BOSS"],"items_purchased_type":["Relic","Relic","Relic","Card","Relic","Relic","Relic","Relic","Relic","Relic","Relic","Relic","Relic","Relic","Relic","Relic","Relic","Card","Relic","Relic","Relic","Relic","Relic","Relic","Relic","Card"],"build_version":"2020-12-22","purchased_purges":15,"victory":true,"max_hp_per_floor":[65,65,72,72,72,72,72,72,72,72,72,72,72,72,72,72,72,72,72,72,72,72,72,72,72,72,72,72,72,82,82,82,82,82,82,82,82,82,82,82,78,78,78,78,78,85,85,85,99,99],"card_choices":[{"not_picked":["Read","RealityMarble"],"picked":"MoonPhase","floor":1},{"not_picked":["ShatteredReality","Comet","Desolation","Spin"],"picked":"Replace+1","floor":6},{"not_picked":["Revamp+1","Moonlight","Defy+1","Desolation"],"picked":"Unruled","floor":8},{"not_picked":["Defy+1","TimeWarp","Rearm+1","Spin"],"picked":"Alleviate+1","floor":10},{"not_picked":["Spin","TimeWarp","Alleviate+1","Revamp+1"],"picked":"Potential","floor":11},{"not_picked":["Comet","ShiftingGears+1","Read+1","Sabotage"],"picked":"SpecialFormula+1","floor":12},{"not_picked":["Sabotage","DoubleEdge","ReturningBlade","Ricochet"],"picked":"Luminosity","floor":14},{"not_picked":["Comet+1","Deadline+1","RealityMarble","Unruled+1","Desolation"],"picked":"SKIP","floor":18},{"not_picked":["Potential","Revamp+1","Rewind+1","DoubleEdge+1"],"picked":"TimeWarp","floor":21},{"not_picked":["Replace+1","TimeTheft+1","Revamp+1","Rearm+1"],"picked":"FastForward+1","floor":22},{"not_picked":["Comet","Misdirection+1","Read+1","Replace+1","Gouge+1"],"picked":"SKIP","floor":23},{"not_picked":["Starlight","Orbit","Ricochet","Revamp+1"],"picked":"Shuttle+1","floor":29},{"not_picked":["Manipulate+1","DancingSilver+1","Rearm+1","Revamp+1","Read+1"],"picked":"SKIP","floor":31},{"not_picked":["SoulSculpture","TrueSight","FloweringNight","FlawlessForm"],"picked":"MurderousAura","floor":33},{"not_picked":["Snipe+1","Spin","Defy+1","BottledTime+1","InstantArmor+1"],"picked":"SKIP","floor":35},{"not_picked":["StarChef+1","Rearm+1","Deadline+1","Replace+1"],"picked":"ShatteredReality+1","floor":39},{"not_picked":["Ricochet","Embodiment","FloweringNight","MoonPhase+1","Rewind+1"],"picked":"SKIP","floor":40},{"not_picked":["Ricochet","Replace+1","Potential","DoubleEdge","Alleviate+1"],"picked":"SKIP","floor":42}],"player_experience":134978,"relics_obtained":[{"floor":1,"key":"SynthV:TestCard"},{"floor":6,"key":"Art of War"},{"floor":8,"key":"The Courier"},{"floor":9,"key":"Lantern"},{"floor":11,"key":"Bag of Preparation"},{"floor":22,"key":"Red Mask"},{"floor":23,"key":"conspire:DecoderRing"},{"floor":23,"key":"Juzu Bracelet"},{"floor":25,"key":"OldScarf"},{"floor":26,"key":"Calipers"},{"floor":29,"key":"FossilizedHelix"},{"floor":29,"key":"Shuriken"},{"floor":39,"key":"Ice Cream"},{"floor":40,"key":"Blood Vial"},{"floor":40,"key":"Smiling Mask"},{"floor":42,"key":"SynthV:C4"},{"floor":42,"key":"Gremlin Horn"},{"floor":43,"key":"Whetstone"},{"floor":49,"key":"Mango"}],"event_choices":[{"damage_healed":0,"gold_gain":0,"player_choice":"Take Wound","damage_taken":0,"relics_obtained":["Golden Idol"],"max_hp_gain":0,"max_hp_loss":0,"event_name":"Golden Idol","floor":2,"gold_loss":0,"cards_obtained":["Injury"]},{"damage_healed":0,"gold_gain":0,"player_choice":"Entered Light","damage_taken":14,"max_hp_gain":0,"max_hp_loss":0,"event_name":"Shining Light","floor":13,"gold_loss":0,"cards_upgraded":["Potential","Strike_S"]},{"damage_healed":0,"gold_gain":0,"player_choice":"Read","damage_taken":0,"max_hp_gain":0,"max_hp_loss":0,"event_name":"The Library","floor":19,"gold_loss":0,"cards_obtained":["TimeWarp"]},{"damage_healed":0,"gold_gain":0,"player_choice":"Fought Bandits","damage_taken":0,"max_hp_gain":0,"max_hp_loss":0,"event_name":"Masked Bandits","floor":22,"gold_loss":0},{"cards_removed":["Unruled"],"damage_healed":0,"gold_gain":0,"player_choice":"Elegance","damage_taken":0,"max_hp_gain":0,"max_hp_loss":0,"event_name":"Back to Basics","floor":24,"gold_loss":0},{"damage_healed":0,"gold_gain":0,"cards_transformed":["KidneyShot","MoonPhase"],"player_choice":"Became Test Subject","damage_taken":0,"max_hp_gain":0,"max_hp_loss":0,"event_name":"Drug Dealer","floor":27,"gold_loss":0,"cards_obtained":["Moondial","Misdirection"]},{"damage_healed":0,"gold_gain":0,"player_choice":"Ignored","damage_taken":0,"max_hp_gain":0,"max_hp_loss":0,"event_name":"Ghosts","floor":28,"gold_loss":0},{"damage_healed":0,"gold_gain":0,"player_choice":"Fight","damage_taken":0,"max_hp_gain":0,"max_hp_loss":0,"event_name":"Colosseum","floor":29,"gold_loss":0},{"damage_healed":0,"gold_gain":0,"player_choice":"Fought Nobs","damage_taken":0,"max_hp_gain":0,"max_hp_loss":0,"event_name":"Colosseum","floor":29,"gold_loss":0},{"cards_removed":["MurderousAura"],"damage_healed":0,"gold_gain":0,"player_choice":"Removed Power","damage_taken":0,"max_hp_gain":0,"max_hp_loss":0,"event_name":"Falling","floor":37,"gold_loss":0},{"damage_healed":0,"gold_gain":0,"player_choice":"Fight","damage_taken":0,"max_hp_gain":0,"max_hp_loss":0,"event_name":"MindBloom","floor":39,"gold_loss":0},{"damage_healed":0,"gold_gain":0,"player_choice":"Max HP","damage_taken":0,"max_hp_gain":0,"max_hp_loss":4,"event_name":"Winding Halls","floor":41,"gold_loss":0},{"damage_healed":0,"gold_gain":222,"player_choice":"Wore Mask","damage_taken":0,"max_hp_gain":0,"max_hp_loss":0,"event_name":"Tomb of Lord Red Mask","floor":45,"gold_loss":0},{"damage_healed":0,"gold_gain":0,"player_choice":"Damaged","damage_taken":8,"max_hp_gain":0,"max_hp_loss":0,"event_name":"Wheel of Change","floor":48,"gold_loss":0}],"is_beta":false,"boss_relics":[{"not_picked":["Empty Cage","Velvet Choker"],"picked":"Black Star"},{"not_picked":["BloodWine","Pandora\u0027s Box"],"picked":"ExusiaiGun"}],"items_purged_floors":[3,3,3,3,3,3,3,3,20,20,20,30,38,46,46],"is_endless":false,"potions_floor_spawned":[1,1,6,8,10,10,12,14,16,16,18,21,22,23,23,23,31,33,35,39,42,42,42],"ascension_level":4}}