{"host":"lv7etzzgwahaenh9","time":1613243738,"event":{"mods":["AchievementEnabler","BaseMod","Colored Map","Colored Powertips","Highlight Path","Minty Spire (QoL Compilation)","Permanent Neow","Quick Restart","Random Character Button","StSLib"],"gold_per_floor":[119,129,145,145,159,159,486,486,486,486,496,507,524,557,557,661,661,674,689,354,354,373,373,406,406,406,6,6,6,105,135,135,135,135],"floor_reached":33,"language":"ENG","playtime":1604,"items_purged":[],"score":705,"play_id":"1f46bee0-4256-4c8e-9728-391f4254449d","local_time":"20210213111538","is_ascension_mode":true,"campfire_choices":[{"data":"Neutralize","floor":6.0,"key":"SMITH"},{"data":"Blade Dance","floor":10.0,"key":"SMITH"},{"data":"Leg Sweep","floor":15.0,"key":"SMITH"},{"data":"Adrenaline","floor":23.0,"key":"SMITH"},{"data":"Ghostly","floor":25,"key":"SMITH"},{"data":"Ghostly","floor":29,"key":"SMITH"},{"data":"Cloak And Dagger","floor":32,"key":"SMITH"}],"circlet_count":0,"master_deck":["AscendersBane","Defend_G","Defend_G","Defend_G","Defend_G","Defend_G","Survivor","Neutralize+1","Poisoned Stab","Masterful Stab","Terror","Slice","Blade Dance+1","Leg Sweep+1","Corpse Explosion","Poisoned Stab","Tools of the Trade","Adrenaline+1","Cloak And Dagger+1","Leg Sweep+1","Clumsy","Deflect","Doppelganger","Ghostly+1","Ghostly+1","Ghostly","Ghostly","Ghostly","Deflect","Bite","Bite","Bite","Bite","Bite","Cloak And Dagger+1"],"relics":["WristBlade","Art of War","Old Coin","Singing Bowl","Question Card","Astrolabe","Pantograph","Bag of Marbles","Meat on the Bone","Kunai","Sling","Orichalcum"],"acts_visited":["Exordium","TheCity"],"potions_floor_usage":[24,31,31,33],"damage_taken":[{"damage":5.0,"enemies":"Cultist","floor":1.0,"turns":5.0},{"damage":3.0,"enemies":"Small Slimes","floor":2.0,"turns":5.0},{"damage":0.0,"enemies":"2 Louse","floor":3.0,"turns":1.0},{"damage":4.0,"enemies":"Large Slime","floor":5.0,"turns":3.0},{"damage":16.0,"enemies":"Gremlin Nob","floor":7.0,"turns":3.0},{"damage":0.0,"enemies":"Blue Slaver","floor":11.0,"turns":3.0},{"damage":0.0,"enemies":"3 Louse","floor":12.0,"turns":2.0},{"damage":0.0,"enemies":"2 Fungi Beasts","floor":13.0,"turns":2.0},{"damage":0.0,"enemies":"Lagavulin","floor":14.0,"turns":3.0},{"damage":0.0,"enemies":"The Guardian","floor":16.0,"turns":10.0},{"damage":1.0,"enemies":"Spheric Guardian","floor":18.0,"turns":5.0},{"damage":0.0,"enemies":"3 Byrds","floor":19.0,"turns":2.0},{"damage":14.0,"enemies":"Shelled Parasite and Fungi","floor":22.0,"turns":5.0},{"damage":0,"enemies":"Gremlin Leader","floor":24,"turns":6},{"damage":0,"enemies":"Slavers","floor":31,"turns":5},{"damage":41,"enemies":"Champ","floor":33,"turns":16}],"seed_played":"9192183638459071611","potions_obtained":[{"floor":2.0,"key":"ColorlessPotion"},{"floor":5.0,"key":"CultistPotion"},{"floor":12.0,"key":"Ancient Potion"},{"floor":14.0,"key":"Fire Potion"},{"floor":16.0,"key":"GamblersBrew"},{"floor":22.0,"key":"Dexterity Potion"},{"floor":24,"key":"Weak Potion"}],"is_trial":false,"path_per_floor":["M","M","M","?","M","R","E","?","T","R","M","M","M","E","R","B",null,"M","M","$","?","M","R","E","R","T","$","?","R","?","E","R","B"],"character_chosen":"THE_SILENT","items_purchased":["Pantograph","Doppelganger","Kunai","Sling"],"campfire_rested":0,"item_purchase_floors":[20,20,27,27],"current_hp_per_floor":[58,55,55,43,39,39,23,40,40,40,40,40,40,40,40,40,60,61,61,61,34,22,22,22,22,22,22,22,22,22,25,25,0,0],"gold":135,"neow_bonus":"BOSS_RELIC","is_daily":false,"chose_seed":false,"campfire_upgraded":7,"win_rate":0.0,"timestamp":1613243738,"path_taken":["M","M","M","?","M","R","E","?","T","R","M","M","M","E","R","BOSS","M","M","$","?","M","R","E","R","T","$","?","R","?","E","R","BOSS"],"items_purchased_type":["Relic","Card","Relic","Relic"],"build_version":"2020-12-22","purchased_purges":0,"victory":false,"max_hp_per_floor":[70,70,70,70,70,70,70,70,70,70,70,70,70,70,70,70,67,69,69,69,34,36,36,36,36,36,36,25,25,25,25,25,25,25],"card_choices":[{"not_picked":["Backflip","Well Laid Plans"],"picked":"Poisoned Stab","floor":1.0},{"not_picked":["Setup","Quick Slash"],"picked":"Masterful Stab","floor":2.0},{"not_picked":["Deadly Poison","Deflect"],"picked":"Terror","floor":3.0},{"not_picked":["Poisoned Stab","Flying Knee"],"picked":"Slice","floor":5.0},{"not_picked":["Sucker Punch","Masterful Stab"],"picked":"Blade Dance","floor":7.0},{"not_picked":["Concentrate","Flying Knee"],"picked":"Leg Sweep","floor":11.0},{"not_picked":["Poisoned Stab","Eviscerate"],"picked":"Corpse Explosion","floor":12.0},{"not_picked":["Flechettes","Prepared"],"picked":"Poisoned Stab","floor":13.0},{"not_picked":["Bane","Flying Knee"],"picked":"Tools of the Trade","floor":14.0},{"not_picked":["Corpse Explosion","Tools of the Trade","Venomology"],"picked":"Adrenaline","floor":16.0},{"not_picked":["Outmaneuver","Sucker Punch","Choke","Dodge and Roll"],"picked":"Singing Bowl","floor":18.0},{"not_picked":["Masterful Stab","Poisoned Stab","Backflip"],"picked":"Deflect","floor":19.0},{"not_picked":["Dagger Throw","Underhanded Strike","Choke","Eviscerate"],"picked":"Singing Bowl","floor":22.0},{"not_picked":["Flying Knee+1","Dagger Throw","Leg Sweep+1"],"picked":"Deflect","floor":24},{"not_picked":["Leg Sweep","Glass Knife","Riddle With Holes"],"picked":"Cloak And Dagger","floor":31}],"player_experience":363961,"relics_obtained":[{"floor":7.0,"key":"Old Coin"},{"floor":9.0,"key":"Singing Bowl"},{"floor":14.0,"key":"Question Card"},{"floor":24,"key":"Bag of Marbles"},{"floor":26,"key":"Meat on the Bone"},{"floor":31,"key":"Orichalcum"}],"event_choices":[{"damage_healed":0.0,"max_hp_gain":0.0,"max_hp_loss":0.0,"gold_gain":0.0,"event_name":"Scrap Ooze","player_choice":"Success","floor":4.0,"gold_loss":0.0,"damage_taken":12.0,"relics_obtained":["Art of War"]},{"damage_healed":17.0,"max_hp_gain":0.0,"max_hp_loss":0.0,"gold_gain":0.0,"event_name":"Mushrooms","player_choice":"Healed and dodged fight","floor":8.0,"gold_loss":0.0,"damage_taken":0.0,"cards_obtained":["Parasite"]},{"damage_healed":0.0,"max_hp_gain":0.0,"max_hp_loss":35.0,"gold_gain":0.0,"event_name":"Ghosts","player_choice":"Became a Ghost","floor":21.0,"gold_loss":0.0,"damage_taken":0.0,"cards_obtained":["Ghostly","Ghostly","Ghostly","Ghostly","Ghostly"]},{"damage_healed":0,"gold_gain":0,"player_choice":"Became a vampire","damage_taken":0,"max_hp_gain":0,"max_hp_loss":11,"event_name":"Vampires","floor":28,"gold_loss":0,"cards_obtained":["Bite","Bite","Bite","Bite","Bite"]},{"damage_healed":0,"gold_gain":99,"player_choice":"Stole From Cult","damage_taken":0,"max_hp_gain":0,"max_hp_loss":0,"event_name":"Nest","floor":30,"gold_loss":0}],"is_beta":false,"boss_relics":[{"not_picked":["Runic Dome","Black Star"],"picked":"Astrolabe"}],"items_purged_floors":[],"is_endless":false,"potions_floor_spawned":[2,5,12,14,16,22,24],"killed_by":"Champ","ascension_level":10}}