{"host":"c97twqu0op5dg8i4","time":1613175690,"event":{"mods":["AchievementEnabler","BaseMod","Colored Map","Minty Spire (QoL Compilation)","Permanent Neow"],"gold_per_floor":[119,139,314,83,158,158,187,187,187,212,226,226,47,58,58,162,162,174,174,124,138,63,63,93,93,273,297,307,307,321,354,3,3,3,104,104,115,115,165,165,180,180,206,222,78,78,78,78,103,103,3,3,3,3,3,3,3,3,3,3,3],"floor_reached":60,"language":"ENG","playtime":3508,"items_purged":["Doubt","Strike_P+1"],"score":1291,"play_id":"cd2b90c6-3898-43eb-876e-b7b50c19f5da","local_time":"20210212192130","is_ascension_mode":true,"campfire_choices":[{"data":"Eruption","floor":6.0,"key":"SMITH"},{"floor":8.0,"key":"REST"},{"floor":15.0,"key":"REST"},{"data":"Fasting2","floor":23.0,"key":"SMITH"},{"floor":25.0,"key":"REST"},{"data":"WreathOfFlame","floor":29.0,"key":"SMITH"},{"data":"Apotheosis","floor":33.0,"key":"SMITH"},{"data":"ForeignInfluence","floor":34.0,"key":"SMITH"},{"floor":42.0,"key":"REST"},{"floor":50,"key":"RECALL"},{"data":"Wallop","floor":52,"key":"SMITH"},{"floor":54,"key":"REST"},{"data":"ThirdEye","floor":55,"key":"SMITH"},{"data":"Vigilance","floor":58,"key":"SMITH"}],"circlet_count":0,"master_deck":["AscendersBane","Strike_P+1","Defend_P+1","Defend_P+1","Defend_P","Eruption+1","Vigilance+1","FlurryOfBlows","ThirdEye+1","FlurryOfBlows","Fasting2+1","Protect","Judgement","FlyingSleeves","EmptyFist","WreathOfFlame+1","EmptyBody","Tantrum","ForeignInfluence+1","SashWhip","Apotheosis+1","Ragnarok+1","Tantrum+1","Wallop+1","WreathOfFlame+1","EmptyBody+1","SandsOfTime","Wallop+1"],"relics":["PureWater","Torii","Whetstone","War Paint","Blue Candle","Orichalcum","PreservedInsect","Snecko Eye","Gremlin Horn","Ancient Tea Set","Strawberry","Lee\u0027s Waffle","Philosopher\u0027s Stone","Lizard Tail","Singing Bowl","Orrery","Yang","Akabeko"],"acts_visited":["Exordium","TheCity","TheBeyond","TheEnding"],"potions_floor_usage":[46],"damage_taken":[{"damage":0.0,"enemies":"Jaw Worm","floor":1.0,"turns":3.0},{"damage":8.0,"enemies":"2 Louse","floor":2.0,"turns":2.0},{"damage":36.0,"enemies":"Gremlin Nob","floor":7.0,"turns":5.0},{"damage":23.0,"enemies":"3 Sentries","floor":10.0,"turns":9.0},{"damage":0.0,"enemies":"Small Slimes","floor":11.0,"turns":1.0},{"damage":1.0,"enemies":"Red Slaver","floor":14.0,"turns":4.0},{"damage":5.0,"enemies":"Hexaghost","floor":16.0,"turns":11.0},{"damage":3.0,"enemies":"3 Byrds","floor":18.0,"turns":4.0},{"damage":1.0,"enemies":"Chosen","floor":21.0,"turns":3.0},{"damage":13.0,"enemies":"Gremlin Leader","floor":24.0,"turns":4.0},{"damage":8.0,"enemies":"3 Cultists","floor":28.0,"turns":6.0},{"damage":0.0,"enemies":"Cultist and Chosen","floor":30.0,"turns":2.0},{"damage":0.0,"enemies":"Book of Stabbing","floor":31.0,"turns":2.0},{"damage":59.0,"enemies":"Automaton","floor":35.0,"turns":9.0},{"damage":2.0,"enemies":"Orb Walker","floor":37.0,"turns":3.0},{"damage":9.0,"enemies":"2 Orb Walkers","floor":39.0,"turns":3.0},{"damage":21.0,"enemies":"3 Shapes","floor":41.0,"turns":3.0},{"damage":0,"enemies":"Reptomancer","floor":43,"turns":2},{"damage":7,"enemies":"Transient","floor":44,"turns":5},{"damage":0,"enemies":"Jaw Worm Horde","floor":46,"turns":1},{"damage":0,"enemies":"Giant Head","floor":49,"turns":5},{"damage":83,"enemies":"Awakened One","floor":56,"turns":9},{"damage":135,"enemies":"Shield and Spear","floor":60,"turns":3}],"seed_played":"2789642342020139452","potions_obtained":[{"floor":1.0,"key":"Ambrosia"},{"floor":10.0,"key":"FearPotion"},{"floor":16.0,"key":"GamblersBrew"},{"floor":28.0,"key":"SmokeBomb"},{"floor":39.0,"key":"SteroidPotion"},{"floor":49,"key":"BlessingOfTheForge"}],"is_trial":false,"path_per_floor":["M","M","?","$","?","R","E","R","T","E","M","?","$","M","R","B",null,"M","?","?","M","?","R","E","R","?","T","M","R","M","E","$","R","R","B",null,"M","?","?","?","M","R","E","M","$","M","T","T","E","R","$","R","$","R","R","B",null,"R","$","E"],"character_chosen":"WATCHER","items_purchased":["Whetstone","PreservedInsect","Fasting2","Lee\u0027s Waffle","SashWhip","Apotheosis","Orrery"],"campfire_rested":5,"item_purchase_floors":[4,13,13,32,32,32,45],"current_hp_per_floor":[65,57,57,57,46,46,10,29,29,26,26,13,13,12,31,26,55,52,52,52,51,51,51,38,57,38,38,30,30,30,37,79,79,79,20,64,62,62,53,53,32,54,56,49,55,55,55,55,55,55,55,55,55,79,79,41,73,73,73,0,0],"gold":3,"neow_bonus":"ONE_RARE_RELIC","is_daily":false,"chose_seed":false,"campfire_upgraded":8,"win_rate":0.0,"timestamp":1613175690,"path_taken":["M","M","?","$","?","R","E","R","T","E","M","?","$","M","R","BOSS","M","?","?","?","?","R","E","R","?","T","M","R","M","E","$","R","R","BOSS","M","?","?","?","M","R","E","M","$","?","T","T","E","R","$","R","$","R","R","BOSS","R","$","E"],"items_purchased_type":["Relic","Relic","Card","Relic","Card","Card","Relic"],"build_version":"2020-12-22","purchased_purges":2,"victory":false,"max_hp_per_floor":[65,65,65,65,65,65,65,65,65,65,65,65,65,65,65,65,65,65,65,65,65,65,65,65,65,65,65,65,65,65,72,79,79,79,79,79,79,75,75,75,75,75,77,77,83,83,83,83,83,83,83,83,83,83,83,83,83,83,83,83,83],"card_choices":[{"not_picked":["LikeWater","EmptyBody"],"picked":"FlurryOfBlows","floor":1.0},{"not_picked":["WindmillStrike","Study","ClearTheMind"],"picked":"SKIP","floor":2.0},{"not_picked":["BowlingBash","FollowUp"],"picked":"ThirdEye","floor":7.0},{"not_picked":["Perseverance","ThirdEye"],"picked":"FlurryOfBlows","floor":10.0},{"not_picked":["SandsOfTime","FlyingSleeves","FollowUp"],"picked":"SKIP","floor":11.0},{"not_picked":["Alpha","SignatureMove"],"picked":"Protect","floor":14.0},{"not_picked":["Devotion","Vault"],"picked":"Judgement","floor":16.0},{"not_picked":["WaveOfTheHand","Indignation","Consecrate+1"],"picked":"SKIP","floor":18.0},{"not_picked":["JustLucky+1","Sanctity+1"],"picked":"WreathOfFlame","floor":21.0},{"not_picked":["EmptyFist","CutThroughFate"],"picked":"EmptyBody","floor":24.0},{"not_picked":["Halt+1","Study"],"picked":"Tantrum","floor":28.0},{"not_picked":["Protect","Wireheading+1"],"picked":"ForeignInfluence","floor":30.0},{"not_picked":["FearNoEvil","CrushJoints","ConjureBlade"],"picked":"SKIP","floor":31.0},{"not_picked":["Scrawl","ConjureBlade"],"picked":"Ragnarok","floor":35.0},{"not_picked":["WindmillStrike+1","Sanctity"],"picked":"Tantrum+1","floor":37.0},{"not_picked":["FearNoEvil","Conclude+1"],"picked":"Wallop","floor":39.0},{"not_picked":["CarveReality","EmptyFist","CutThroughFate+1"],"picked":"SKIP","floor":41.0},{"not_picked":["Weave+1","Indignation+1","CrushJoints+1"],"picked":"Singing Bowl","floor":43},{"not_picked":["Evaluate","CutThroughFate"],"picked":"WreathOfFlame+1","floor":44},{"not_picked":["SashWhip","Prostrate"],"picked":"EmptyBody+1","floor":45},{"not_picked":["EmptyMind+1","Pray"],"picked":"SandsOfTime","floor":45},{"not_picked":["EmptyFist","FlurryOfBlows","Collect+1"],"picked":"Singing Bowl","floor":45},{"not_picked":["ThirdEye","FollowUp+1","JustLucky+1"],"picked":"Singing Bowl","floor":45},{"not_picked":["FlyingSleeves+1","FearNoEvil","ClearTheMind+1"],"picked":"Singing Bowl","floor":45},{"not_picked":["InnerPeace+1","Worship+1"],"picked":"Wallop+1","floor":49}],"player_experience":392680,"relics_obtained":[{"floor":7.0,"key":"War Paint"},{"floor":9.0,"key":"Blue Candle"},{"floor":10.0,"key":"Orichalcum"},{"floor":24.0,"key":"Gremlin Horn"},{"floor":27.0,"key":"Ancient Tea Set"},{"floor":31.0,"key":"Strawberry"},{"floor":39.0,"key":"Lizard Tail"},{"floor":43,"key":"Singing Bowl"},{"floor":47,"key":"Yang"},{"floor":49,"key":"Akabeko"}],"event_choices":[{"damage_healed":0.0,"max_hp_gain":0.0,"max_hp_loss":0.0,"gold_gain":175.0,"event_name":"Liars Game","player_choice":"AGREE","floor":3.0,"gold_loss":0.0,"damage_taken":0.0,"cards_obtained":["Doubt"]},{"damage_healed":0.0,"max_hp_gain":0.0,"max_hp_loss":0.0,"gold_gain":75.0,"event_name":"World of Goop","player_choice":"Gather Gold","floor":5.0,"gold_loss":0.0,"damage_taken":11.0},{"damage_healed":0.0,"max_hp_gain":0.0,"max_hp_loss":0.0,"gold_gain":0.0,"event_name":"Shining Light","player_choice":"Entered Light","floor":12.0,"gold_loss":0.0,"damage_taken":13.0,"cards_upgraded":["Strike_P","Strike_P"]},{"damage_healed":0.0,"max_hp_gain":0.0,"max_hp_loss":0.0,"gold_gain":0.0,"cards_transformed":["Defend_P","Strike_P"],"event_name":"Drug Dealer","player_choice":"Became Test Subject","floor":19.0,"gold_loss":0.0,"damage_taken":0.0,"cards_obtained":["FlyingSleeves","EmptyFist"]},{"damage_healed":0.0,"max_hp_gain":0.0,"max_hp_loss":0.0,"gold_gain":0.0,"event_name":"The Joust","player_choice":"Bet on Murderer","floor":20.0,"gold_loss":50.0,"damage_taken":0.0},{"cards_removed":["Strike_P"],"damage_healed":0.0,"max_hp_gain":0.0,"max_hp_loss":0.0,"gold_gain":0.0,"event_name":"Beggar","player_choice":"Gave Gold","floor":22.0,"gold_loss":75.0,"damage_taken":0.0},{"damage_healed":0.0,"max_hp_gain":0.0,"max_hp_loss":0.0,"gold_gain":180.0,"event_name":"Knowing Skull","player_choice":"GOLD GOLD ","floor":26.0,"potions_obtained":[],"gold_loss":0.0,"damage_taken":19.0,"cards_obtained":[]},{"damage_healed":0.0,"max_hp_gain":0.0,"max_hp_loss":4.0,"gold_gain":0.0,"event_name":"Winding Halls","player_choice":"Max HP","floor":38.0,"gold_loss":0.0,"damage_taken":0.0},{"damage_healed":0.0,"max_hp_gain":0.0,"max_hp_loss":0.0,"gold_gain":0.0,"event_name":"Mysterious Sphere","player_choice":"Fight","floor":39.0,"gold_loss":0.0,"damage_taken":0.0},{"damage_healed":0.0,"max_hp_gain":0.0,"max_hp_loss":0.0,"gold_gain":0.0,"event_name":"Accursed Blacksmith","player_choice":"Forge","floor":40.0,"gold_loss":0.0,"damage_taken":0.0,"cards_upgraded":["Ragnarok"]}],"is_beta":false,"boss_relics":[{"not_picked":["Black Star","VioletLotus"],"picked":"Snecko Eye"},{"not_picked":["Coffee Dripper","Empty Cage"],"picked":"Philosopher\u0027s Stone"}],"items_purged_floors":[4,51],"is_endless":false,"potions_floor_spawned":[1,10,16,18,28,30,39,49],"killed_by":"Shield and Spear","ascension_level":10}}