{"host":"8a3jzv7qxg3y7b6t","time":1613206200,"event":{"mods":["BaseMod","Better Third Choice","Downfall","Hermit","Minty Spire (QoL Compilation)","Relic Stats","StSLib","The Bug Knight","The Cursed"],"gold_per_floor":[112,123,123,135,135,135,135,135],"floor_reached":7,"language":"ENG","playtime":331,"items_purged":[],"score":49,"play_id":"25fb4de2-6b73-4689-9123-24379dd8bd4a","local_time":"20210213005000","is_ascension_mode":true,"campfire_choices":[{"floor":6,"key":"RECALL"}],"circlet_count":0,"master_deck":["Strike_G","Strike_G","Strike_G","Strike_G","Strike_G","Defend_G","Defend_G","Defend_G","Defend_G","Defend_G","Survivor","Neutralize","Footwork","Blur","Burn","Dagger Spray","Injury"],"relics":["Sozu","Golden Idol"],"acts_visited":["Exordium"],"potions_floor_usage":[],"damage_taken":[{"damage":0,"enemies":"2 Louse","floor":1,"turns":3},{"damage":0,"enemies":"Jaw Worm","floor":2,"turns":5},{"damage":3,"enemies":"Cultist","floor":4,"turns":5},{"damage":30,"enemies":"Lagavulin","floor":7,"turns":14}],"seed_played":"-7182466143628936395","potions_obtained":[],"is_trial":false,"path_per_floor":["M","M","?","M","?","R","E"],"character_chosen":"THE_SILENT","items_purchased":[],"campfire_rested":0,"item_purchase_floors":[],"current_hp_per_floor":[70,70,70,67,67,67,37,37],"gold":135,"neow_bonus":"BOSS_RELIC","is_daily":false,"chose_seed":false,"campfire_upgraded":0,"win_rate":0.0,"timestamp":1613206200,"path_taken":["M","M","?","M","?","R","E"],"items_purchased_type":[],"build_version":"2020-12-22","purchased_purges":0,"victory":false,"max_hp_per_floor":[70,70,70,70,70,70,70,70],"relic_stats":{"Sozu":2,"counters":[4,27],"Golden Idol":0,"obtain_stats":[{"Sozu":0,"Golden Idol":5,"Ring of the Snake":0},{"Sozu":0,"Golden Idol":3,"Ring of the Snake":0},{"Sozu":0,"Golden Idol":13,"Ring of the Snake":0}]},"card_choices":[{"not_picked":["PiercingWail","Expertise"],"picked":"Footwork","floor":1},{"not_picked":["Bane","Expertise"],"picked":"Blur","floor":2},{"not_picked":["Leg Sweep","Cloak And Dagger"],"picked":"Dagger Spray","floor":4}],"player_experience":682683,"relics_obtained":[],"event_choices":[{"damage_healed":70,"gold_gain":0,"player_choice":"Embrace Burn","damage_taken":0,"max_hp_gain":0,"max_hp_loss":70,"event_name":"betterThird:BetterShining","floor":3,"gold_loss":0},{"damage_healed":0,"gold_gain":0,"player_choice":"Take Wound","damage_taken":0,"relics_obtained":["Golden Idol"],"max_hp_gain":0,"max_hp_loss":0,"event_name":"Golden Idol","floor":5,"gold_loss":0,"cards_obtained":["Injury"]}],"is_beta":false,"boss_relics":[],"items_purged_floors":[],"is_endless":false,"potions_floor_spawned":[1,2],"killed_by":"Lagavulin","ascension_level":4}}