{"host":"jvd5k9mqzerszifx","time":1612768951,"event":{"mods":["AchievementEnabler","Act Like it!","BaseMod","Bestiary","Better Note","Better Third Choice","Colored Map","Colored Powertips","Conspire","DeckTracker","Gensokyo","GungeonMod","Hallownest","Hermit","Hubris","Infinite Spire","Jorbs\u0027s Wanderer Trilogy","Koishi","Marisa（F雨　魔理沙）","Minty Spire (QoL Compilation)","MostiFishMod","Relic Stats","Replay The Spire","Reworked Bosses","Spicy Shops","StSLib","The Administrix","The Bug Knight","The Cursed","The Hierophant","The Jungle","The Servant 0.9.4","【功能Mod】聪明的最终Boss"],"gold_per_floor":[128,128,128,128,128,192,192,290,448,502,452,584,710,820,820,1048,1048,1114,1114,1054,1604,788,788,902,940,940,865,957,957,1189,1295,1295,1607,1607,1677,1677,1677,1677,1677,1677,1723,1723,1723,1723,104,196,354,354,354,494,494,494,47,145,499],"floor_reached":56,"language":"ZHS","playtime":2163,"items_purged":[],"score":2077,"play_id":"aaccd9fa-de6d-4cd2-825c-7f1494892509","local_time":"20210208152231","is_ascension_mode":true,"campfire_choices":[{"data":"TheCursedMod:Strike_TheCursed","floor":7,"key":"PURGE"},{"data":"TheCursedMod:Strike_TheCursed","floor":7,"key":"PURGE"},{"data":"TheCursedMod:Defend_TheCursed","floor":7,"key":"PURGE"},{"data":"TheCursedMod:Defend_TheCursed","floor":7,"key":"PURGE"},{"data":"TheCursedMod:Defend_TheCursed","floor":7,"key":"PURGE"},{"data":"TheCursedMod:Strike_TheCursed","floor":7,"key":"SMITH"},{"data":"TheCursedMod:Defend_TheCursed","floor":7,"key":"SMITH"},{"data":"TheCursedMod:CursedWand","floor":7,"key":"SMITH"},{"data":"TheCursedMod:CleanUpWorkshop","floor":7,"key":"SMITH"},{"data":"TheCursedMod:CursedStaff","floor":7,"key":"SMITH"},{"data":"TheCursedMod:CircleOfFlame","floor":7,"key":"SMITH"},{"data":"TheCursedMod:Obscuration","floor":7,"key":"SMITH"},{"floor":7,"key":"REST"},{"data":"TheCursedMod:CursedShiv","floor":15,"key":"SMITH"},{"data":"TheCursedMod:SpitefulPlan","floor":15,"key":"SMITH"},{"data":"conspire:SpireCoStock","floor":15,"key":"SMITH"},{"data":"TheCursedMod:SpitefulStrike","floor":15,"key":"SMITH"},{"data":"TheCursedMod:CircleOfFlame","floor":15,"key":"SMITH"},{"data":"Pot Of Greed","floor":15,"key":"SMITH"},{"data":"Pot Of Greed","floor":15,"key":"SMITH"},{"data":"TheCursedMod:Defend_TheCursed+1","floor":15,"key":"PURGE"},{"data":"TheCursedMod:Strike_TheCursed+1","floor":15,"key":"PURGE"},{"floor":15,"key":"RECALL"},{"floor":15,"key":"REST"},{"data":"TheCursedMod:CursedBlade","floor":23,"key":"SMITH"},{"data":"TheCursedMod:CursedBlade","floor":23,"key":"SMITH"},{"data":"Specialist","floor":23,"key":"SMITH"},{"data":"Finesse","floor":23,"key":"SMITH"},{"floor":23,"key":"REST"},{"data":"TheCursedMod:SpitefulStrike","floor":29,"key":"SMITH"},{"data":"TheCursedMod:CursedSpellbook","floor":29,"key":"SMITH"},{"data":"Pot Of Greed","floor":29,"key":"SMITH"},{"data":"TheCursedMod:RapidMovement","floor":29,"key":"SMITH"},{"floor":29,"key":"REST"},{"data":"TheCursedMod:SpitefulPlan","floor":29,"key":"SMITH"},{"floor":29,"key":"REST"},{"floor":29,"key":"REST"},{"data":"TheCursedMod:SpreadPlague","floor":32,"key":"SMITH"},{"data":"TheCursedMod:ManaBullet","floor":32,"key":"SMITH"},{"data":"TheCursedMod:CircleOfFlame","floor":32,"key":"SMITH"},{"floor":32,"key":"REST"},{"data":"Deep Breath","floor":40,"key":"SMITH"},{"floor":40,"key":"REST"},{"data":"Pot Of Greed","floor":40,"key":"SMITH"},{"floor":40,"key":"REST"},{"data":"TheCursedMod:LuckyCharm","floor":40,"key":"SMITH"},{"floor":40,"key":"REST"},{"floor":40,"key":"REST"},{"data":"TheCursedMod:FleshFromBone","floor":40,"key":"SMITH"},{"floor":40,"key":"REST"},{"floor":40,"key":"REST"},{"data":"TheCursedMod:CircleOfCorruption","floor":44,"key":"SMITH"},{"data":"TheCursedMod:CircleOfCorruption","floor":44,"key":"SMITH"},{"data":"TheCursedMod:ManaBullet","floor":44,"key":"SMITH"},{"data":"Trip","floor":44,"key":"SMITH"},{"data":"Replay:Bootleg Shield Generator","floor":44,"key":"SMITH"},{"data":"MostiFishMod:ButterFly","floor":44,"key":"SMITH"},{"data":"TheCursedMod:OutForBlood+1","floor":44,"key":"PURGE"},{"floor":44,"key":"REST"},{"data":"TheCursedMod:FleshFromBone","floor":44,"key":"SMITH"},{"floor":44,"key":"REST"},{"data":"TheCursedMod:Stigma","floor":44,"key":"SMITH"},{"floor":44,"key":"REST"},{"floor":44,"key":"REST"},{"data":"TheCursedMod:ReleasedStrength","floor":49,"key":"SMITH"},{"data":"Pot Of Greed","floor":49,"key":"SMITH"},{"data":"TheCursedMod:ManaBullet","floor":49,"key":"SMITH"},{"floor":49,"key":"REST"},{"data":"TheCursedMod:WearCloak","floor":52,"key":"SMITH"},{"floor":52,"key":"REST"},{"data":"TheCursedMod:SurpriseAttack","floor":52,"key":"SMITH"},{"floor":52,"key":"REST"},{"data":"Deep Breath+1","floor":52,"key":"PURGE"},{"floor":52,"key":"REST"}],"circlet_count":0,"master_deck":["AscendersBane","TheCursedMod:CursedWand+1","TheCursedMod:CleanUpWorkshop+1","TheCursedMod:Dregs","TheCursedMod:CircleOfFlame+1","TheCursedMod:CursedBlade+1","TheCursedMod:Obscuration+1","TheCursedMod:CursedShiv+1","TheCursedMod:SpitefulPlan+1","conspire:SpireCoStock+1","TheCursedMod:SpitefulStrike+1","TheCursedMod:CircleOfFlame+1","Pot Of Greed+1","Pot Of Greed+1","TheCursedMod:CircleOfFlame+1","TheCursedMod:CursedBlade+1","TheCursedMod:CursedBlade+1","Specialist+1","Finesse+1","TheCursedMod:SpitefulStrike+1","TheCursedMod:CursedSpellbook+1","Pot Of Greed+1","TheCursedMod:RapidMovement+1","TheCursedMod:CircleOfCorruption+1","TheCursedMod:SpitefulPlan+1","TheCursedMod:SpreadPlague+1","TheCursedMod:ManaBullet+1","TheCursedMod:CircleOfFlame+1","TheCursedMod:NeowsMight+1","TheCursedMod:NeowsMight+1","TheCursedMod:WearCloak+1","TheCursedMod:NeowsMight+1","TheCursedMod:WearCloak+1","Pot Of Greed+1","TheCursedMod:LuckyCharm+1","TheCursedMod:FleshFromBone+1","TheCursedMod:CircleOfCorruption+1","TheCursedMod:CircleOfCorruption+1","TheCursedMod:ManaBullet+1","Trip+1","Replay:Bootleg Shield Generator+1","MostiFishMod:ButterFly+1","TheCursedMod:FleshFromBone+1","TheCursedMod:Stigma+1","TheCursedMod:RavingStaff+1","TheCursedMod:ReleasedStrength+1","Pot Of Greed+1","TheCursedMod:ManaBullet+1","TheCursedMod:WearCloak+1","TheCursedMod:SurpriseAttack+1","TheCursedMod:CircleOfBlood+1","TheCursedMod:ManaBullet","TheCursedMod:Torture"],"relics":["TheCursedMod:BlackMagic101","Peace Pipe","Ginger","Turnip","Unceasing Top","Omamori","Ice Cream","The Courier","Medical Kit","WingedGreaves","HandDrill","Frozen Eye","Blue Candle","BrkXgEgg","DaveBox","Jackal-EndForJourney","hubris:Towel","Replay:Bandana","infinitespire:PuzzleCube","infinitespire:ShieldingShard","DemoMod:OrangeGuonStone","SynthV:C4","Grinning Jar","GreenFoldingFan","hubris:FunFungus","PreservedInsect","Dream Catcher","Toy Ornithopter","Pet Ghost","BionicSphere","Eternal Feather","TheCursedMod:DemonicMark","DemoMod:SerJunkan","DemoMod:GreenGuonStone","Replay:Accelerometer","ExusiaiGun","hubris:Icosahedron","Replay:Ringing Soul","ReplayTheSpireMod:Ring of Exchange","ReplayTheSpireMod:Ring of Challenge","Quantum Egg","MostiFishMod:AdaptiveDefenses","conspire:TopHat","Happy Flower","White Beast Statue","Blue Doll","Juzu Bracelet","Bottled Lightning","ReplayTheSpireMod:Lightbulb","infinitespire:FocusingShard","Mercury Hourglass","Thread and Needle","DemoMod:Junk","TheCursedMod:Tack","Pen Nib","TheCursedMod:BloodyHarpoon","Bottled Tornado"],"acts_visited":["Gensokyo:Gensokyo","TheCity","TheBeyond","TheEnding"],"potions_floor_usage":[12,13,55,55],"damage_taken":[{"damage":1,"enemies":"Gensokyo:3_Fairies","floor":1,"turns":5},{"damage":42,"enemies":"Gensokyo:Cirno","floor":6,"turns":6},{"damage":0,"enemies":"Gensokyo:2_Kodama","floor":10,"turns":2},{"damage":0,"enemies":"Gensokyo:Mamizou","floor":12,"turns":4},{"damage":0,"enemies":"Gensokyo:Aya","floor":13,"turns":2},{"damage":0,"enemies":"Gensokyo:Reimu","floor":16,"turns":2},{"damage":0,"enemies":"Shell Parasite","floor":18,"turns":1},{"damage":0,"enemies":"Replay:Snechameleon","floor":24,"turns":1},{"damage":0,"enemies":"3 Byrds","floor":25,"turns":1},{"damage":0,"enemies":"conspire:Head Lice","floor":28,"turns":1},{"damage":0,"enemies":"Colosseum Slavers","floor":30,"turns":1},{"damage":0,"enemies":"Colosseum Nobs","floor":30,"turns":1},{"damage":0,"enemies":"Sentry and Sphere","floor":31,"turns":2},{"damage":5,"enemies":"conspire:MysteriousRune","floor":33,"turns":3},{"damage":0,"enemies":"3 Shapes","floor":35,"turns":2},{"damage":0,"enemies":"Orb Walker","floor":41,"turns":1},{"damage":0,"enemies":"Nemesis","floor":46,"turns":1},{"damage":0,"enemies":"Replay:Hell Engine","floor":50,"turns":2},{"damage":0,"enemies":"Shield and Spear","floor":54,"turns":1},{"damage":10,"enemies":"The Heart","floor":55,"turns":6}],"seed_played":"-5480936058166570284","potions_obtained":[{"floor":8,"key":"Ancient Potion"},{"floor":10,"key":"LiquidBronze"},{"floor":12,"key":"Elixir"},{"floor":13,"key":"Weak Potion"}],"is_trial":false,"path_per_floor":["M","?","?","?","?","E","R","?","T","M","?","E","E","T","R","B",null,"M","AVR","?","?","$","R","E","M","T","?","E","R","?","M","R","B",null,"M","?","AVR","?","?","R","M","?","T","R","$","E","T","?","R","B",null,"R","$","E","B",null],"character_chosen":"THE_CURSED","items_purchased":["PreservedInsect","Dream Catcher","Toy Ornithopter","Pet Ghost","BionicSphere","TheCursedMod:CursedBlade","Specialist","Finesse","Quantum Egg","MostiFishMod:AdaptiveDefenses","conspire:TopHat","Happy Flower","White Beast Statue","Blue Doll","Juzu Bracelet","Bottled Lightning","ReplayTheSpireMod:Lightbulb","infinitespire:FocusingShard","Mercury Hourglass","TheCursedMod:Tack","Pen Nib","TheCursedMod:BloodyHarpoon"],"campfire_rested":21,"item_purchase_floors":[22,22,22,22,22,22,22,22,45,45,45,45,45,45,45,45,45,45,45,53,53,53],"current_hp_per_floor":[67,67,67,67,74,32,56,56,56,56,56,56,56,56,80,80,82,82,82,82,82,82,82,82,82,82,82,82,82,82,82,82,82,82,82,82,82,82,85,88,91,84,84,97,97,100,100,100,103,103,103,106,106,109,109],"gold":499,"neow_bonus":"TRANSFORM_CARD","is_daily":false,"chose_seed":false,"campfire_upgraded":43,"win_rate":0.0,"timestamp":1612768951,"path_taken":["M","?","?","?","?","E","R","?","T","?","?","E","E","?","R","BOSS","M","AVR","?","?","$","R","E","?","T","?","E","R","?","M","R","BOSS","M","?","AVR","?","?","R","?","?","T","R","$","E","?","?","R","BOSS","R","$","E","BOSS"],"items_purchased_type":["Relic","Relic","Relic","Relic","Relic","Card","Card","Card","Relic","Relic","Relic","Relic","Relic","Relic","Relic","Relic","Relic","Relic","Relic","Relic","Relic","Relic"],"build_version":"2020-12-22","purchased_purges":0,"victory":true,"max_hp_per_floor":[75,75,75,75,82,82,82,82,82,82,82,82,82,82,82,82,82,82,82,82,82,82,82,82,82,82,82,82,82,82,82,82,82,82,82,82,82,82,85,88,91,94,94,97,97,100,100,100,103,103,103,106,106,109,109],"relic_stats":{"Happy Flower":[3],"counters":[20,44],"Blue Candle":[0],"Eternal Feather":10,"PreservedInsect":249,"Pen Nib":[3],"Juzu Bracelet":0,"Ginger":[6],"Medical Kit":[0],"Mercury Hourglass":[40],"Peace Pipe":14,"Dream Catcher":19,"Turnip":[4],"HandDrill":[20],"obtain_stats":[{"Ice Cream":0,"DemoMod:GreenGuonStone":30,"Replay:Accelerometer":30,"TheCursedMod:Tack":53,"MostiFishMod:AdaptiveDefenses":45,"DemoMod:GlassGuonStoneRelic":6,"Ginger":0,"Bottled Tornado":54,"GreenFoldingFan":17,"Replay:Ringing Soul":37,"infinitespire:ShieldingShard":9,"HandDrill":0,"Jackal-EndForJourney":0,"TheCursedMod:BlackMagic101":0,"Happy Flower":45,"Blue Candle":0,"DemoMod:OrangeGuonStone":12,"Eternal Feather":24,"Pen Nib":53,"BionicSphere":22,"DemoMod:SerJunkan":28,"Grinning Jar":14,"Unceasing Top":0,"infinitespire:PuzzleCube":8,"TheCursedMod:BloodyHarpoon":53,"ReplayTheSpireMod:Ring of Exchange":38,"DaveBox":0,"Blue Doll":45,"ExusiaiGun":34,"Juzu Bracelet":45,"TheCursedMod:DemonicMark":26,"SynthV:C4":13,"Pet Ghost":22,"conspire:TopHat":45,"Frozen Eye":0,"Replay:Bandana":6,"Dream Catcher":22,"hubris:Icosahedron":36,"WingedGreaves":0,"hubris:FunFungus":19,"DemoMod:Junk":47,"Quantum Egg":45,"Thread and Needle":46,"The Courier":0,"BrkXgEgg":0,"PreservedInsect":22,"infinitespire:FocusingShard":45,"Omamori":0,"hubris:Towel":2,"Medical Kit":0,"White Beast Statue":45,"Mercury Hourglass":45,"Peace Pipe":0,"Turnip":0,"Bottled Lightning":45,"ReplayTheSpireMod:Ring of Challenge":38,"ReplayTheSpireMod:Lightbulb":45,"Toy Ornithopter":22},{"Ice Cream":0,"DemoMod:GreenGuonStone":12,"Replay:Accelerometer":12,"TheCursedMod:Tack":18,"MostiFishMod:AdaptiveDefenses":16,"DemoMod:GlassGuonStoneRelic":2,"Ginger":0,"Bottled Tornado":19,"GreenFoldingFan":6,"Replay:Ringing Soul":15,"infinitespire:ShieldingShard":2,"HandDrill":0,"Jackal-EndForJourney":0,"TheCursedMod:BlackMagic101":0,"Happy Flower":16,"Blue Candle":0,"DemoMod:OrangeGuonStone":4,"Eternal Feather":8,"Pen Nib":18,"BionicSphere":7,"DemoMod:SerJunkan":10,"Grinning Jar":5,"Unceasing Top":0,"infinitespire:PuzzleCube":2,"TheCursedMod:BloodyHarpoon":18,"ReplayTheSpireMod:Ring of Exchange":15,"DaveBox":0,"Blue Doll":16,"ExusiaiGun":14,"Juzu Bracelet":16,"TheCursedMod:DemonicMark":9,"SynthV:C4":5,"Pet Ghost":7,"conspire:TopHat":16,"Frozen Eye":0,"Replay:Bandana":2,"Dream Catcher":7,"hubris:Icosahedron":15,"WingedGreaves":0,"hubris:FunFungus":7,"DemoMod:Junk":17,"Quantum Egg":16,"Thread and Needle":17,"The Courier":0,"BrkXgEgg":0,"PreservedInsect":7,"infinitespire:FocusingShard":16,"Omamori":0,"hubris:Towel":1,"Medical Kit":0,"White Beast Statue":16,"Mercury Hourglass":16,"Peace Pipe":0,"Turnip":0,"Bottled Lightning":16,"ReplayTheSpireMod:Ring of Challenge":15,"ReplayTheSpireMod:Lightbulb":16,"Toy Ornithopter":7},{"Ice Cream":0,"DemoMod:GreenGuonStone":27,"Replay:Accelerometer":27,"TheCursedMod:Tack":38,"MostiFishMod:AdaptiveDefenses":35,"DemoMod:GlassGuonStoneRelic":11,"Ginger":0,"Bottled Tornado":39,"GreenFoldingFan":21,"Replay:Ringing Soul":34,"infinitespire:ShieldingShard":11,"HandDrill":0,"Jackal-EndForJourney":0,"TheCursedMod:BlackMagic101":0,"Happy Flower":35,"Blue Candle":0,"DemoMod:OrangeGuonStone":17,"Eternal Feather":23,"Pen Nib":38,"BionicSphere":22,"DemoMod:SerJunkan":25,"Grinning Jar":19,"Unceasing Top":0,"infinitespire:PuzzleCube":11,"TheCursedMod:BloodyHarpoon":38,"ReplayTheSpireMod:Ring of Exchange":34,"DaveBox":0,"Blue Doll":35,"ExusiaiGun":32,"Juzu Bracelet":35,"TheCursedMod:DemonicMark":24,"SynthV:C4":19,"Pet Ghost":22,"conspire:TopHat":35,"Frozen Eye":0,"Replay:Bandana":11,"Dream Catcher":22,"hubris:Icosahedron":34,"WingedGreaves":0,"hubris:FunFungus":22,"DemoMod:Junk":36,"Quantum Egg":35,"Thread and Needle":36,"The Courier":0,"BrkXgEgg":0,"PreservedInsect":22,"infinitespire:FocusingShard":35,"Omamori":0,"hubris:Towel":5,"Medical Kit":0,"White Beast Statue":35,"Mercury Hourglass":35,"Peace Pipe":0,"Turnip":0,"Bottled Lightning":35,"ReplayTheSpireMod:Ring of Challenge":34,"ReplayTheSpireMod:Lightbulb":35,"Toy Ornithopter":22}],"Unceasing Top":[1],"Toy Ornithopter":0},"card_choices":[{"not_picked":["TheCursedMod:Stretching","TheCursedMod:RavingStaff"],"picked":"TheCursedMod:CircleOfFlame","floor":1},{"not_picked":["TheCursedMod:SaltUponWound","TheCursedMod:RavingStaff"],"picked":"TheCursedMod:Obscuration","floor":6},{"not_picked":["TheCursedMod:Stigma","TheCursedMod:Wield"],"picked":"TheCursedMod:CursedShiv","floor":8},{"not_picked":["TheCursedMod:TacticalStrike","TheCursedMod:CursedShiv"],"picked":"TheCursedMod:SpitefulPlan","floor":8},{"not_picked":["TheCursedMod:RavingStaff","TheCursedMod:CursedMace","TheCursedMod:DoubleShield"],"picked":"SKIP","floor":10},{"not_picked":["TheCursedMod:CursedMace","TheCursedMod:CircleOfFocus"],"picked":"TheCursedMod:SpitefulStrike","floor":12},{"not_picked":["TheCursedMod:SpreadPlague","TheCursedMod:CursedMace"],"picked":"TheCursedMod:CircleOfFlame","floor":13},{"not_picked":["TheCursedMod:ParallelWorld+1","TheCursedMod:ManaCirculation+1"],"picked":"TheCursedMod:OutForBlood+1","floor":16},{"not_picked":["TheCursedMod:RavingStaff","TheCursedMod:Wield"],"picked":"TheCursedMod:CircleOfFlame+1","floor":18},{"not_picked":["TheCursedMod:TacticalStrike","TheCursedMod:SmokeScreen"],"picked":"TheCursedMod:SpitefulStrike","floor":23},{"not_picked":["TheCursedMod:CursedAmulet","TheCursedMod:WearCloak"],"picked":"TheCursedMod:CursedSpellbook","floor":24},{"not_picked":["TheCursedMod:CursedStaff","TheCursedMod:Stretching"],"picked":"TheCursedMod:RapidMovement","floor":25},{"not_picked":["TheCursedMod:CursedBlade","TheCursedMod:Wield"],"picked":"TheCursedMod:CircleOfCorruption+1","floor":28},{"not_picked":["TheCursedMod:Wield","TheCursedMod:SaltUponWound"],"picked":"TheCursedMod:SpitefulPlan","floor":29},{"not_picked":["TheCursedMod:Obscuration","TheCursedMod:PrepareRite"],"picked":"TheCursedMod:SpreadPlague","floor":29},{"not_picked":["TheCursedMod:CircleOfCorruption","TheCursedMod:SoulReap"],"picked":"TheCursedMod:ManaBullet","floor":30},{"not_picked":["TheCursedMod:CursedAmulet+1","TheCursedMod:SpitefulPray"],"picked":"TheCursedMod:CircleOfFlame","floor":31},{"not_picked":["TheCursedMod:CursedAmulet","TheCursedMod:Grudge"],"picked":"TheCursedMod:NeowsMight+1","floor":32},{"not_picked":["TheCursedMod:ManaCirculation+1","TheCursedMod:UltimatePain+1"],"picked":"TheCursedMod:NeowsMight+1","floor":33},{"not_picked":["TheCursedMod:CursedBlade","TheCursedMod:CursedMace"],"picked":"TheCursedMod:WearCloak+1","floor":35},{"not_picked":["TheCursedMod:CursedShiv","TheCursedMod:FleshFromBone+1"],"picked":"TheCursedMod:WearCloak+1","floor":40},{"not_picked":["TheCursedMod:Obscuration","TheCursedMod:CursedAmulet"],"picked":"TheCursedMod:LuckyCharm","floor":40},{"not_picked":["TheCursedMod:Obscuration","TheCursedMod:WearCloak"],"picked":"TheCursedMod:FleshFromBone","floor":40},{"not_picked":["TheCursedMod:Obscuration+1","TheCursedMod:CursedBlade+1"],"picked":"TheCursedMod:CircleOfCorruption","floor":40},{"not_picked":["TheCursedMod:ForbiddenAlchemy+1","TheCursedMod:SpreadPlague"],"picked":"TheCursedMod:CircleOfCorruption","floor":40},{"not_picked":["TheCursedMod:FleshFromBone","TheCursedMod:CursedAmulet"],"picked":"TheCursedMod:ManaBullet","floor":41},{"not_picked":["Replay:Dark Deal+1","MostiFishMod:Galeforce+1"],"picked":"Trip","floor":42},{"not_picked":["Madness","Mind Blast"],"picked":"Replay:Bootleg Shield Generator","floor":42},{"not_picked":["Discovery","Finesse"],"picked":"MostiFishMod:ButterFly","floor":42},{"not_picked":["TheCursedMod:WearCloak","TheCursedMod:CursedBlade"],"picked":"TheCursedMod:FleshFromBone","floor":44},{"not_picked":["TheCursedMod:Grudge","TheCursedMod:SpreadPlague"],"picked":"TheCursedMod:Stigma","floor":44},{"not_picked":["TheCursedMod:CursedBlade","TheCursedMod:Grudge"],"picked":"TheCursedMod:RavingStaff+1","floor":44},{"not_picked":["TheCursedMod:SurpriseAttack+1","TheCursedMod:WearCloak"],"picked":"TheCursedMod:ReleasedStrength","floor":44},{"not_picked":["TheCursedMod:WearCloak","TheCursedMod:Wield"],"picked":"TheCursedMod:ManaBullet","floor":46},{"not_picked":["TheCursedMod:Wield","TheCursedMod:DoubleShield+1"],"picked":"TheCursedMod:WearCloak","floor":49},{"not_picked":["TheCursedMod:BloodBarrier","TheCursedMod:Torture"],"picked":"TheCursedMod:SurpriseAttack","floor":52},{"not_picked":["TheCursedMod:SpitefulStrike","TheCursedMod:RavingStaff+1"],"picked":"TheCursedMod:CircleOfBlood+1","floor":52},{"not_picked":["TheCursedMod:RapidMovement","TheCursedMod:FleshFromBone"],"picked":"TheCursedMod:ManaBullet","floor":52},{"not_picked":["TheCursedMod:CursedBlade","TheCursedMod:CursedStaff+1"],"picked":"TheCursedMod:Torture","floor":54}],"player_experience":349872,"relics_obtained":[{"floor":6,"key":"Replay:Bandana"},{"floor":8,"key":"infinitespire:PuzzleCube"},{"floor":9,"key":"infinitespire:ShieldingShard"},{"floor":12,"key":"DemoMod:OrangeGuonStone"},{"floor":13,"key":"SynthV:C4"},{"floor":14,"key":"Grinning Jar"},{"floor":24,"key":"Eternal Feather"},{"floor":26,"key":"TheCursedMod:DemonicMark"},{"floor":28,"key":"DemoMod:SerJunkan"},{"floor":30,"key":"DemoMod:GreenGuonStone"},{"floor":30,"key":"Replay:Accelerometer"},{"floor":38,"key":"ReplayTheSpireMod:Ring of Exchange"},{"floor":38,"key":"ReplayTheSpireMod:Ring of Challenge"},{"floor":46,"key":"Thread and Needle"},{"floor":47,"key":"DemoMod:Junk"},{"floor":54,"key":"Bottled Tornado"}],"event_choices":[{"damage_healed":0,"gold_gain":0,"player_choice":"Invest 1","damage_taken":0,"max_hp_gain":0,"max_hp_loss":0,"event_name":"conspire:Investor","floor":11,"gold_loss":0},{"damage_healed":0,"gold_gain":275,"player_choice":"Desecrate","damage_taken":0,"max_hp_gain":0,"max_hp_loss":0,"event_name":"Golden Shrine","floor":21,"gold_loss":0,"cards_obtained":["Regret"]},{"cards_removed":["TheCursedMod:CursedStaff"],"damage_healed":0,"gold_gain":0,"player_choice":"Gave Gold","damage_taken":0,"max_hp_gain":0,"max_hp_loss":0,"event_name":"Beggar","floor":27,"gold_loss":75},{"damage_healed":0,"gold_gain":0,"player_choice":"Fight","damage_taken":0,"max_hp_gain":0,"max_hp_loss":0,"event_name":"Colosseum","floor":30,"gold_loss":0},{"damage_healed":0,"gold_gain":0,"player_choice":"Fought Nobs","damage_taken":0,"max_hp_gain":0,"max_hp_loss":0,"event_name":"Colosseum","floor":30,"gold_loss":0},{"damage_healed":0,"gold_gain":0,"player_choice":"2 cards matched","damage_taken":0,"max_hp_gain":0,"max_hp_loss":0,"event_name":"Match and Keep!","floor":39,"gold_loss":0,"cards_obtained":["TheCursedMod:NeowsMight","Deep Breath"]},{"damage_healed":0,"gold_gain":0,"player_choice":"Memory 3","damage_taken":10,"max_hp_gain":0,"max_hp_loss":0,"event_name":"SensoryStone","floor":42,"gold_loss":0},{"cards_removed":["Eruption"],"damage_healed":0,"gold_gain":0,"player_choice":"Purged","damage_taken":0,"max_hp_gain":0,"max_hp_loss":0,"event_name":"Purifier","floor":48,"gold_loss":0}],"is_beta":false,"boss_relics":[{"not_picked":["SlaversCollar","conspire:SpecialSausage"],"picked":"GreenFoldingFan"},{"not_picked":["Calling Bell","Abe\u0027s Treasure"],"picked":"ExusiaiGun"}],"items_purged_floors":[],"is_endless":false,"potions_floor_spawned":[10,12,13,18,24,28,30,46,54],"ascension_level":12}}