{"host":"b68zjtx2wn01pixa","time":1612743048,"event":{"mods":["BaseMod","Colored Map","Infinite Spire","Minty Spire (QoL Compilation)","Relic Stats","StSLib","SuperFastMode"],"gold_per_floor":[119,132,56,68,83,118,118,143,143,122,70,70,99,129,129,224,224,238,251,276,291,304,304,304,304,304,304,0,12,29,62,62,158,158,173,187,205,222,444,475,475,507,584,584,616,616,716,736,736,836,836,850,850,850,800,827,827,830,830,884,892,906,913,661,658,658,758,808,814,829,754,754,749,775,775,776,776,776,801,561,561,577,577,646,646,631,648,648,645,442,464,464,492,492,492,492,481,84,108,108,185,185,198,198,204,221,221,221,253,253,253,265,276,308,308,317,317,316,316,329,329,326,326,326,326,357,376,376,376,378,383,383,387,387,493,493,479,488,502,502,514,514,538,243,243,266,268,268,268,316,316,364,364,364,189,193,259],"floor_reached":158,"language":"ENG","playtime":5710,"items_purged":["Strike_R","Normality","Defend_R","Defend_R","Decay"],"score":4941,"play_id":"63fbd8c3-0e14-4c7b-b318-765b7de6e97f","local_time":"20210207191048","is_ascension_mode":true,"campfire_choices":[{"data":"Searing Blow","floor":7.0,"key":"SMITH"},{"data":"Searing Blow+1","floor":12.0,"key":"SMITH"},{"data":"Searing Blow+2","floor":15.0,"key":"SMITH"},{"data":"Searing Blow+3","floor":23.0,"key":"SMITH"},{"data":"Searing Blow+4","floor":25.0,"key":"SMITH"},{"data":"Searing Blow+5","floor":27.0,"key":"SMITH"},{"data":"Searing Blow+6","floor":32.0,"key":"SMITH"},{"data":"Searing Blow+7","floor":41.0,"key":"SMITH"},{"data":"Searing Blow+8","floor":44.0,"key":"SMITH"},{"data":"Searing Blow+9","floor":49.0,"key":"SMITH"},{"data":"Searing Blow+11","floor":57.0,"key":"SMITH"},{"data":"Searing Blow+12","floor":59.0,"key":"SMITH"},{"data":"Feel No Pain","floor":66.0,"key":"SMITH"},{"data":"Searing Blow+13","floor":75.0,"key":"SMITH"},{"data":"Searing Blow+14","floor":78.0,"key":"SMITH"},{"data":"Searing Blow+15","floor":83.0,"key":"SMITH"},{"data":"Searing Blow+16","floor":95.0,"key":"SMITH"},{"data":"infinitespire:UltimateForm","floor":100.0,"key":"SMITH"},{"data":"Searing Blow+17","floor":108.0,"key":"SMITH"},{"data":"Searing Blow+18","floor":110.0,"key":"SMITH"},{"data":"Searing Blow+19","floor":115.0,"key":"SMITH"},{"data":"Searing Blow+20","floor":117.0,"key":"SMITH"},{"data":"Searing Blow+21","floor":125.0,"key":"SMITH"},{"data":"Searing Blow+22","floor":129.0,"key":"SMITH"},{"data":"Searing Blow+23","floor":134.0,"key":"SMITH"},{"data":"Feel No Pain","floor":142.0,"key":"SMITH"},{"data":"Dual Wield","floor":148.0,"key":"SMITH"},{"data":"Juggernaut","floor":151.0,"key":"SMITH"},{"data":"Searing Blow+24","floor":154.0,"key":"SMITH"}],"circlet_count":0,"master_deck":["Bash+1","Clothesline+1","Searing Blow+25","Dark Embrace","Shrug It Off","Offering","True Grit","Corruption","Rage+1","Barricade+1","Spot Weakness","Armaments+1","True Grit+1","Reaper","Shrug It Off","Shrug It Off","Shrug It Off","Sentinel+1","Shrug It Off","Double Tap","Shrug It Off","Shrug It Off","Feel No Pain+1","Reaper","infinitespire:UltimateForm+1","Feel No Pain+1","infinitespire:TheBestDefense","Flame Barrier+1","Exhume","Dual Wield+1","Shockwave","CurseOfTheBell","True Grit+1","Dual Wield+1","Juggernaut+1","Limit Break"],"relics":["Snecko Eye","Whetstone","Du-Vu Doll","Self Forming Clay","Mercury Hourglass","Boot","Astrolabe","Red Mask","Mummified Hand","Eternal Feather","Runic Pyramid","PreservedInsect","Pear","Meat on the Bone","Blood Vial","TungstenRod","Cursed Key","infinitespire:Beetle Shell","Calipers","Ancient Tea Set","Bottled Flame","Lantern","Tiny House","MutagenicStrength","Potion Belt","Nunchaku","Bird Faced Urn","Bottled Tornado","Unceasing Top","Art of War","infinitespire:ShieldingShard","infinitespire:FocusingShard","Orichalcum","SlaversCollar","Akabeko","infinitespire:Midas Blood","Calling Bell","infinitespire:Satchel","Shuriken","FossilizedHelix","Bag of Preparation","CeramicFish","InkBottle","Ice Cream","Vajra","Lizard Tail","Molten Egg 2"],"acts_visited":["Exordium","TheCity","TheBeyond","TheCity","TheBeyond","Exordium","TheCity","TheBeyond","TheEnding"],"potions_floor_usage":[],"damage_taken":[{"damage":0.0,"enemies":"2 Louse","floor":1.0,"turns":3.0},{"damage":6.0,"enemies":"Jaw Worm","floor":2.0,"turns":3.0},{"damage":0.0,"enemies":"Cultist","floor":4.0,"turns":2.0},{"damage":0.0,"enemies":"Gremlin Gang","floor":5.0,"turns":3.0},{"damage":19.0,"enemies":"Lagavulin","floor":6.0,"turns":5.0},{"damage":18.0,"enemies":"3 Sentries","floor":8.0,"turns":6.0},{"damage":6.0,"enemies":"Gremlin Nob","floor":13.0,"turns":2.0},{"damage":22.0,"enemies":"The Guardian","floor":16.0,"turns":8.0},{"damage":6.0,"enemies":"Shell Parasite","floor":18.0,"turns":4.0},{"damage":13.0,"enemies":"2 Thieves","floor":19.0,"turns":2.0},{"damage":6.0,"enemies":"Masked Bandits","floor":20.0,"turns":3.0},{"damage":7.0,"enemies":"Centurion and Healer","floor":21.0,"turns":3.0},{"damage":6.0,"enemies":"Snake Plant","floor":22.0,"turns":3.0},{"damage":6.0,"enemies":"Shelled Parasite and Fungi","floor":29.0,"turns":4.0},{"damage":6.0,"enemies":"Chosen and Byrds","floor":30.0,"turns":3.0},{"damage":6.0,"enemies":"Nightmare","floor":31.0,"turns":3.0},{"damage":48.0,"enemies":"Automaton","floor":33.0,"turns":7.0},{"damage":0.0,"enemies":"Orb Walker","floor":35.0,"turns":2.0},{"damage":6.0,"enemies":"3 Darklings","floor":36.0,"turns":4.0},{"damage":6.0,"enemies":"Jaw Worm Horde","floor":37.0,"turns":5.0},{"damage":6.0,"enemies":"Writhing Mass","floor":38.0,"turns":2.0},{"damage":6.0,"enemies":"Nemesis","floor":40.0,"turns":7.0},{"damage":0.0,"enemies":"Reptomancer","floor":42.0,"turns":3.0},{"damage":6.0,"enemies":"Giant Head","floor":45.0,"turns":1.0},{"damage":6.0,"enemies":"infinitespire:Three Voidlings","floor":47.0,"turns":2.0},{"damage":33.0,"enemies":"Nightmare_Alpha","floor":47.0,"turns":6.0},{"damage":0.0,"enemies":"4 Shapes","floor":48.0,"turns":5.0},{"damage":5.0,"enemies":"infinitespire:MassOfShapes","floor":50.0,"turns":6.0},{"damage":0.0,"enemies":"Cultist","floor":52.0,"turns":2.0},{"damage":5.0,"enemies":"3 Sentries","floor":58.0,"turns":3.0},{"damage":0.0,"enemies":"Small Slimes","floor":61.0,"turns":3.0},{"damage":5.0,"enemies":"Gremlin Nob","floor":62.0,"turns":2.0},{"damage":0.0,"enemies":"Jaw Worm","floor":63.0,"turns":1.0},{"damage":3.0,"enemies":"2 Fungi Beasts","floor":65.0,"turns":3.0},{"damage":0.0,"enemies":"The Guardian","floor":67.0,"turns":1.0},{"damage":0.0,"enemies":"2 Thieves","floor":69.0,"turns":1.0},{"damage":0.0,"enemies":"Shell Parasite","floor":70.0,"turns":1.0},{"damage":5.0,"enemies":"Centurion and Healer","floor":73.0,"turns":3.0},{"damage":13.0,"enemies":"Book of Stabbing","floor":74.0,"turns":2.0},{"damage":5.0,"enemies":"Slavers","floor":76.0,"turns":4.0},{"damage":0.0,"enemies":"Book of Stabbing","floor":79.0,"turns":1.0},{"damage":0.0,"enemies":"Snecko","floor":82.0,"turns":1.0},{"damage":5.0,"enemies":"Collector","floor":84.0,"turns":3.0},{"damage":5.0,"enemies":"3 Darklings","floor":86.0,"turns":4.0},{"damage":5.0,"enemies":"2 Orb Walkers","floor":87.0,"turns":3.0},{"damage":5.0,"enemies":"3 Shapes","floor":89.0,"turns":3.0},{"damage":0.0,"enemies":"Reptomancer","floor":91.0,"turns":1.0},{"damage":0.0,"enemies":"Nemesis","floor":93.0,"turns":1.0},{"damage":2.0,"enemies":"Jaw Worm Horde","floor":97.0,"turns":2.0},{"damage":0.0,"enemies":"Nightmare","floor":99.0,"turns":1.0},{"damage":2.0,"enemies":"infinitespire:MassOfShapes","floor":101.0,"turns":3.0},{"damage":0.0,"enemies":"Cultist","floor":103.0,"turns":1.0},{"damage":0.0,"enemies":"2 Louse","floor":105.0,"turns":1.0},{"damage":0.0,"enemies":"Jaw Worm","floor":106.0,"turns":1.0},{"damage":0.0,"enemies":"Lagavulin","floor":109.0,"turns":1.0},{"damage":0.0,"enemies":"3 Louse","floor":112.0,"turns":2.0},{"damage":0.0,"enemies":"Looter","floor":113.0,"turns":1.0},{"damage":0.0,"enemies":"Gremlin Nob","floor":114.0,"turns":1.0},{"damage":0.0,"enemies":"2 Fungi Beasts","floor":116.0,"turns":2.0},{"damage":0.0,"enemies":"Slime Boss","floor":118.0,"turns":1.0},{"damage":0.0,"enemies":"Shell Parasite","floor":120.0,"turns":1.0},{"damage":0.0,"enemies":"3 Byrds","floor":122.0,"turns":2.0},{"damage":0.0,"enemies":"Gremlin Leader","floor":126.0,"turns":1.0},{"damage":0.0,"enemies":"Snecko","floor":127.0,"turns":1.0},{"damage":0.0,"enemies":"Slavers","floor":131.0,"turns":2.0},{"damage":0.0,"enemies":"Shelled Parasite and Fungi","floor":133.0,"turns":2.0},{"damage":0.0,"enemies":"Collector","floor":135.0,"turns":2.0},{"damage":0.0,"enemies":"3 Darklings","floor":137.0,"turns":3.0},{"damage":0.0,"enemies":"Orb Walker","floor":138.0,"turns":1.0},{"damage":0.0,"enemies":"Spire Growth","floor":139.0,"turns":1.0},{"damage":0.0,"enemies":"Maw","floor":141.0,"turns":1.0},{"damage":0.0,"enemies":"Nemesis","floor":143.0,"turns":1.0},{"damage":0.0,"enemies":"Nightmare","floor":146.0,"turns":1.0},{"damage":0.0,"enemies":"3 Darklings","floor":147.0,"turns":2.0},{"damage":0.0,"enemies":"2 Orb Walkers","floor":150.0,"turns":1.0},{"damage":0.0,"enemies":"infinitespire:LordOfFortification","floor":152.0,"turns":6.0},{"damage":0.0,"enemies":"Shield and Spear","floor":156.0,"turns":3.0},{"damage":0,"enemies":"The Heart","floor":157,"turns":6}],"seed_played":"-422234847787174085","potions_obtained":[{"floor":1.0,"key":"FairyPotion"},{"floor":2.0,"key":"Block Potion"},{"floor":8.0,"key":"BlessingOfTheForge"},{"floor":18.0,"key":"Fire Potion"},{"floor":19.0,"key":"SteroidPotion"},{"floor":29.0,"key":"Fruit Juice"},{"floor":31.0,"key":"Swift Potion"},{"floor":37.0,"key":"Energy Potion"},{"floor":42.0,"key":"ElixirPotion"},{"floor":47.0,"key":"Ancient Potion"},{"floor":52.0,"key":"HeartOfIron"},{"floor":82.0,"key":"SpeedPotion"},{"floor":84.0,"key":"DuplicationPotion"},{"floor":105.0,"key":"LiquidMemories"}],"is_trial":false,"path_per_floor":["M","M","$","M","M","E","R","E","T","?","$","R","E","?","R","B",null,"M","M","?","M","M","R","?","R","T","R","$","M","M","NM","R","B",null,"M","M","M","M","?","E","R","E","T","R","E","?","?","M","R","B",null,"M","?","AVR","?","T","R","E","R","T","M","E","M","$","M","R","B",null,"M","M","?","?","M","E","R","E","T","R","E","$","T","M","R","B",null,"M","?","?","M","$","E","?","E","T","R","?","M","$","NM","R","B",null,"M","$","M","M","?","R","E","R","T","M","M","E","R","M","R","B",null,"M","?","M","?","T","R","E","M","T","R","?","E","T","M","R","B",null,"M","M","M","?","M","R","E","$","T","NM","M","R","?","?","R","B",null,"R","$","E","B",null],"character_chosen":"IRONCLAD","items_purchased":["Searing Blow","True Grit","Reaper","Inflame","Shrug It Off","Lantern","Bottled Tornado","Feel No Pain","infinitespire:FocusingShard","Ice Cream"],"campfire_rested":0,"item_purchase_floors":[3,11,28,28,28,64,80,90,98,144],"current_hp_per_floor":[80,74,74,74,74,55,55,37,37,37,37,37,31,31,31,9,80,74,61,55,48,42,42,42,42,42,42,42,51,56,66,78,30,85,85,85,85,85,85,85,85,95,95,95,95,95,68,94,95,95,95,95,95,95,95,95,95,95,95,95,95,90,92,92,95,95,95,100,100,100,100,100,100,87,100,100,100,100,100,100,100,100,100,97,100,95,100,100,100,100,100,95,95,95,95,95,95,95,95,95,95,95,95,95,95,95,89,95,95,95,95,95,95,95,95,95,95,95,95,95,95,95,95,95,95,95,95,95,95,77,100,100,100,100,100,100,100,100,100,100,100,100,100,100,100,100,100,100,95,95,95,95,95,95,95,95,95],"gold":259,"neow_bonus":"BOSS_RELIC","is_daily":false,"chose_seed":false,"campfire_upgraded":29,"win_rate":0.0,"timestamp":1612743048,"path_taken":["M","M","$","M","M","E","R","E","T","?","$","R","E","?","R","BOSS","M","M","?","M","M","R","?","R","T","R","$","?","M","NM","R","BOSS","M","M","M","?","?","E","R","E","T","R","E","?","?","M","R","BOSS","M","?","AVR","?","?","R","E","R","T","M","E","M","$","M","R","BOSS","M","M","?","?","?","E","R","E","T","R","E","?","?","M","R","BOSS","M","?","?","M","?","E","?","E","T","R","?","?","$","NM","R","BOSS","M","$","M","M","?","R","E","R","T","M","M","E","R","M","R","BOSS","M","?","?","?","?","R","E","M","T","R","?","E","?","M","R","BOSS","M","M","M","?","M","R","E","?","T","NM","M","R","?","?","R","BOSS","R","$","E","BOSS"],"items_purchased_type":["Card","Card","Card","Card","Card","Relic","Relic","Card","Relic","Relic"],"build_version":"2020-12-22","purchased_purges":5,"victory":true,"max_hp_per_floor":[80,80,80,80,80,80,80,80,80,80,80,80,80,80,80,80,80,80,80,80,80,80,80,80,80,80,80,80,80,80,85,85,85,85,85,85,85,85,85,85,85,95,95,95,95,95,95,95,95,95,95,95,95,95,95,95,95,95,95,95,95,95,95,95,95,95,95,100,100,100,100,100,100,100,100,100,100,100,100,100,100,100,100,100,100,100,100,100,100,100,100,95,95,95,95,95,95,95,95,95,95,95,95,95,95,95,95,95,95,95,95,95,95,95,95,95,95,95,95,95,95,95,95,95,95,95,95,95,95,100,100,100,100,100,100,100,100,100,100,100,100,100,100,100,100,100,100,100,95,95,95,95,95,95,95,95,95],"relic_stats":{"CeramicFish":27,"Bag of Preparation":[30],"Whetstone":["Strike_R","Bash"],"Boot":[32],"Cursed Key":2,"Blood Vial":10,"Nunchaku":[13],"Lizard Tail":0,"Mummified Hand":[309],"InkBottle":[11],"counters":[78,203],"Self Forming Clay":[111],"Astrolabe":["Clash","Rage","Barricade"],"Eternal Feather":32,"PreservedInsect":1477,"Orichalcum":[18],"Mercury Hourglass":[721],"Shuriken":[10],"Bird Faced Urn":[20],"Snecko Eye":[481,459,416,448],"Art of War":[4],"obtain_stats":[{"Ice Cream":144,"Lantern":64,"Calipers":58,"Tiny House":68,"CeramicFish":131,"Vajra":146,"Bag of Preparation":126,"Whetstone":6,"Bottled Tornado":80,"Boot":14,"Cursed Key":51,"Ancient Tea Set":60,"Burning Blood":0,"Blood Vial":45,"Nunchaku":76,"Lizard Tail":150,"infinitespire:ShieldingShard":93,"Mummified Hand":26,"Red Mask":20,"InkBottle":143,"Runic Pyramid":34,"Potion Belt":74,"Pear":42,"Self Forming Clay":9,"Astrolabe":17,"Eternal Feather":31,"PreservedInsect":40,"infinitespire:Beetle Shell":56,"infinitespire:FocusingShard":98,"Orichalcum":99,"Akabeko":109,"Mercury Hourglass":13,"Du-Vu Doll":8,"Calling Bell":119,"SlaversCollar":102,"Bottled Flame":62,"Shuriken":119,"MutagenicStrength":72,"Bird Faced Urn":79,"Snecko Eye":0,"infinitespire:Satchel":119,"Molten Egg 2":156,"Art of War":91,"TungstenRod":47,"Unceasing Top":87,"FossilizedHelix":119,"Meat on the Bone":43,"infinitespire:Midas Blood":114},{"Ice Cream":72,"Lantern":33,"Calipers":30,"Tiny House":35,"CeramicFish":65,"Vajra":73,"Bag of Preparation":63,"Whetstone":5,"Bottled Tornado":41,"Boot":7,"Cursed Key":28,"Ancient Tea Set":30,"Burning Blood":0,"Blood Vial":24,"Nunchaku":40,"Lizard Tail":75,"infinitespire:ShieldingShard":48,"Mummified Hand":13,"Red Mask":11,"InkBottle":72,"Runic Pyramid":17,"Potion Belt":39,"Pear":23,"Self Forming Clay":6,"Astrolabe":8,"Eternal Feather":16,"PreservedInsect":22,"infinitespire:Beetle Shell":29,"infinitespire:FocusingShard":49,"Orichalcum":50,"Akabeko":55,"Mercury Hourglass":7,"Du-Vu Doll":6,"Calling Bell":60,"SlaversCollar":51,"Bottled Flame":32,"Shuriken":60,"MutagenicStrength":37,"Bird Faced Urn":41,"Snecko Eye":0,"infinitespire:Satchel":60,"Molten Egg 2":77,"Art of War":47,"TungstenRod":26,"Unceasing Top":45,"FossilizedHelix":60,"Meat on the Bone":23,"infinitespire:Midas Blood":58},{"Ice Cream":184,"Lantern":117,"Calipers":111,"Tiny House":121,"CeramicFish":173,"Vajra":185,"Bag of Preparation":170,"Whetstone":16,"Bottled Tornado":133,"Boot":24,"Cursed Key":106,"Ancient Tea Set":111,"Burning Blood":0,"Blood Vial":87,"Nunchaku":132,"Lizard Tail":188,"infinitespire:ShieldingShard":149,"Mummified Hand":46,"Red Mask":40,"InkBottle":184,"Runic Pyramid":63,"Potion Belt":128,"Pear":86,"Self Forming Clay":22,"Astrolabe":32,"Eternal Feather":56,"PreservedInsect":83,"infinitespire:Beetle Shell":108,"infinitespire:FocusingShard":151,"Orichalcum":152,"Akabeko":159,"Mercury Hourglass":24,"Du-Vu Doll":22,"Calling Bell":166,"SlaversCollar":155,"Bottled Flame":116,"Shuriken":166,"MutagenicStrength":123,"Bird Faced Urn":133,"Snecko Eye":0,"infinitespire:Satchel":166,"Molten Egg 2":197,"Art of War":148,"TungstenRod":95,"Unceasing Top":144,"FossilizedHelix":166,"Meat on the Bone":86,"infinitespire:Midas Blood":163}],"TungstenRod":16,"Unceasing Top":[0],"Meat on the Bone":0},"card_choices":[{"not_picked":["Heavy Blade","Clothesline"],"picked":"Cleave","floor":1.0},{"not_picked":["Armaments","Rampage"],"picked":"Clothesline","floor":2.0},{"not_picked":["Iron Wave","Wild Strike"],"picked":"Dark Embrace","floor":4.0},{"not_picked":["Pommel Strike","Thunderclap"],"picked":"Shrug It Off","floor":5.0},{"not_picked":["Limit Break","Sever Soul","Entrench"],"picked":"SKIP","floor":6.0},{"not_picked":["Metallicize","Blood for Blood"],"picked":"Offering","floor":8.0},{"not_picked":["Headbutt","Rupture"],"picked":"Corruption","floor":13.0},{"not_picked":["Twin Strike+1","Sword Boomerang","Clothesline"],"picked":"SKIP","floor":18.0},{"not_picked":["Clash+1","Havoc+1","Sever Soul+1"],"picked":"SKIP","floor":19.0},{"not_picked":["Thunderclap","Clash"],"picked":"Spot Weakness","floor":20.0},{"not_picked":["Exhume","Evolve"],"picked":"Armaments+1","floor":21.0},{"not_picked":["Body Slam+1","Cleave"],"picked":"True Grit+1","floor":22.0},{"not_picked":["Armaments","Cleave","Wild Strike"],"picked":"SKIP","floor":29.0},{"not_picked":["Hemokinesis+1","Armaments+1"],"picked":"Shrug It Off","floor":30.0},{"not_picked":["Pummel+1","Second Wind+1","Armaments"],"picked":"SKIP","floor":31.0},{"not_picked":["Sword Boomerang+1","Reckless Charge+1","Anger+1"],"picked":"SKIP","floor":35.0},{"not_picked":["Iron Wave+1","Body Slam"],"picked":"Shrug It Off","floor":36.0},{"not_picked":["Second Wind","Warcry","Searing Blow+1"],"picked":"SKIP","floor":37.0},{"not_picked":["Combust+1","Burning Pact+1","Cleave"],"picked":"SKIP","floor":38.0},{"not_picked":["Carnage","Burning Pact+1","Infernal Blade+1"],"picked":"SKIP","floor":40.0},{"not_picked":["Heavy Blade+1","Reckless Charge+1"],"picked":"Sentinel+1","floor":42.0},{"not_picked":["Heavy Blade","Clash","Flex"],"picked":"SKIP","floor":45.0},{"not_picked":["Heavy Blade","Clash","Flex"],"picked":"SKIP","floor":45.0},{"not_picked":["infinitespire:Oblivion","infinitespire:FinalStrike"],"picked":"infinitespire:Gouge","floor":47.0},{"not_picked":["Iron Wave","Pommel Strike"],"picked":"Shrug It Off","floor":47.0},{"not_picked":["Heavy Blade+1","Whirlwind"],"picked":"Corruption","floor":48.0},{"not_picked":["Exhume","Berserk"],"picked":"Double Tap","floor":50.0},{"not_picked":["Evolve","Clothesline"],"picked":"Shrug It Off","floor":52.0},{"not_picked":["Pommel Strike","Immolate"],"picked":"Shrug It Off","floor":58.0},{"not_picked":["True Grit","Heavy Blade","Thunderclap"],"picked":"SKIP","floor":61.0},{"not_picked":["Anger","Sever Soul"],"picked":"Feel No Pain","floor":62.0},{"not_picked":["Havoc","Rage","Sever Soul"],"picked":"SKIP","floor":63.0},{"not_picked":["Disarm","Blood for Blood","Havoc"],"picked":"SKIP","floor":65.0},{"not_picked":["Exhume","Offering"],"picked":"Reaper","floor":67.0},{"not_picked":["Flex+1","Clothesline","Body Slam"],"picked":"SKIP","floor":69.0},{"not_picked":["Intimidate","Sword Boomerang+1","Bloodletting+1"],"picked":"SKIP","floor":70.0},{"not_picked":["Dropkick","Spot Weakness","Anger+1"],"picked":"SKIP","floor":73.0},{"not_picked":["Twin Strike","Infernal Blade","Rage"],"picked":"SKIP","floor":74.0},{"not_picked":["Brutality","Heavy Blade","Double Tap"],"picked":"SKIP","floor":76.0},{"not_picked":["Havoc","Power Through","Seeing Red"],"picked":"SKIP","floor":79.0},{"not_picked":["Anger","Clash","Sword Boomerang"],"picked":"SKIP","floor":82.0},{"not_picked":["infinitespire:Collect","infinitespire:Oblivion"],"picked":"infinitespire:UltimateForm","floor":85.0},{"not_picked":["Sword Boomerang","Flex+1","Armaments"],"picked":"SKIP","floor":86.0},{"not_picked":["Twin Strike","Heavy Blade","Shrug It Off"],"picked":"SKIP","floor":89.0},{"not_picked":["Impervious","Perfected Strike","Blood for Blood+1"],"picked":"SKIP","floor":91.0},{"not_picked":["Double Tap","Bloodletting+1","Armaments"],"picked":"SKIP","floor":93.0},{"not_picked":["Pommel Strike+1","Shrug It Off+1","Sword Boomerang"],"picked":"SKIP","floor":97.0},{"not_picked":["infinitespire:FutureSight","infinitespire:SealOfDarkness+"],"picked":"infinitespire:TheBestDefense","floor":99.0},{"not_picked":["Body Slam+1","Dark Embrace+1"],"picked":"Flame Barrier+1","floor":99.0},{"not_picked":["Feed","Corruption"],"picked":"Exhume","floor":101.0},{"not_picked":["Pommel Strike","Heavy Blade","Wild Strike"],"picked":"SKIP","floor":103.0},{"not_picked":["Cleave","Shrug It Off"],"picked":"Dual Wield","floor":105.0},{"not_picked":["Thunderclap","Headbutt"],"picked":"Shockwave","floor":106.0},{"not_picked":["Evolve","Searing Blow","Brutality"],"picked":"SKIP","floor":109.0},{"not_picked":["Rampage","Pommel Strike","Intimidate"],"picked":"SKIP","floor":112.0},{"not_picked":["Twin Strike","Second Wind","Clash"],"picked":"SKIP","floor":113.0},{"not_picked":["Flame Barrier","Limit Break","Twin Strike"],"picked":"SKIP","floor":114.0},{"not_picked":["Hemokinesis","Second Wind","Havoc"],"picked":"SKIP","floor":116.0},{"not_picked":["Power Through+1","Pummel","Body Slam+1"],"picked":"SKIP","floor":120.0},{"not_picked":["Perfected Strike","Inflame+1"],"picked":"True Grit+1","floor":122.0},{"not_picked":["Feed","Blood for Blood","Perfected Strike+1"],"picked":"SKIP","floor":126.0},{"not_picked":["Anger","Flex","Iron Wave"],"picked":"SKIP","floor":127.0},{"not_picked":["Disarm","Spot Weakness","Shrug It Off"],"picked":"SKIP","floor":131.0},{"not_picked":["Intimidate","Disarm"],"picked":"Dual Wield+1","floor":133.0},{"not_picked":["Offering","Feed"],"picked":"Juggernaut","floor":135.0},{"not_picked":["Rampage","Hemokinesis","Flex"],"picked":"SKIP","floor":137.0},{"not_picked":["Reckless Charge","Ghostly Armor","Heavy Blade"],"picked":"SKIP","floor":138.0},{"not_picked":["Iron Wave","Body Slam","Pommel Strike+1"],"picked":"SKIP","floor":139.0},{"not_picked":["Headbutt","Armaments+1","Dropkick+1"],"picked":"SKIP","floor":141.0},{"not_picked":["Cleave+1","Metallicize+1","Flex+1"],"picked":"SKIP","floor":143.0},{"not_picked":["Sword Boomerang+1","Twin Strike","Iron Wave"],"picked":"SKIP","floor":146.0},{"not_picked":["Fire Breathing","Twin Strike+1","Evolve"],"picked":"SKIP","floor":147.0},{"not_picked":["Reaper","Offering"],"picked":"Limit Break","floor":152.0},{"not_picked":["Heavy Blade+1","Clothesline+1","Battle Trance"],"picked":"SKIP","floor":156.0}],"player_experience":793905,"relics_obtained":[{"floor":6.0,"key":"Whetstone"},{"floor":8.0,"key":"Du-Vu Doll"},{"floor":9.0,"key":"Self Forming Clay"},{"floor":13.0,"key":"Mercury Hourglass"},{"floor":20.0,"key":"Red Mask"},{"floor":26.0,"key":"Mummified Hand"},{"floor":31.0,"key":"Eternal Feather"},{"floor":40.0,"key":"PreservedInsect"},{"floor":42.0,"key":"Pear"},{"floor":43.0,"key":"Meat on the Bone"},{"floor":45.0,"key":"Blood Vial"},{"floor":47.0,"key":"TungstenRod"},{"floor":56.0,"key":"infinitespire:Beetle Shell"},{"floor":58.0,"key":"Calipers"},{"floor":60.0,"key":"Ancient Tea Set"},{"floor":62.0,"key":"Bottled Flame"},{"floor":74.0,"key":"Potion Belt"},{"floor":76.0,"key":"Nunchaku"},{"floor":79.0,"key":"Bird Faced Urn"},{"floor":87.0,"key":"Unceasing Top"},{"floor":91.0,"key":"Art of War"},{"floor":93.0,"key":"infinitespire:ShieldingShard"},{"floor":99.0,"key":"Orichalcum"},{"floor":109.0,"key":"Akabeko"},{"floor":114.0,"key":"infinitespire:Midas Blood"},{"floor":119.0,"key":"infinitespire:Satchel"},{"floor":119.0,"key":"Shuriken"},{"floor":119.0,"key":"FossilizedHelix"},{"floor":126.0,"key":"Bag of Preparation"},{"floor":131.0,"key":"CeramicFish"},{"floor":143.0,"key":"InkBottle"},{"floor":146.0,"key":"Vajra"},{"floor":150.0,"key":"Lizard Tail"},{"floor":156.0,"key":"Molten Egg 2"}],"event_choices":[{"damage_healed":0.0,"max_hp_gain":0.0,"max_hp_loss":0.0,"gold_gain":0.0,"event_name":"World of Goop","player_choice":"Left Gold","floor":10.0,"gold_loss":21.0,"damage_taken":0.0},{"damage_healed":0.0,"max_hp_gain":0.0,"max_hp_loss":0.0,"gold_gain":30.0,"event_name":"Dead Adventurer","player_choice":"Searched \u00273\u0027 times","floor":14.0,"gold_loss":0.0,"damage_taken":0.0,"relics_obtained":["Boot"]},{"damage_healed":0.0,"max_hp_gain":0.0,"max_hp_loss":0.0,"gold_gain":0.0,"event_name":"Masked Bandits","player_choice":"Fought Bandits","floor":20.0,"gold_loss":0.0,"damage_taken":0.0},{"damage_healed":0.0,"max_hp_gain":0.0,"max_hp_loss":0.0,"gold_gain":0.0,"event_name":"The Woman in Blue","player_choice":"Bought 0 Potions","floor":24.0,"gold_loss":0.0,"damage_taken":0.0},{"damage_healed":0.0,"max_hp_gain":0.0,"max_hp_loss":0.0,"gold_gain":222.0,"event_name":"Tomb of Lord Red Mask","player_choice":"Wore Mask","floor":39.0,"gold_loss":0.0,"damage_taken":0.0},{"cards_removed":["Clash"],"damage_healed":0.0,"max_hp_gain":0.0,"max_hp_loss":0.0,"gold_gain":0.0,"event_name":"Falling","player_choice":"Removed Attack","floor":46.0,"gold_loss":0.0,"damage_taken":0.0},{"damage_healed":0.0,"max_hp_gain":0.0,"max_hp_loss":0.0,"gold_gain":0.0,"event_name":"Living Wall","player_choice":"Grow","floor":53.0,"gold_loss":0.0,"damage_taken":0.0,"cards_upgraded":["Searing Blow"]},{"cards_removed":["Strike_R"],"damage_healed":0.0,"max_hp_gain":0.0,"max_hp_loss":0.0,"gold_gain":0.0,"event_name":"The Cleric","player_choice":"Card Removal","floor":55.0,"gold_loss":50.0,"damage_taken":0.0},{"cards_removed":["infinitespire:Gouge"],"damage_healed":0.0,"max_hp_gain":0.0,"max_hp_loss":0.0,"gold_gain":0.0,"event_name":"Beggar","player_choice":"Gave Gold","floor":71.0,"gold_loss":75.0,"damage_taken":0.0},{"damage_healed":0.0,"max_hp_gain":0.0,"max_hp_loss":0.0,"gold_gain":0.0,"event_name":"Drug Dealer","player_choice":"Inject Mutagens","floor":72.0,"gold_loss":0.0,"damage_taken":0.0,"relics_obtained":["MutagenicStrength"]},{"damage_healed":0.0,"max_hp_gain":0.0,"max_hp_loss":0.0,"gold_gain":0.0,"event_name":"Mysterious Sphere","player_choice":"Fight","floor":87.0,"gold_loss":0.0,"damage_taken":0.0},{"cards_removed":["Inflame"],"damage_healed":0.0,"max_hp_gain":0.0,"max_hp_loss":0.0,"gold_gain":0.0,"event_name":"Falling","player_choice":"Removed Power","floor":88.0,"gold_loss":0.0,"damage_taken":0.0},{"damage_healed":0.0,"max_hp_gain":0.0,"max_hp_loss":5.0,"gold_gain":0.0,"event_name":"Winding Halls","player_choice":"Max HP","floor":92.0,"gold_loss":0.0,"damage_taken":0.0},{"damage_healed":0.0,"max_hp_gain":0.0,"max_hp_loss":0.0,"gold_gain":0.0,"event_name":"SensoryStone","player_choice":"Memory 1","floor":96.0,"gold_loss":0.0,"damage_taken":0.0},{"cards_removed":["Defend_R"],"damage_healed":0.0,"max_hp_gain":0.0,"max_hp_loss":0.0,"gold_gain":0.0,"event_name":"Golden Wing","player_choice":"Card Removal","floor":107.0,"gold_loss":0.0,"damage_taken":7.0},{"cards_removed":["Defend_R"],"damage_healed":0.0,"max_hp_gain":0.0,"max_hp_loss":0.0,"gold_gain":0.0,"event_name":"Purifier","player_choice":"Purged","floor":121.0,"gold_loss":0.0,"damage_taken":0.0},{"cards_removed":["Cleave"],"damage_healed":0.0,"max_hp_gain":0.0,"max_hp_loss":0.0,"gold_gain":0.0,"event_name":"Back to Basics","player_choice":"Elegance","floor":123.0,"gold_loss":0.0,"damage_taken":0.0},{"damage_healed":0.0,"max_hp_gain":5.0,"max_hp_loss":0.0,"gold_gain":0.0,"event_name":"Forgotten Altar","player_choice":"Shed Blood","floor":130.0,"gold_loss":0.0,"damage_taken":24.0},{"cards_removed":["Corruption"],"damage_healed":0.0,"max_hp_gain":0.0,"max_hp_loss":0.0,"gold_gain":0.0,"event_name":"Wheel of Change","player_choice":"Card Removal","floor":140.0,"gold_loss":0.0,"damage_taken":0.0},{"damage_healed":0.0,"max_hp_gain":0.0,"max_hp_loss":5.0,"gold_gain":0.0,"event_name":"Winding Halls","player_choice":"Max HP","floor":149.0,"gold_loss":0.0,"damage_taken":0.0},{"damage_healed":0.0,"max_hp_gain":0.0,"max_hp_loss":0.0,"gold_gain":0.0,"event_name":"Mysterious Sphere","player_choice":"Fight","floor":150.0,"gold_loss":0.0,"damage_taken":0.0}],"is_beta":false,"boss_relics":[{"not_picked":["Mark of Pain","Ectoplasm"],"picked":"Astrolabe"},{"not_picked":["Runic Dome","Pandora\u0027s Box"],"picked":"Runic Pyramid"},{"not_picked":["SacredBark","infinitespire:Burning Sword"],"picked":"Cursed Key"},{"not_picked":["Coffee Dripper","Runic Dome"],"picked":"Tiny House"},{"not_picked":[]},{"not_picked":["Velvet Choker","Runic Cube"],"picked":"SlaversCollar"},{"not_picked":["Coffee Dripper","Runic Dome"],"picked":"Calling Bell"},{"not_picked":[]},{"not_picked":[]}],"items_purged_floors":[28,64,90,98,155],"is_endless":true,"potions_floor_spawned":[1,2,8,18,19,29,31,37,42,47,47,48,52,62,63,67,69,82,84,87,89,93,97,105,106,109,116,118,120,126,127,135,138,141,143,156,157],"ascension_level":1}}