{"host":"hg84m31tmv6ik0mt","time":1612801044,"event":{"mods":["Act Like it!","Arknights","Astrologer","BaseMod","Challenge The Spire","Chen","Downfall","KinomotoSakuraMod(ƒæ÷Æ±æ”£)","Koishi","Lobotomy","Marisa£®ÏF”Í°°ƒß¿Ì…≥£©","Minty Spire (QoL Compilation)","Reimu£®≤©¿ˆ¡È√Œ£©","Remilia£®¿Ÿ√◊¿Ú—«£©","StSLib","Td1madao Mod","The Bug Knight","The Cursed","The Poker Player","The Servant 0.9.4","Yakumo Yukari mod","Youmu£®ªÍ∆«—˝√Œ£©"],"gold_per_floor":[115,133,143,157,117,147,147,72,72,103,118,118,118,118,118,213,213,225,238,254,86,86,114,132,132,132,157,175,192,204,79,79,184,184,197,215,234,84,134,160,160,185,185,218,43,43,63,76,76,76],"floor_reached":51,"language":"ZHS","playtime":4639,"items_purged":["ats:Strike S","ats:Defend","ats:Strike V","ats:Cat Scratch","ats:Very Hot Blade"],"score":766,"play_id":"3326da92-4520-4def-b40b-9600ee5bdf63","local_time":"20210209001724","is_ascension_mode":false,"campfire_choices":[{"floor":7,"key":"REST"},{"floor":15,"key":"REST"},{"data":"ats:Sunburst","floor":25,"key":"SMITH"},{"floor":32,"key":"REST"},{"floor":41,"key":"REST"},{"data":"1","floor":46,"key":"LIFT"},{"floor":49,"key":"REST"}],"circlet_count":0,"master_deck":["ats:Armor Crushing Shot","ats:Emotion Absorption","ats:Sunburst+1","ats:Guard Mode","ats:Hammer On+1","ats:Poison Spread+1","ats:Blood Oath+1","ats:Curse Doll","ats:Volcano+1","ats:Flexible Camouflage","ats:Blood Oath+1","ats:Magnetic Hammer+1","ats:Charging Defense","ats:Absolute Focus+1","ats:Overload+1","ats:Closed Bolt Burst Fire+1","ats:Neurotoxin","ats:Poison Spread+1","ats:Calcification","ats:Thermite Blade+1","ats:Very Hot Blade+1","ats:Cat Scratch+1","ats:Explosion Area Strengthen+1"],"relics":["ats:Sanity","PaintedHorse:ReiMu","ats:Originium","Molten Egg 2","CrazyTorch:ReiMu","Shuriken","bronze:MakeshiftBattery","ats:Bonebreaker","Bottled Lightning","ats:Emergency Defibrillator","Astrolabe","CatCart","Regal Pillow","Ornamental Fan","ats:Industrial Water Cannon","Girya"],"acts_visited":["Exordium","TheCity","TheBeyond"],"potions_floor_usage":[6,20,33,39,50,50],"damage_taken":[{"damage":6,"enemies":"Jaw Worm","floor":1,"turns":4},{"damage":7,"enemies":"2 Louse","floor":2,"turns":2},{"damage":4,"enemies":"ats:Genji","floor":3,"turns":4},{"damage":1,"enemies":"2 Fungi Beasts","floor":4,"turns":3},{"damage":19,"enemies":"Gremlin Nob","floor":6,"turns":4},{"damage":7,"enemies":"HollowMod:MossKnight","floor":10,"turns":9},{"damage":9,"enemies":"Large Slime","floor":11,"turns":3},{"damage":1,"enemies":"Exordium Wildlife","floor":13,"turns":3},{"damage":41,"enemies":"The Guardian","floor":16,"turns":6},{"damage":0,"enemies":"Spheric Guardian","floor":18,"turns":3},{"damage":10,"enemies":"Chosen","floor":19,"turns":2},{"damage":7,"enemies":"3 Cultists","floor":20,"turns":4},{"damage":17,"enemies":"Slavers","floor":23,"turns":4},{"damage":13,"enemies":"Shelled Parasite and Fungi","floor":24,"turns":3},{"damage":5,"enemies":"HollowMod:Nosk","floor":27,"turns":4},{"damage":15,"enemies":"Snecko","floor":28,"turns":4},{"damage":17,"enemies":"Centurion and Healer","floor":29,"turns":3},{"damage":10,"enemies":"Snake Plant","floor":30,"turns":3},{"damage":39,"enemies":"Champ","floor":33,"turns":9},{"damage":7,"enemies":"Orb Walker","floor":35,"turns":2},{"damage":2,"enemies":"3 Shapes","floor":36,"turns":2},{"damage":20,"enemies":"Sphere and 2 Shapes","floor":37,"turns":3},{"damage":42,"enemies":"Orin","floor":39,"turns":9},{"damage":122,"enemies":"Giant Head","floor":40,"turns":9},{"damage":4,"enemies":"Nemesis","floor":42,"turns":4},{"damage":0,"enemies":"HollowMod:StalkingDevout","floor":44,"turns":4},{"damage":26,"enemies":"3 Darklings","floor":47,"turns":3},{"damage":5,"enemies":"Spire Growth","floor":48,"turns":3},{"damage":105,"enemies":"Awakened One","floor":50,"turns":10}],"seed_played":"-3883325903258989844","potions_obtained":[{"floor":1,"key":"ats:Burn Big Potion"},{"floor":6,"key":"LiquidMemories"},{"floor":10,"key":"DuplicationPotion"},{"floor":19,"key":"MagicPotion:ReiMu"},{"floor":22,"key":"FairyPotion"},{"floor":36,"key":"Fire Potion"},{"floor":40,"key":"Fire Potion"},{"floor":42,"key":"CultistPotion"}],"is_trial":false,"path_per_floor":["M","M","M","M","?","E","R","$","T","E","M","?","M","?","R","B",null,"M","M","M","$","?","E","M","R","T","E","M","M","M","$","R","B",null,"M","M","M","$","?","E","R","E","T","E","$","R","M","M","R","B",null],"character_chosen":"DOCTOR_CLASS","items_purchased":["ats:Charging Defense"],"campfire_rested":5,"item_purchase_floors":[21],"current_hp_per_floor":[66,59,55,54,54,35,56,56,56,49,40,33,37,37,58,27,72,72,67,72,72,72,65,57,57,57,57,42,35,35,35,56,42,72,65,63,49,49,59,9,45,51,51,57,57,57,37,37,72,28],"gold":76,"neow_bonus":"REMOVE_CARD","is_daily":false,"chose_seed":false,"campfire_upgraded":1,"win_rate":0.0,"timestamp":1612801044,"path_taken":["M","M","M","M","?","E","R","$","T","E","M","?","M","?","R","BOSS","M","M","M","$","?","E","M","R","T","E","?","M","M","$","R","BOSS","M","M","M","$","?","E","R","E","T","E","$","R","M","M","R","BOSS"],"items_purchased_type":["Card"],"build_version":"2020-12-22","purchased_purges":5,"victory":true,"max_hp_per_floor":[72,72,72,72,72,72,72,72,72,72,72,72,72,72,72,72,72,72,72,72,72,72,72,72,72,72,72,72,72,72,72,72,72,72,72,72,72,72,72,72,72,72,72,72,72,72,72,72,72,72],"card_choices":[{"not_picked":["ats:Collapsing Strike","ats:Flexible Camouflage"],"picked":"ats:Sunburst","floor":1},{"not_picked":["ats:Revitalization","ats:Sunburst"],"picked":"ats:Cat Scratch","floor":2},{"not_picked":["ats:Apocalypse","ats:Defend Order"],"picked":"ats:Guard Mode","floor":3},{"not_picked":["ats:Guard Mode","ats:Sunburst"],"picked":"ats:Very Hot Blade","floor":4},{"not_picked":["ats:Encircling Forest","ats:Very Hot Blade+1"],"picked":"ats:Hammer On+1","floor":6},{"not_picked":["ats:Wolf Pack+1","ats:Guard Mode"],"picked":"ats:Poison Spread+1","floor":10},{"not_picked":["ats:Leaping Hammer+1","ats:Curse Doll"],"picked":"ats:Blood Oath+1","floor":11},{"not_picked":["ats:Hammer On+1","ats:Assault Order"],"picked":"ats:Curse Doll","floor":13},{"not_picked":["ats:Rat Pack","ats:Dogmatic Field"],"picked":"ats:Volcano+1","floor":16},{"not_picked":["ats:Poison Spread+1","ats:Blood Oath+1"],"picked":"ats:Flexible Camouflage","floor":18},{"not_picked":["ats:Curse Doll","ats:Magnetic Hammer+1"],"picked":"ats:Blood Oath+1","floor":19},{"not_picked":["ats:Blood Oath+1","ats:Rapid Magazine"],"picked":"ats:Magnetic Hammer+1","floor":20},{"not_picked":["ats:Poison Spread+1","ats:Counter Healing Mode+1"],"picked":"ats:Absolute Focus+1","floor":23},{"not_picked":["ats:Wolf Pack+1","ats:Revitalization"],"picked":"ats:Overload+1","floor":24},{"not_picked":["ats:Consecutive Shot Auto+1","ats:Spore Proliferation"],"picked":"ats:Closed Bolt Burst Fire+1","floor":27},{"not_picked":["ats:Poison Spread+1","ats:Consecutive Shot Auto+1"],"picked":"ats:Neurotoxin","floor":28},{"not_picked":["ats:Directed Diagnosis","ats:Curse Doll","ats:Volcano+1"],"picked":"SKIP","floor":29},{"not_picked":["ats:Composite Medical Shells","ats:Hammer On+1"],"picked":"ats:Poison Spread+1","floor":30},{"not_picked":["ats:True Silver Slash+1","ats:Disruption Kick+1"],"picked":"ats:Calcification","floor":33},{"not_picked":["ats:Shadow Raid+1","ats:Hook Shot+1","ats:Shell Defense"],"picked":"SKIP","floor":35},{"not_picked":["ats:Healing Strengthening+1","ats:Mental Burst+1","ats:Flame Of Heaven+1"],"picked":"SKIP","floor":36},{"not_picked":["ats:Powerful Strike+1","ats:Guard Mode"],"picked":"ats:Explosion Area Strengthen+1","floor":37},{"not_picked":["ats:Guardian Obelisk","ats:Absolute Focus","ats:Disruption Kick+1"],"picked":"SKIP","floor":40},{"not_picked":["ats:Ambush","ats:Apocalypse","ats:Sunburst+1"],"picked":"SKIP","floor":42},{"not_picked":["ats:Cat Scratch+1","ats:Closed Bolt Burst Fire+1","ats:Part Time Job"],"picked":"SKIP","floor":44},{"not_picked":["ats:Soul Absorption+1","ats:Burning Ground","ats:Thermite Blade+1"],"picked":"SKIP","floor":47},{"not_picked":["ats:Overload+1","ats:Shell Defense+1","ats:Apocalypse"],"picked":"SKIP","floor":48}],"player_experience":153199,"relics_obtained":[{"floor":6,"key":"ats:Originium"},{"floor":6,"key":"Molten Egg 2"},{"floor":9,"key":"CrazyTorch:ReiMu"},{"floor":10,"key":"ats:Originium"},{"floor":10,"key":"Shuriken"},{"floor":23,"key":"ats:Originium"},{"floor":23,"key":"ats:Bonebreaker"},{"floor":26,"key":"Bottled Lightning"},{"floor":27,"key":"ats:Originium"},{"floor":27,"key":"ats:Emergency Defibrillator"},{"floor":39,"key":"CatCart"},{"floor":40,"key":"Regal Pillow"},{"floor":42,"key":"Ornamental Fan"},{"floor":43,"key":"ats:Industrial Water Cannon"},{"floor":44,"key":"Girya"}],"event_choices":[{"damage_healed":0,"gold_gain":0,"player_choice":"»˚«Æ","damage_taken":0,"relics_obtained":["PaintedHorse:ReiMu"],"max_hp_gain":0,"max_hp_loss":0,"event_name":"yidonshenshe","floor":5,"gold_loss":40},{"cards_removed":["ats:Strike C"],"damage_healed":0,"gold_gain":0,"player_choice":"Card Removal","damage_taken":7,"max_hp_gain":0,"max_hp_loss":0,"event_name":"Golden Wing","floor":12,"gold_loss":0},{"damage_healed":0,"gold_gain":0,"player_choice":"Ignored","damage_taken":0,"max_hp_gain":0,"max_hp_loss":0,"event_name":"Liars Game","floor":14,"gold_loss":0},{"damage_healed":0,"gold_gain":0,"player_choice":"Got Potions","damage_taken":0,"max_hp_gain":0,"max_hp_loss":0,"event_name":"Lab","floor":22,"gold_loss":0},{"damage_healed":0,"gold_gain":0,"player_choice":"Fight","damage_taken":0,"max_hp_gain":0,"max_hp_loss":0,"event_name":"OrinTheCat","floor":39,"gold_loss":0}],"is_beta":false,"boss_relics":[{"not_picked":["ats:Tactical Delivery","Empty Cage"],"picked":"bronze:MakeshiftBattery"},{"not_picked":["Sozu","Fusion Hammer"],"picked":"Astrolabe"}],"items_purged_floors":[8,21,31,38,45],"is_endless":false,"potions_floor_spawned":[1,6,10,19,23,27,28,29,36,40,42,47],"ascension_level":0}}