{"host":"9kesdg97wkrx2bva","time":1612750458,"event":{"mods":["AchievementEnabler","BaseMod","Colored Map","GifTheSpireLib","Infinite Spire","Minty Spire (QoL Compilation)","Replay The Spire","StSLib"],"gold_per_floor":[109,120,130,15,15,15,15,29,29,53,53,71,29,29,29,124,124,145,145,45,45,45],"floor_reached":21,"language":"ENG","playtime":417,"items_purged":["Strike_B","Scrape"],"score":321,"play_id":"4c24f0fd-6d4c-474c-bba4-41da63c7fe0f","local_time":"20210207201418","is_ascension_mode":true,"campfire_choices":[{"data":"Zap","floor":6,"key":"SMITH"},{"data":"BasicCrystalCard","floor":11,"key":"SMITH"}],"circlet_count":0,"master_deck":["AscendersBane","Strike_B","Strike_B","Strike_B","Defend_B","Defend_B","Defend_B","Defend_B","Zap+1","Dualcast","Ball Lightning+1","Cold Snap","Defragment","Chaos+1","BasicCrystalCard+1","Defragment","Chaos","Biased Cognition","White Noise"],"relics":["Cracked Core","NeowsBlessing","Golden Idol","Potion Belt","infinitespire:SolderingIron","Inserter"],"acts_visited":["Exordium","TheCity"],"potions_floor_usage":[16,21,21,21],"damage_taken":[{"damage":0,"enemies":"Cultist","floor":1,"turns":1},{"damage":0,"enemies":"Jaw Worm","floor":2,"turns":1},{"damage":0,"enemies":"infinitespire:Voidling","floor":3,"turns":1},{"damage":22,"enemies":"3 Louse","floor":8,"turns":3},{"damage":21,"enemies":"Lots of Slimes","floor":10,"turns":4},{"damage":12,"enemies":"Exordium Thugs","floor":12,"turns":5},{"damage":3,"enemies":"Slime Boss","floor":16,"turns":7},{"damage":39,"enemies":"Shell Parasite","floor":18,"turns":5},{"damage":17,"enemies":"Spheric Guardian","floor":21,"turns":3}],"seed_played":"-5046334870611186640","potions_obtained":[{"floor":2,"key":"FearPotion"},{"floor":10,"key":"DuplicationPotion"},{"floor":16,"key":"SkillPotion"},{"floor":18,"key":"Elixir"}],"is_trial":false,"path_per_floor":["M","M","M","$","?","R","T","M","T","M","R","M","$","?","R_BF","B",null,"M","?","$","M"],"character_chosen":"DEFECT","items_purchased":["Defragment","Chaos"],"campfire_rested":0,"item_purchase_floors":[4,13],"current_hp_per_floor":[64,64,64,64,64,64,64,42,42,21,21,9,9,9,28,25,54,15,15,15,0,0],"gold":45,"neow_bonus":"THREE_ENEMY_KILL","is_daily":false,"chose_seed":false,"campfire_upgraded":2,"win_rate":0.0,"timestamp":1612750458,"path_taken":["M","M","M","$","?","R","?","M","T","M","R","?","?","?","R_BF","BOSS","M","?","$","M"],"items_purchased_type":["Card","Card"],"build_version":"2020-12-22","purchased_purges":2,"victory":false,"max_hp_per_floor":[71,71,71,71,64,64,64,64,64,64,64,64,64,64,64,64,64,64,64,64,64,64],"card_choices":[{"not_picked":["Self Repair","Compile Driver"],"picked":"Ball Lightning","floor":1},{"not_picked":["Reprogram","Barrage"],"picked":"Cold Snap","floor":2},{"not_picked":["Double Energy","Rebound"],"picked":"Scrape","floor":3},{"not_picked":["Conserve Battery","Sweeping Beam"],"picked":"Chaos","floor":8},{"not_picked":["Melter","Fusion"],"picked":"BasicCrystalCard","floor":10},{"not_picked":["Barrage","Go for the Eyes"],"picked":"Defragment","floor":12},{"not_picked":["Hyperbeam","ReplayTheSpireMod:Omega Cannon"],"picked":"Biased Cognition","floor":16},{"not_picked":["Conserve Battery","Rebound"],"picked":"White Noise","floor":18}],"player_experience":1019636,"relics_obtained":[{"floor":7,"key":"Potion Belt"},{"floor":9,"key":"infinitespire:SolderingIron"}],"event_choices":[{"damage_healed":0,"gold_gain":0,"player_choice":"Lose Max HP","damage_taken":0,"relics_obtained":["Golden Idol"],"max_hp_gain":0,"max_hp_loss":7,"event_name":"Golden Idol","floor":5,"gold_loss":0},{"damage_healed":0,"gold_gain":0,"player_choice":"Upgraded","damage_taken":0,"max_hp_gain":0,"max_hp_loss":0,"event_name":"Upgrade Shrine","floor":14,"gold_loss":0,"cards_upgraded":["Chaos"]},{"damage_healed":0,"gold_gain":0,"player_choice":"Ignored","damage_taken":0,"max_hp_gain":0,"max_hp_loss":0,"event_name":"The Mausoleum","floor":19,"gold_loss":0}],"is_beta":false,"boss_relics":[{"not_picked":["Pandora\u0027s Box","Honey Jar"],"picked":"Inserter"}],"items_purged_floors":[4,20],"is_endless":false,"potions_floor_spawned":[2,10,16,18],"killed_by":"Spheric Guardian","ascension_level":18}}