{"host":"j9610sde00vfp93k","time":1612786966,"event":{"mods":["AchievementEnabler","BaseMod","Minty Spire (QoL Compilation)","StSLib","SuperFastMode"],"gold_per_floor":[115,128,128,128,128,128,156,169,214,229,143,175,175,187,187,289,289,307,318,331,349,203,203,228,244,244,244,272,292,292,292],"floor_reached":30,"language":"ENG","playtime":1076,"items_purged":[],"score":357,"play_id":"d14a1f30-26a4-4e2f-915a-28fc267170ea","local_time":"20210208202246","is_ascension_mode":false,"campfire_choices":[{"data":"Vigilance","floor":6,"key":"SMITH"},{"data":"Adaptation","floor":15,"key":"SMITH"},{"floor":23,"key":"REST"},{"floor":27,"key":"REST"}],"circlet_count":0,"master_deck":["Strike_P","Strike_P","Strike_P","Strike_P","Defend_P","Defend_P","Defend_P","Defend_P","Eruption+1","Vigilance+1","BowlingBash","Prostrate","Tantrum","Evaluate","TalkToTheHand","Dramatic Entrance","Adaptation+1","Devotion","ClearTheMind+1","BattleHymn","FollowUp","EmptyFist+1","PathToVictory","Halt+1","FlurryOfBlows"],"relics":["PureWater","NeowsBlessing","Nunchaku","Oddly Smooth Stone","Pocketwatch","Fusion Hammer","Membership Card","Singing Bowl","Bag of Marbles"],"acts_visited":["Exordium","TheCity"],"potions_floor_usage":[24,24,28,30],"damage_taken":[{"damage":0,"enemies":"2 Louse","floor":1,"turns":1},{"damage":0,"enemies":"Small Slimes","floor":2,"turns":1},{"damage":0,"enemies":"3 Sentries","floor":7,"turns":1},{"damage":0,"enemies":"Cultist","floor":8,"turns":2},{"damage":0,"enemies":"Looter","floor":10,"turns":1},{"damage":3,"enemies":"Lagavulin","floor":12,"turns":5},{"damage":0,"enemies":"Blue Slaver","floor":14,"turns":1},{"damage":0,"enemies":"Slime Boss","floor":16,"turns":5},{"damage":13,"enemies":"Shell Parasite","floor":18,"turns":3},{"damage":0,"enemies":"Spheric Guardian","floor":19,"turns":3},{"damage":6,"enemies":"Cultist and Chosen","floor":20,"turns":5},{"damage":4,"enemies":"Sentry and Sphere","floor":21,"turns":4},{"damage":30,"enemies":"Gremlin Leader","floor":24,"turns":3},{"damage":7,"enemies":"3 Cultists","floor":25,"turns":5},{"damage":38,"enemies":"Slavers","floor":28,"turns":4},{"damage":15,"enemies":"Shelled Parasite and Fungi","floor":29,"turns":3},{"damage":3,"enemies":"Snake Plant","floor":30,"turns":1}],"seed_played":"-2057568485343426212","potions_obtained":[{"floor":8,"key":"BottledMiracle"},{"floor":10,"key":"DistilledChaos"},{"floor":12,"key":"Swift Potion"},{"floor":24,"key":"Explosive Potion"},{"floor":25,"key":"Ancient Potion"},{"floor":29,"key":"AttackPotion"}],"is_trial":false,"path_per_floor":["M","M","?","?","$","R","E","M","T","M","$","E","?","M","R","B",null,"M","M","M","M","$","R","E","M","T","R","E","M","M"],"character_chosen":"WATCHER","items_purchased":["Dramatic Entrance","Membership Card"],"campfire_rested":2,"item_purchase_floors":[11,22],"current_hp_per_floor":[72,72,72,72,72,72,72,72,72,72,72,69,69,69,69,69,72,59,59,53,49,49,70,40,33,33,54,18,3,0,0],"gold":292,"neow_bonus":"THREE_ENEMY_KILL","is_daily":false,"chose_seed":false,"campfire_upgraded":2,"win_rate":0.0,"timestamp":1612786966,"path_taken":["M","M","?","?","$","R","E","M","T","M","$","E","?","M","R","BOSS","M","M","M","M","$","R","E","M","T","R","E","M","?"],"items_purchased_type":["Card","Relic"],"build_version":"2020-12-22","purchased_purges":0,"victory":false,"max_hp_per_floor":[72,72,72,72,72,72,72,72,72,72,72,72,72,72,72,72,72,72,72,72,72,72,72,72,72,72,72,74,74,74,74],"card_choices":[{"not_picked":["ThirdEye","EmptyFist"],"picked":"BowlingBash","floor":1},{"not_picked":["Pray","Swivel"],"picked":"Prostrate","floor":2},{"not_picked":["Crescendo","Vengeance"],"picked":"Tantrum","floor":7},{"not_picked":["ClearTheMind","Wallop"],"picked":"Evaluate","floor":8},{"not_picked":["FlyingSleeves","WreathOfFlame"],"picked":"TalkToTheHand","floor":10},{"not_picked":["Tantrum","FearNoEvil","CrushJoints"],"picked":"SKIP","floor":12},{"not_picked":["Weave","CutThroughFate"],"picked":"Adaptation","floor":14},{"not_picked":["ConjureBlade","Establishment"],"picked":"Devotion","floor":16},{"not_picked":["Collect","EmptyBody"],"picked":"ClearTheMind+1","floor":18},{"not_picked":["Evaluate","FlyingSleeves"],"picked":"BattleHymn","floor":19},{"not_picked":["Protect","DeceiveReality+1"],"picked":"FollowUp","floor":20},{"not_picked":["SashWhip","CutThroughFate"],"picked":"EmptyFist+1","floor":21},{"not_picked":["Tantrum","EmptyFist"],"picked":"PathToVictory","floor":24},{"not_picked":["CrushJoints+1","ForeignInfluence"],"picked":"Halt+1","floor":25},{"not_picked":["EmptyBody","LessonLearned","Swivel+1"],"picked":"Singing Bowl","floor":28},{"not_picked":["Evaluate","ThirdEye"],"picked":"FlurryOfBlows","floor":29}],"player_experience":211366,"relics_obtained":[{"floor":7,"key":"Nunchaku"},{"floor":9,"key":"Oddly Smooth Stone"},{"floor":12,"key":"Pocketwatch"},{"floor":24,"key":"Singing Bowl"},{"floor":28,"key":"Bag of Marbles"}],"event_choices":[{"damage_healed":0,"gold_gain":0,"player_choice":"Grow","damage_taken":0,"max_hp_gain":0,"max_hp_loss":0,"event_name":"Living Wall","floor":3,"gold_loss":0,"cards_upgraded":["Eruption"]},{"damage_healed":0,"gold_gain":0,"player_choice":"Leave","damage_taken":0,"max_hp_gain":0,"max_hp_loss":0,"event_name":"The Cleric","floor":4,"gold_loss":0},{"damage_healed":0,"gold_gain":0,"player_choice":"Ignored","damage_taken":0,"max_hp_gain":0,"max_hp_loss":0,"event_name":"Purifier","floor":13,"gold_loss":0}],"is_beta":false,"boss_relics":[{"not_picked":["Runic Pyramid","Ectoplasm"],"picked":"Fusion Hammer"}],"items_purged_floors":[],"is_endless":false,"potions_floor_spawned":[8,10,12,24,25,29],"killed_by":"Snake Plant","ascension_level":0}}