{"host":"coat6gkfrd6s61c3","time":1612784961,"event":{"mods":["100% Spire Juice","2.2 Compatiblity","AchievementEnabler","Act Like it!","Aspiration","Bard","BaseMod","Beaked The Cultist","Better Third Choice","Bossed Relics","Colored Powertips","Conspire","Friendly Minions","Gremlin Mod","Halation","Hermit","Hubris","Hunter ??","Infinite Spire","Mad Scientist","Marisa????????","Marked Mod","Melee Mod","Minty Spire (QoL Compilation)","Pikachu Mod","Relic Stats","Reliquary","Replay The Spire","Robot Space Explorer","Shade Mod","Shop Mod","Smile Girya","SpireExporter+","StS++","StSLib","The Blackbeard","The Blue Laboratory","The Bug Knight","The Construct","The Cursed","The Disciple","The Hayseed","The Marked","The Mystic","The Sage","The Saiyan","The Servant 0.9.4","The Wild Card","The Witch","Yuri Mod","everything is the same but u backflip on backflip","slay the spire mod where everything is the same but ironclad has a cowboy hat","thorton"],"gold_per_floor":[115,194,219,232,232,232,15,27,53,65,88,110,149,171,183,292,304,314,74,74,74,74,74,128,6,74,74,84,84,81,84,84,69,69],"floor_reached":33,"language":"ENG","playtime":1450,"items_purged":[],"score":338,"play_id":"9733f80a-68dd-445c-ab39-2e4d8a115752","local_time":"20210208221921","is_ascension_mode":false,"campfire_choices":[{"data":"StSpp:Faith","floor":6,"key":"SMITH"},{"data":"construct:GuardCore","floor":10,"key":"SMITH"},{"data":"construct:Autoturret","floor":15,"key":"SMITH"},{"data":"construct:GoldenBullet","floor":23,"key":"SMITH"},{"data":"construct:ModeShift","floor":27,"key":"SMITH"},{"data":"construct:Electrocute","floor":29,"key":"SMITH"},{"data":"construct:NuclearCore","floor":32,"key":"SMITH"}],"circlet_count":0,"master_deck":["construct:Strike_Gold","construct:Strike_Gold","construct:Strike_Gold","construct:Strike_Gold","construct:Strike_Gold","construct:Defend_Gold","construct:Defend_Gold","construct:Defend_Gold+2","construct:Defend_Gold","construct:Defend_Gold","construct:AttackMode","construct:DefenseMode","construct:Antimatter","construct:PointDefense","construct:Tumble","construct:ClusterMines","StSpp:Faith+1","construct:Autoturret+1","construct:ShiftStrike","construct:ScrapCannon","construct:GuardCore+1","construct:FierceBash","construct:PhosphorStorm","construct:BlazingSpeed","construct:Impenetrable","construct:CreateCores","construct:GoldenBullet+1","construct:Versatility+1","Parasite","construct:QuickAttack","Trip","infinitespire:Starlight","construct:Electrocute+1","construct:ModeShift+1","construct:NuclearCore+1"],"relics":["construct:Cogwheel","NeowsBlessing","Bag of Marbles","infinitespire:Beetle Shell","Lantern","MawBank","aspiration:AnachronicSnailShell","halation:LoveArrow","ReplayTheSpireMod:CursedCoin","StSpp:TwinEgg","hubris:Towel","Replay:Accelerometer","Ring of Chaos","Anchor","Juzu Bracelet","construct:MegaBattery","Oddly Smooth Stone"],"acts_visited":["Exordium","TheCity"],"potions_floor_usage":[16,16,31,31,31,33],"damage_taken":[{"damage":0,"enemies":"Small Slimes","floor":1,"turns":1},{"damage":0,"enemies":"Jaw Worm","floor":4,"turns":1},{"damage":0,"enemies":"2 Louse","floor":8,"turns":1},{"damage":7,"enemies":"Exordium Wildlife","floor":11,"turns":3},{"damage":10,"enemies":"Lots of Slimes","floor":12,"turns":4},{"damage":6,"enemies":"Gremlin Nob","floor":13,"turns":3},{"damage":0,"enemies":"Large Slime","floor":14,"turns":3},{"damage":0,"enemies":"Slime Boss","floor":16,"turns":8},{"damage":11,"enemies":"Shell Parasite","floor":18,"turns":5},{"damage":15,"enemies":"Slavers","floor":28,"turns":6},{"damage":14,"enemies":"2 Thieves","floor":30,"turns":4},{"damage":21,"enemies":"Cultist and Chosen","floor":31,"turns":7},{"damage":75,"enemies":"Automaton","floor":33,"turns":6}],"seed_played":"4173813327581464314","potions_obtained":[{"floor":4,"key":"BlessingOfTheForge"},{"floor":12,"key":"blueLaboratory:BottleOfVodka"},{"floor":30,"key":"StSpp:ScatteredWeakPotion"},{"floor":31,"key":"Regen Potion"}],"is_trial":false,"path_per_floor":["M","?","T","M","?","R","$","M","T","R","M","M","E","M","R","B",null,"M","$","?","AVR","?","R","T","$","T","R","E","R","M","M","R","B"],"character_chosen":"THE_CONSTRUCT_MOD","items_purchased":["construct:Autoturret","construct:ShiftStrike","construct:ScrapCannon","construct:GuardCore","ReplayTheSpireMod:CursedCoin","construct:QuickAttack","StSpp:TwinEgg","Trip","construct:Electrocute","construct:ModeShift"],"campfire_rested":0,"item_purchase_floors":[7,7,7,7,19,19,19,19,25,25],"current_hp_per_floor":[85,64,64,64,55,55,55,55,55,55,48,38,32,32,32,32,85,74,74,74,74,66,66,66,66,66,66,61,61,47,36,36,0,0],"gold":69,"neow_bonus":"THREE_ENEMY_KILL","is_daily":false,"chose_seed":false,"campfire_upgraded":7,"win_rate":0.0,"timestamp":1612784961,"path_taken":["M","?","?","M","?","R","?","?","T","R","M","M","E","M","R","BOSS","M","?","?","AVR","?","R","?","?","T","R","E","R","M","M","R","BOSS"],"items_purchased_type":["Card","Card","Card","Card","Relic","Card","Relic","Card","Card","Card"],"build_version":"2020-12-22","purchased_purges":0,"victory":false,"max_hp_per_floor":[85,85,85,85,85,85,85,85,85,85,85,85,85,85,85,85,85,85,85,85,85,85,85,85,85,85,85,85,85,85,85,85,85,85],"relic_stats":{"counters":[13,51],"Juzu Bracelet":0,"MawBank":120,"obtain_stats":[{"Replay:Accelerometer":21,"Lantern":5,"NeowsBlessing":0,"ReplayTheSpireMod:CursedCoin":19,"Oddly Smooth Stone":28,"infinitespire:Beetle Shell":3,"Ring of Chaos":21,"Juzu Bracelet":24,"hubris:Towel":20,"MawBank":9,"halation:LoveArrow":17,"Anchor":22,"construct:Cogwheel":0,"aspiration:AnachronicSnailShell":13,"StSpp:TwinEgg":19,"Bag of Marbles":2,"construct:MegaBattery":26},{"Replay:Accelerometer":9,"Lantern":2,"NeowsBlessing":0,"ReplayTheSpireMod:CursedCoin":9,"Oddly Smooth Stone":10,"infinitespire:Beetle Shell":1,"Ring of Chaos":9,"Juzu Bracelet":9,"hubris:Towel":9,"MawBank":3,"halation:LoveArrow":8,"Anchor":9,"construct:Cogwheel":0,"aspiration:AnachronicSnailShell":6,"StSpp:TwinEgg":9,"Bag of Marbles":1,"construct:MegaBattery":9},{"Replay:Accelerometer":28,"Lantern":2,"NeowsBlessing":0,"ReplayTheSpireMod:CursedCoin":28,"Oddly Smooth Stone":34,"infinitespire:Beetle Shell":1,"Ring of Chaos":28,"Juzu Bracelet":28,"hubris:Towel":28,"MawBank":3,"halation:LoveArrow":23,"Anchor":28,"construct:Cogwheel":0,"aspiration:AnachronicSnailShell":13,"StSpp:TwinEgg":28,"Bag of Marbles":1,"construct:MegaBattery":28}]},"card_choices":[{"not_picked":["construct:CreateCores","construct:Anticipate"],"picked":"construct:Antimatter","floor":1},{"not_picked":["construct:PhosphorStorm","construct:Analyze"],"picked":"construct:PointDefense","floor":2},{"not_picked":["construct:Reinforce","construct:Rollout"],"picked":"construct:Tumble","floor":2},{"not_picked":["construct:Accumulate","construct:CreateCores"],"picked":"construct:ClusterMines","floor":4},{"not_picked":["construct:HardReboot","construct:Failsafe"],"picked":"construct:FierceBash","floor":8},{"not_picked":["construct:Autoturret","construct:Analyze"],"picked":"construct:PhosphorStorm","floor":11},{"not_picked":["construct:Autoturret","construct:HardReboot"],"picked":"construct:BlazingSpeed","floor":12},{"not_picked":["construct:Enhance","construct:Boost"],"picked":"construct:Impenetrable","floor":13},{"not_picked":["construct:Missile","construct:FlammableFog"],"picked":"construct:CreateCores","floor":14},{"not_picked":["construct:ShiftingStance","construct:Meltdown"],"picked":"construct:GoldenBullet","floor":16},{"not_picked":["construct:Boost","construct:FlakBarrage"],"picked":"construct:Versatility+1","floor":18},{"not_picked":["construct:PowerUp","construct:DarkFlames","construct:Accumulate"],"picked":"SKIP","floor":28},{"not_picked":["construct:VentSteam","construct:Autoturret","construct:CreateCores"],"picked":"SKIP","floor":30},{"not_picked":["construct:ScrapCannon","construct:Versatility"],"picked":"construct:NuclearCore","floor":31}],"player_experience":816987,"relics_obtained":[{"floor":2,"key":"Bag of Marbles"},{"floor":3,"key":"infinitespire:Beetle Shell"},{"floor":9,"key":"MawBank"},{"floor":13,"key":"aspiration:AnachronicSnailShell"},{"floor":24,"key":"Juzu Bracelet"},{"floor":26,"key":"construct:MegaBattery"},{"floor":28,"key":"Oddly Smooth Stone"}],"event_choices":[{"damage_healed":0,"gold_gain":0,"player_choice":"Anchor","damage_taken":0,"relics_obtained":["Anchor"],"max_hp_gain":0,"max_hp_loss":0,"event_name":"blackbeard:ShipwreckEvent","floor":22,"gold_loss":0}],"is_beta":false,"boss_relics":[{"not_picked":["Kintsugi","halation:Risk"],"picked":"halation:LoveArrow"}],"items_purged_floors":[],"is_endless":false,"potions_floor_spawned":[4,12,30,31],"killed_by":"Automaton","ascension_level":0}}