{"host":"b7j598ve05halrwk","time":1612756685,"event":{"mods":["2.2 Compatiblity","BaseMod","Block Reminder","DeckTracker","Minty Spire (QoL Compilation)","Relic Stats","Slay the Relics Exporter","StSLib","ojb\u0027s Better Paths Mod","ojb\u0027s Info Mod"],"gold_per_floor":[117,392,408,101,121,121,147,147,147,147,174,174,324,350,350,425,425,391,351,39,53,53,53],"floor_reached":22,"language":"ENG","playtime":1320,"items_purged":["Regret"],"score":350,"play_id":"990d0a0d-19b2-40e3-a721-4464f8e274c8","local_time":"20210207225805","is_ascension_mode":true,"campfire_choices":[{"data":"True Grit","floor":6,"key":"SMITH"},{"data":"Pommel Strike","floor":8,"key":"SMITH"},{"data":"Disarm","floor":12,"key":"SMITH"},{"data":"Cleave","floor":15,"key":"SMITH"}],"circlet_count":0,"master_deck":["AscendersBane","Strike_R","Strike_R","Strike_R","Strike_R","Strike_R","Defend_R","Defend_R","Defend_R","Defend_R","Bash+1","Cleave+1","Pommel Strike+1","Dark Embrace","Dramatic Entrance","Infernal Blade","True Grit+1","Ghostly Armor","Disarm+1","Doubt","Second Wind","Berserk+1","Shrug It Off","Second Wind+1","Combust+1","Pummel","Fire Breathing+1","Fire Breathing+1","Havoc","Uppercut","Burning Pact"],"relics":["Burning Blood","Mercury Hourglass","Kunai","Blue Candle","Frozen Egg 2","Runic Cube","Orrery"],"acts_visited":["Exordium","TheCity"],"potions_floor_usage":[7,11,16],"damage_taken":[{"damage":0,"enemies":"Small Slimes","floor":1,"turns":3},{"damage":3,"enemies":"Cultist","floor":3,"turns":4},{"damage":2,"enemies":"Jaw Worm","floor":5,"turns":2},{"damage":16,"enemies":"Gremlin Nob","floor":7,"turns":3},{"damage":31,"enemies":"Lagavulin","floor":11,"turns":5},{"damage":25,"enemies":"3 Sentries","floor":14,"turns":7},{"damage":13,"enemies":"Slime Boss","floor":16,"turns":10},{"damage":20,"enemies":"2 Thieves","floor":18,"turns":5},{"damage":28,"enemies":"Shell Parasite","floor":21,"turns":5},{"damage":22,"enemies":"Shelled Parasite and Fungi","floor":22,"turns":4}],"seed_played":"-4654857640035499087","potions_obtained":[{"floor":3,"key":"PowerPotion"},{"floor":5,"key":"GamblersBrew"},{"floor":7,"key":"ElixirPotion"},{"floor":18,"key":"BlessingOfTheForge"},{"floor":19,"key":"AttackPotion"},{"floor":21,"key":"DuplicationPotion"}],"is_trial":false,"path_per_floor":["M","?","M","$","M","R","E","R","T","T","E","R","?","E","R","B",null,"M","?","$","M","M"],"character_chosen":"IRONCLAD","items_purchased":["Dark Embrace","Dramatic Entrance","Infernal Blade","Orrery","Fire Breathing+1","Havoc","Uppercut"],"campfire_rested":0,"item_purchase_floors":[4,4,4,20,20,20,20],"current_hp_per_floor":[74,74,75,75,75,75,65,65,65,65,40,40,40,21,21,14,60,46,46,46,24,2,2],"gold":53,"neow_bonus":"UPGRADE_CARD","is_daily":false,"chose_seed":false,"campfire_upgraded":4,"win_rate":0.0,"timestamp":1612756685,"path_taken":["M","?","?","$","M","R","E","R","T","?","E","R","?","E","R","BOSS","M","?","?","?","M"],"items_purchased_type":["Card","Card","Card","Relic","Card","Card","Card"],"build_version":"2020-12-22","purchased_purges":1,"victory":false,"max_hp_per_floor":[75,75,75,75,75,75,75,75,75,75,75,75,75,75,75,75,75,75,75,75,75,75,75],"relic_stats":{"counters":[10,48],"Blue Candle":[4],"Kunai":[7],"obtain_stats":[{"Blue Candle":11,"Orrery":20,"Kunai":10,"Frozen Egg 2":14,"Burning Blood":0,"Mercury Hourglass":7,"Runic Cube":17},{"Blue Candle":5,"Orrery":8,"Kunai":4,"Frozen Egg 2":6,"Burning Blood":0,"Mercury Hourglass":4,"Runic Cube":7},{"Blue Candle":17,"Orrery":39,"Kunai":12,"Frozen Egg 2":24,"Burning Blood":0,"Mercury Hourglass":12,"Runic Cube":34}],"Burning Blood":48,"Mercury Hourglass":[135],"Runic Cube":[19]},"card_choices":[{"not_picked":["Twin Strike","Perfected Strike"],"picked":"Cleave","floor":1},{"not_picked":["Twin Strike","Havoc"],"picked":"Pommel Strike","floor":3},{"not_picked":["Wild Strike","Warcry"],"picked":"True Grit","floor":5},{"not_picked":["Rupture","Headbutt"],"picked":"Ghostly Armor","floor":7},{"not_picked":["Pummel","Entrench"],"picked":"Disarm","floor":11},{"not_picked":["Sever Soul","Brutality+1"],"picked":"Second Wind","floor":14},{"not_picked":["Immolate","Double Tap"],"picked":"Berserk+1","floor":16},{"not_picked":["Iron Wave","Flex+1"],"picked":"Shrug It Off","floor":18},{"not_picked":["Anger","Dual Wield"],"picked":"Second Wind+1","floor":20},{"not_picked":["Sword Boomerang","Blood for Blood"],"picked":"Combust+1","floor":20},{"not_picked":["Cleave","Anger"],"picked":"Pummel","floor":20},{"not_picked":["Anger","Body Slam"],"picked":"Fire Breathing+1","floor":20},{"not_picked":["Carnage","Pommel Strike"],"picked":"Burning Pact","floor":21}],"player_experience":1122358,"relics_obtained":[{"floor":7,"key":"Mercury Hourglass"},{"floor":10,"key":"Kunai"},{"floor":11,"key":"Blue Candle"},{"floor":14,"key":"Frozen Egg 2"}],"event_choices":[{"damage_healed":0,"gold_gain":275,"player_choice":"Desecrate","damage_taken":0,"max_hp_gain":0,"max_hp_loss":0,"event_name":"Golden Shrine","floor":2,"gold_loss":0,"cards_obtained":["Regret"]},{"damage_healed":0,"gold_gain":150,"player_choice":"AGREE","damage_taken":0,"max_hp_gain":0,"max_hp_loss":0,"event_name":"Liars Game","floor":13,"gold_loss":0,"cards_obtained":["Doubt"]},{"damage_healed":0,"gold_gain":0,"player_choice":"Bought 3 Potions","damage_taken":0,"max_hp_gain":0,"max_hp_loss":0,"event_name":"The Woman in Blue","floor":19,"gold_loss":0}],"is_beta":false,"boss_relics":[{"not_picked":["Black Blood","Busted Crown"],"picked":"Runic Cube"}],"items_purged_floors":[4],"is_endless":false,"potions_floor_spawned":[3,5,7,18,21],"killed_by":"Shelled Parasite and Fungi","ascension_level":15}}