{"host":"\u003cno name\u003e","time":1612767412,"event":{"mods":["BaseMod","Colored Powertips","Downfall","Googly Eyes","Minty Spire (QoL Compilation)","StSLib","SuperFastMode"],"gold_per_floor":[99,117,292,292,312,312,339,239,271,286,298,36,48,59,75,177,177,77,97,97,97,97,115,115,115,140,140,175,34,34,62,93,210,222,134,161,189,201,16,36,36,36,46,57,112,112,139,155,173,173,173,206,124,124,124,124,124,124],"floor_reached":56,"language":"ZHS","playtime":3178,"items_purged":["downfall:Bewildered","Doubt"],"score":771,"play_id":"af0abd9f-2b89-4cf9-ae91-824a587573fc","local_time":"20210208145652","is_ascension_mode":false,"campfire_choices":[{"floor":1,"key":"RECALL"},{"data":"Guardian:TwinSlam","floor":8,"key":"SMITH"},{"data":"Guardian:FloatingOrbs","floor":18,"key":"SMITH"},{"data":"Guardian:Repulse","floor":25,"key":"SMITH"},{"data":"Guardian:ShieldSpikes","floor":27,"key":"SMITH"},{"floor":35,"key":"REST"},{"floor":42,"key":"REST"},{"floor":54,"key":"REST"}],"circlet_count":0,"master_deck":["Guardian:Strike_Guardian","Guardian:Strike_Guardian","Guardian:Strike_Guardian","Guardian:Strike_Guardian","Guardian:Defend_Guardian","Guardian:Defend_Guardian","Guardian:Defend_Guardian","Guardian:Defend_Guardian","Guardian:CurlUp+1","Guardian:TwinSlam+1","Guardian:FloatingOrbs+1","Guardian:ChargeCore","Guardian:ShieldSpikes+1","Guardian:ArmoredProtocol","Guardian:Repulse+1","Guardian:Planning","Guardian:Planning","Guardian:SphericShield","Guardian:MultiBeam+1","Guardian:Clone","Guardian:SpikerProtocol","Guardian:PolyBeam","Guardian:TemporalStrike","Guardian:EvasiveProtocol+1","Guardian:RollAttack","Guardian:CrystalBeam","Guardian:TimeCapacitor+1","Guardian:Gem_Lightblue","Guardian:Gem_Red","Guardian:EvasiveProtocol+1","Guardian:Gem_Orange","Guardian:TemporalShield+1","Guardian:ArmoredProtocol+1","Guardian:ArmoredProtocol+1","expansioncontent:PolyBeam"],"relics":["Guardian:ModeShifter","Pen Nib","downfall:HeartBlessingRed","MealTicket","Gremlin Horn","Philosopher\u0027s Stone","downfall:HeartBlessingBlue","sneckomod:BabySnecko","Ornamental Fan","Lizard Tail","Matryoshka","Frozen Egg 2","Vajra","MawBank","Fusion Hammer","downfall:HeartBlessingGreen","Guardian:StasisEgg","Lantern","PreservedInsect","Ice Cream","CaptainsWheel","Boot"],"acts_visited":["Exordium","TheCity","TheBeyond","TheEnding"],"potions_floor_usage":[28,39,45,50,50,50,56,56,56,56,56,56],"damage_taken":[{"damage":1,"enemies":"Jaw Worm","floor":2,"turns":5},{"damage":1,"enemies":"Cultist","floor":5,"turns":5},{"damage":15,"enemies":"3 Sentries","floor":9,"turns":7},{"damage":0,"enemies":"Small Slimes","floor":10,"turns":2},{"damage":10,"enemies":"Exordium Thugs","floor":11,"turns":3},{"damage":5,"enemies":"downfall:FleeingMerchant","floor":12,"turns":4},{"damage":0,"enemies":"2 Fungi Beasts","floor":13,"turns":3},{"damage":11,"enemies":"Large Slime","floor":14,"turns":3},{"damage":0,"enemies":"2 Fungi Beasts","floor":15,"turns":4},{"damage":14,"enemies":"DF_ARCHETYPE_STREAMLINE","floor":16,"turns":13},{"damage":6,"enemies":"Chosen","floor":19,"turns":5},{"damage":0,"enemies":"3 Cultists","floor":23,"turns":3},{"damage":26,"enemies":"Gremlin Leader","floor":26,"turns":4},{"damage":11,"enemies":"Slavers","floor":28,"turns":5},{"damage":0,"enemies":"downfall:FleeingMerchant","floor":29,"turns":4},{"damage":31,"enemies":"Shelled Parasite and Fungi","floor":31,"turns":5},{"damage":7,"enemies":"Chosen and Byrds","floor":32,"turns":2},{"damage":29,"enemies":"WA_ARCHETYPE_CALM","floor":33,"turns":11},{"damage":7,"enemies":"3 Shapes","floor":36,"turns":4},{"damage":0,"enemies":"3 Darklings","floor":37,"turns":4},{"damage":0,"enemies":"downfall:FleeingMerchant","floor":39,"turns":4},{"damage":22,"enemies":"Maw","floor":40,"turns":9},{"damage":0,"enemies":"Jaw Worm Horde","floor":43,"turns":4},{"damage":2,"enemies":"3 Darklings","floor":44,"turns":3},{"damage":15,"enemies":"2 Orb Walkers","floor":45,"turns":3},{"damage":25,"enemies":"Nemesis","floor":47,"turns":5},{"damage":0,"enemies":"Transient","floor":48,"turns":5},{"damage":7,"enemies":"Sphere and 2 Shapes","floor":49,"turns":3},{"damage":74,"enemies":"IC_BLOCK_ARCHETYPE","floor":50,"turns":15},{"damage":33,"enemies":"downfall:CharBossMerchant","floor":52,"turns":8},{"damage":16,"enemies":"downfall:NeowBoss","floor":55,"turns":18},{"damage":82,"enemies":"downfall:NeowBossFinal","floor":56,"turns":12}],"seed_played":"2731840023189797524","potions_obtained":[{"floor":2,"key":"Fire Potion"},{"floor":9,"key":"Energy Potion"},{"floor":13,"key":"EntropicBrew"},{"floor":15,"key":"EssenceOfSteel"},{"floor":31,"key":"LiquidBronze"},{"floor":33,"key":"Slimebound:ThreeZeroPotion"},{"floor":40,"key":"EssenceOfSteel"},{"floor":44,"key":"ColorlessPotion"},{"floor":45,"key":"SneckoOil"}],"is_trial":false,"path_per_floor":["R","M","?","T","M","?","T","R","E","M","M","$","M","M","M","B",null,"R","M","?","T","?","M","T","R","E","R","E","$","T","M","M","B",null,"R","M","M","?","$","M","T","R","M","M","?","?","E","M","M","B",null,"E","$","R","B","B"],"character_chosen":"GUARDIAN","items_purchased":["Gremlin Horn","Guardian:TemporalStrike","Guardian:TimeCapacitor+1","expansioncontent:PolyBeam"],"campfire_rested":3,"item_purchase_floors":[12,29,39,53],"current_hp_per_floor":[88,87,87,87,86,86,86,86,71,71,61,71,71,60,60,46,88,98,92,92,92,92,92,92,92,66,66,55,70,70,39,32,3,98,98,91,91,91,98,76,76,98,98,96,81,81,56,56,49,49,98,65,80,98,82,0,0,0],"gold":124,"neow_bonus":"TEN_PERCENT_HP_BONUS","is_daily":false,"chose_seed":false,"campfire_upgraded":4,"win_rate":0.0,"timestamp":1612767412,"path_taken":["R","M","?","?","M","?","T","R","E","?","M","$","M","M","M","BOSS","R","M","?","?","?","?","T","R","E","R","E","?","?","M","M","BOSS","R","M","M","?","$","M","T","R","M","M","?","?","E","M","M","BOSS","E","$","R","BOSS","BOSS"],"items_purchased_type":["Relic","Card","Card","Card"],"build_version":"2020-12-18","purchased_purges":2,"victory":false,"max_hp_per_floor":[88,88,88,88,88,88,88,88,88,88,88,88,88,88,88,88,88,98,98,98,98,98,98,98,98,98,98,98,98,98,98,98,98,98,98,98,98,98,98,98,98,98,98,98,98,98,98,98,98,98,98,98,98,98,98,98,98,98],"card_choices":[{"not_picked":["Guardian:TimeBomb","Guardian:Incinerate"],"picked":"Guardian:FloatingOrbs","floor":2},{"not_picked":["Guardian:VentSteam","Guardian:DonusPower"],"picked":"Guardian:ChargeCore","floor":5},{"not_picked":["Guardian:PrimingBeam","Guardian:Incinerate"],"picked":"Guardian:ShieldSpikes","floor":9},{"not_picked":["Guardian:Gem_Fragmented","Guardian:DecasProtection"],"picked":"Guardian:ArmoredProtocol","floor":10},{"not_picked":["Guardian:RollAttack","Guardian:StasisField"],"picked":"Guardian:Gem_White","floor":11},{"not_picked":["Guardian:Recover","Guardian:VentSteam"],"picked":"Guardian:Repulse","floor":12},{"not_picked":["Guardian:Incinerate","Guardian:BodySlam"],"picked":"Guardian:Planning","floor":13},{"not_picked":["Guardian:VentSteam","Guardian:Incinerate"],"picked":"Guardian:Gem_White","floor":14},{"not_picked":["Guardian:EvasiveProtocol","Guardian:SpikerProtocol"],"picked":"Guardian:Planning","floor":15},{"not_picked":["Guardian:HyperBeam_Guardian","Guardian:RevengeProtocol"],"picked":"Guardian:SphericShield","floor":16},{"not_picked":["Guardian:ChargeCore+1","Guardian:PrismaticBeam"],"picked":"Guardian:MultiBeam+1","floor":19},{"not_picked":["Guardian:WalkerClaw","Guardian:ArmoredProtocol+1"],"picked":"Guardian:SpikerProtocol","floor":23},{"not_picked":["Guardian:WalkerClaw+1","Guardian:VentSteam","Guardian:Planning+1"],"picked":"SKIP","floor":26},{"not_picked":["Guardian:ChargeCore","Guardian:PrismaticBeam"],"picked":"Guardian:Gem_Red","floor":28},{"not_picked":["Guardian:Harden+1","Guardian:Planning"],"picked":"Guardian:PolyBeam","floor":29},{"not_picked":["Guardian:VentSteam","Guardian:Repulse+1"],"picked":"Guardian:Gem_Purple","floor":31},{"not_picked":["Guardian:GuardianWhirl+1","Guardian:Repulse+1"],"picked":"Guardian:Gem_Blue","floor":32},{"not_picked":["Guardian:RevengeProtocol+1","Guardian:ExploitGems"],"picked":"Guardian:Gem_Synthetic","floor":33},{"not_picked":["Guardian:Gem_Red","Guardian:MultiBeam"],"picked":"Guardian:EvasiveProtocol+1","floor":36},{"not_picked":["Guardian:Gem_White","Guardian:ShieldSpikes+1"],"picked":"Guardian:RollAttack","floor":37},{"not_picked":["Guardian:ChargeCore+1","Guardian:Gem_Cyan"],"picked":"Guardian:CrystalBeam","floor":39},{"not_picked":["Guardian:TimeCapacitor+1","Guardian:TemporalShield"],"picked":"Guardian:Gem_Lightblue","floor":40},{"not_picked":["Guardian:GuardianWhirl","Guardian:Suspension","Guardian:Recover+1"],"picked":"SKIP","floor":43},{"not_picked":["Guardian:Incinerate+1","Guardian:GuardianWhirl"],"picked":"Guardian:Gem_Red","floor":44},{"not_picked":["Guardian:RollAttack","Guardian:Emergency"],"picked":"Guardian:EvasiveProtocol+1","floor":45},{"not_picked":["Guardian:FastForward","Guardian:Gem_Yellow"],"picked":"Guardian:TemporalShield+1","floor":47},{"not_picked":["Guardian:TemporalStrike+1","Guardian:TimeCapacitor+1"],"picked":"Guardian:ArmoredProtocol+1","floor":48},{"not_picked":["Guardian:Gem_White","Guardian:TemporalStrike+1"],"picked":"Guardian:ArmoredProtocol+1","floor":49},{"not_picked":["Guardian:MultiBeam","Guardian:PrimingBeam+1","Guardian:Preprogram+1"],"picked":"SKIP","floor":52}],"player_experience":20197,"relics_obtained":[{"floor":7,"key":"Pen Nib"},{"floor":9,"key":"MealTicket"},{"floor":21,"key":"Ornamental Fan"},{"floor":24,"key":"Lizard Tail"},{"floor":26,"key":"Matryoshka"},{"floor":28,"key":"Frozen Egg 2"},{"floor":30,"key":"Vajra"},{"floor":30,"key":"MawBank"},{"floor":41,"key":"Lantern"},{"floor":41,"key":"PreservedInsect"},{"floor":45,"key":"Ice Cream"},{"floor":47,"key":"CaptainsWheel"},{"floor":52,"key":"Boot"}],"event_choices":[{"damage_healed":0,"gold_gain":0,"player_choice":"Fight","damage_taken":0,"max_hp_gain":0,"max_hp_loss":0,"event_name":"Mysterious Sphere","floor":45,"gold_loss":0}],"is_beta":true,"boss_relics":[{"not_picked":["Astrolabe","Guardian:StasisSlotReductionRelic"],"picked":"Philosopher\u0027s Stone"},{"not_picked":["Velvet Choker","Tiny House"],"picked":"Fusion Hammer"}],"items_purged_floors":[29,39],"is_endless":false,"potions_floor_spawned":[2,9,13,14,15,26,31,33,37,40,44,45,47,49],"killed_by":"downfall:NeowBossFinal","ascension_level":0}}