{"host":"kvo7eymyd21g9abd","time":1612803423,"event":{"mods":["AchievementEnabler","BaseMod","Bestiary","Colored Map","Minty Spire (QoL Compilation)","StSLib"],"gold_per_floor":[119,119,119,136,147,147,172,172,172,172,172,182,34,61,61,156,156,174,98,98,13,31,65,65,65,92,20,53,68,68,84,84,84,84],"floor_reached":33,"language":"ENG","playtime":1100,"items_purged":[],"score":341,"play_id":"84b82caf-2986-4229-9508-565dea46e9d5","local_time":"20210208115703","is_ascension_mode":false,"campfire_choices":[{"floor":6,"key":"RECALL"},{"data":"Crescendo","floor":8,"key":"SMITH"},{"floor":10,"key":"REST"},{"data":"Scrawl","floor":15,"key":"SMITH"},{"floor":24,"key":"REST"},{"floor":32,"key":"REST"}],"circlet_count":0,"master_deck":["Strike_P","Strike_P","Strike_P","Strike_P","Defend_P","Defend_P","Defend_P","Defend_P","Eruption+1","Vigilance","Scrawl+1","Crescendo+1","FlyingSleeves","EmptyBody","Evaluate","CarveReality","FollowUp","Ragnarok","FollowUp+1","CarveReality","BowlingBash","ReachHeaven","FlyingSleeves+1","FollowUp+1","Wish"],"relics":["PureWater","Pear","Sundial","Strange Spoon","Blood Vial","SlaversCollar","Nilry\u0027s Codex","InkBottle","Darkstone Periapt","Pen Nib","Kunai","MutagenicStrength"],"acts_visited":["Exordium","TheCity"],"potions_floor_usage":[7,12,14,28,29,29,33],"damage_taken":[{"damage":0,"enemies":"Jaw Worm","floor":1,"turns":4},{"damage":2,"enemies":"2 Louse","floor":4,"turns":3},{"damage":7,"enemies":"Cultist","floor":5,"turns":3},{"damage":24,"enemies":"3 Sentries","floor":7,"turns":8},{"damage":19,"enemies":"Exordium Wildlife","floor":12,"turns":4},{"damage":0,"enemies":"Gremlin Nob","floor":14,"turns":3},{"damage":48,"enemies":"Slime Boss","floor":16,"turns":8},{"damage":22,"enemies":"Spheric Guardian","floor":18,"turns":4},{"damage":23,"enemies":"2 Thieves","floor":22,"turns":3},{"damage":5,"enemies":"Gremlin Leader","floor":23,"turns":4},{"damage":12,"enemies":"Book of Stabbing","floor":28,"turns":3},{"damage":15,"enemies":"Snake Plant","floor":29,"turns":2},{"damage":10,"enemies":"Shelled Parasite and Fungi","floor":31,"turns":2},{"damage":34,"enemies":"Automaton","floor":33,"turns":3}],"seed_played":"5619366791490237114","potions_obtained":[{"floor":1,"key":"FearPotion"},{"floor":4,"key":"Regen Potion"},{"floor":7,"key":"SpeedPotion"},{"floor":12,"key":"Dexterity Potion"},{"floor":23,"key":"SteroidPotion"},{"floor":28,"key":"AttackPotion"},{"floor":29,"key":"SmokeBomb"}],"is_trial":false,"path_per_floor":["M","?","?","M","M","R","E","R","T","R","$","M","$","E","R","B",null,"M","$","?","?","M","E","R","?","T","$","E","M","?","M","R","B"],"character_chosen":"WATCHER","items_purchased":["Strange Spoon","Regen Potion","ReachHeaven"],"campfire_rested":3,"item_purchase_floors":[13,19,27],"current_hp_per_floor":[72,75,75,73,66,66,57,57,57,81,81,62,62,62,62,16,82,60,60,44,44,23,20,44,28,28,28,27,14,14,6,32,0,0],"gold":84,"neow_bonus":"ONE_RANDOM_RARE_CARD","is_daily":false,"chose_seed":false,"campfire_upgraded":2,"win_rate":0.0,"timestamp":1612803423,"path_taken":["M","?","?","M","M","R","E","R","T","R","$","M","?","E","R","BOSS","M","$","?","?","M","E","R","?","T","?","E","?","?","M","R","BOSS"],"items_purchased_type":["Relic","Potion","Card"],"build_version":"2020-12-22","purchased_purges":0,"victory":false,"max_hp_per_floor":[72,82,82,82,82,82,82,82,82,82,82,82,82,82,82,82,82,82,82,82,82,82,82,82,87,87,87,87,87,87,87,87,87,87],"card_choices":[{"not_picked":["ClearTheMind","Adaptation"],"picked":"Crescendo","floor":1},{"not_picked":["Worship","CutThroughFate"],"picked":"FlyingSleeves","floor":4},{"not_picked":["Pray","DevaForm"],"picked":"EmptyBody","floor":5},{"not_picked":["FlurryOfBlows","EmptyFist"],"picked":"Evaluate","floor":7},{"not_picked":["WheelKick","EmptyBody"],"picked":"CarveReality","floor":12},{"not_picked":["PathToVictory","Tantrum"],"picked":"FollowUp","floor":14},{"not_picked":["Wish","DevaForm"],"picked":"Ragnarok","floor":16},{"not_picked":["Prostrate","EmptyFist+1"],"picked":"FollowUp+1","floor":18},{"not_picked":["Wallop","SashWhip+1"],"picked":"CarveReality","floor":22},{"not_picked":["Omniscience","Nirvana"],"picked":"BowlingBash","floor":23},{"not_picked":["MentalFortress","ThirdEye"],"picked":"FlyingSleeves+1","floor":28},{"not_picked":["JustLucky+1","PathToVictory+1"],"picked":"FollowUp+1","floor":29},{"not_picked":["SashWhip","FlurryOfBlows"],"picked":"Wish","floor":31}],"player_experience":448458,"relics_obtained":[{"floor":7,"key":"Sundial"},{"floor":14,"key":"Blood Vial"},{"floor":20,"key":"Nilry\u0027s Codex"},{"floor":23,"key":"Darkstone Periapt"},{"floor":26,"key":"Pen Nib"},{"floor":28,"key":"Kunai"}],"event_choices":[{"damage_healed":0,"gold_gain":0,"player_choice":"Success","damage_taken":7,"relics_obtained":["Pear"],"max_hp_gain":0,"max_hp_loss":0,"event_name":"Scrap Ooze","floor":2,"gold_loss":0},{"damage_healed":0,"gold_gain":0,"player_choice":"Grow","damage_taken":0,"max_hp_gain":0,"max_hp_loss":0,"event_name":"Living Wall","floor":3,"gold_loss":0,"cards_upgraded":["Eruption"]},{"damage_healed":0,"gold_gain":0,"player_choice":"Obtained Book","damage_taken":16,"max_hp_gain":0,"max_hp_loss":0,"event_name":"Cursed Tome","floor":20,"gold_loss":0},{"damage_healed":0,"gold_gain":0,"player_choice":"Obtained Relic","damage_taken":0,"relics_obtained":["InkBottle"],"max_hp_gain":0,"max_hp_loss":0,"event_name":"Addict","floor":21,"gold_loss":85},{"damage_healed":0,"gold_gain":0,"player_choice":"Shed Blood","damage_taken":21,"max_hp_gain":5,"max_hp_loss":0,"event_name":"Forgotten Altar","floor":25,"gold_loss":0},{"damage_healed":0,"gold_gain":0,"player_choice":"Inject Mutagens","damage_taken":0,"relics_obtained":["MutagenicStrength"],"max_hp_gain":0,"max_hp_loss":0,"event_name":"Drug Dealer","floor":30,"gold_loss":0}],"is_beta":false,"boss_relics":[{"not_picked":["Velvet Choker","Snecko Eye"],"picked":"SlaversCollar"}],"items_purged_floors":[],"is_endless":false,"potions_floor_spawned":[1,4,7,12,23,28,29],"killed_by":"Automaton","ascension_level":0}}