{"host":"u25um2at8ivhxl8o","time":1612759577,"event":{"mods":["BaseMod","Colored Map","Downfall","Minty Spire (QoL Compilation)","StSLib"],"gold_per_floor":[110,110,124,124,49,49,87,101,176,176,207,228,251,251,251,377,377,396,414,314,330,105,144,162,162,162,162,162,162,162,197,197,318,318,336,93,108,108,34,69,94,127,180,199,212,212,275,296,296,296],"floor_reached":51,"language":"ENG","playtime":2792,"items_purged":["downfall:Haunted","Strike_G","Noxious Fumes+1"],"score":1156,"play_id":"3e3ca25d-1858-43c1-8fe0-5736a2104517","local_time":"20210207204617","is_ascension_mode":true,"campfire_choices":[{"data":"Noxious Fumes","floor":6,"key":"SMITH"},{"data":"Neutralize","floor":15,"key":"SMITH"},{"floor":25,"key":"REST"},{"data":"Envenom","floor":28,"key":"SMITH"},{"data":"Well Laid Plans","floor":32,"key":"SMITH"},{"data":"Accuracy","floor":46,"key":"SMITH"},{"data":"Survivor","floor":49,"key":"SMITH"}],"circlet_count":0,"master_deck":["Strike_G","Strike_G","Defend_G","Defend_G","Defend_G","Defend_G","Survivor+1","Neutralize+1","Glass Knife+1","Well Laid Plans+1","Backflip+1","Backstab","Storm of Steel+1","Prepared+1","Backflip+1","Blade Dance+1","Accuracy+1","PiercingWail+1","Envenom+1","Blade Dance+1","Burst+1","Doubt","Predator+1","After Image+1","Calculated Gamble+1","Cloak And Dagger+1","Cloak And Dagger+1","Acrobatics+1","After Image+1"],"relics":["Ring of the Snake","Golden Idol","Boot","Mummified Hand","Toxic Egg 2","WristBlade","Toy Ornithopter","MealTicket","MutagenicStrength","Nunchaku","StrikeDummy","Astrolabe","Kunai","Incense Burner","Frozen Egg 2","Centennial Puzzle","Mango"],"acts_visited":["Exordium","TheCity","TheBeyond"],"potions_floor_usage":[23,33,33,33],"damage_taken":[{"damage":0,"enemies":"2 Louse","floor":1,"turns":3},{"damage":0,"enemies":"Cultist","floor":3,"turns":3},{"damage":17,"enemies":"Lagavulin","floor":7,"turns":6},{"damage":7,"enemies":"Jaw Worm","floor":8,"turns":3},{"damage":6,"enemies":"Gremlin Nob","floor":11,"turns":3},{"damage":0,"enemies":"2 Fungi Beasts","floor":12,"turns":3},{"damage":0,"enemies":"Exordium Thugs","floor":13,"turns":3},{"damage":9,"enemies":"The Guardian","floor":16,"turns":13},{"damage":0,"enemies":"3 Byrds","floor":18,"turns":4},{"damage":0,"enemies":"Chosen","floor":19,"turns":3},{"damage":24,"enemies":"3 Cultists","floor":21,"turns":5},{"damage":18,"enemies":"Gremlin Leader","floor":23,"turns":7},{"damage":0,"enemies":"Snecko","floor":24,"turns":2},{"damage":0,"enemies":"Slavers","floor":31,"turns":3},{"damage":54,"enemies":"Champ","floor":33,"turns":9},{"damage":25,"enemies":"3 Shapes","floor":35,"turns":6},{"damage":0,"enemies":"Orb Walker","floor":37,"turns":2},{"damage":5,"enemies":"Nemesis","floor":40,"turns":3},{"damage":0,"enemies":"Transient","floor":41,"turns":5},{"damage":2,"enemies":"Reptomancer","floor":42,"turns":4},{"damage":0,"enemies":"4 Shapes","floor":44,"turns":5},{"damage":2,"enemies":"Spire Growth","floor":45,"turns":3},{"damage":0,"enemies":"Mind Bloom Boss Battle","floor":47,"turns":6},{"damage":0,"enemies":"Maw","floor":48,"turns":6},{"damage":0,"enemies":"Donu and Deca","floor":50,"turns":9}],"seed_played":"-8834172887744577598","potions_obtained":[{"floor":3,"key":"champ:CounterPotion"},{"floor":7,"key":"bronze:BurnAndBuffPotion"},{"floor":12,"key":"Swift Potion"},{"floor":19,"key":"Energy Potion"},{"floor":24,"key":"BlessingOfTheForge"},{"floor":31,"key":"Regen Potion"},{"floor":37,"key":"SneckoOil"},{"floor":40,"key":"Slimebound:ThreeZeroPotion"}],"is_trial":false,"path_per_floor":["M","?","M","?","$","R","E","M","T","?","E","M","M","?","R","B",null,"M","M","$","M","$","E","M","R","T","?","R","?","?","E","R","B",null,"M","$","M","?","$","E","M","E","T","M","M","R","?","M","R","B",null],"character_chosen":"THE_SILENT","items_purchased":["Accuracy","PiercingWail+1","Kunai","CunningPotion"],"campfire_rested":1,"item_purchase_floors":[22,22,36,39],"current_hp_per_floor":[63,63,63,46,46,46,29,22,22,22,16,16,16,39,39,30,60,60,60,60,36,36,18,18,39,39,39,39,39,39,39,39,15,56,31,46,46,46,61,56,56,54,54,54,52,52,66,66,66,66],"gold":296,"neow_bonus":"THREE_RARE_CARDS","is_daily":false,"chose_seed":false,"campfire_upgraded":6,"win_rate":0.0,"timestamp":1612759577,"path_taken":["M","?","?","?","$","R","E","M","T","?","E","?","M","?","R","BOSS","M","M","$","M","$","E","M","R","T","?","R","?","?","E","R","BOSS","M","$","M","?","$","E","M","E","T","M","M","R","?","M","R","BOSS"],"items_purchased_type":["Card","Card","Relic","Potion"],"build_version":"2020-12-22","purchased_purges":3,"victory":true,"max_hp_per_floor":[70,70,70,70,70,70,70,70,70,70,70,70,70,70,70,70,70,70,70,70,70,70,70,70,70,70,70,70,70,70,70,70,70,70,70,70,70,66,66,66,66,66,66,66,66,66,80,80,80,80],"card_choices":[{"not_picked":["Adrenaline","Grand Finale"],"picked":"Glass Knife","floor":0},{"not_picked":["Poisoned Stab","Dagger Spray","Distraction"],"picked":"SKIP","floor":1},{"not_picked":["Prepared","Eviscerate"],"picked":"Noxious Fumes","floor":3},{"not_picked":["Flechettes","Noxious Fumes"],"picked":"Well Laid Plans","floor":7},{"not_picked":["Dagger Throw","Bane","Blade Dance"],"picked":"SKIP","floor":8},{"not_picked":["Poisoned Stab","Backstab"],"picked":"Backflip+1","floor":11},{"not_picked":["Deflect+1","Predator","Dagger Spray"],"picked":"SKIP","floor":12},{"not_picked":["Blur+1","Setup+1"],"picked":"Backstab","floor":13},{"not_picked":["Night Terror+1","A Thousand Cuts"],"picked":"Storm of Steel+1","floor":16},{"not_picked":["Dagger Throw+1","Dash+1"],"picked":"Prepared+1","floor":18},{"not_picked":["Quick Slash","Catalyst+1"],"picked":"Backflip+1","floor":19},{"not_picked":["Poisoned Stab","Deflect+1"],"picked":"Blade Dance+1","floor":21},{"not_picked":["PiercingWail+1","Quick Slash"],"picked":"Envenom","floor":23},{"not_picked":["Outmaneuver+1","All Out Attack+1"],"picked":"Blade Dance+1","floor":24},{"not_picked":["Catalyst+1","Blur+1","Noxious Fumes"],"picked":"SKIP","floor":31},{"not_picked":["Malaise+1","Venomology+1"],"picked":"Burst+1","floor":33},{"not_picked":["Backflip+1","PiercingWail+1"],"picked":"Calculated Gamble+1","floor":35},{"not_picked":["Flying Knee","Deflect+1"],"picked":"Cloak And Dagger+1","floor":37},{"not_picked":["Corpse Explosion+1","Backflip+1"],"picked":"Cloak And Dagger+1","floor":40},{"not_picked":["Bane+1","Well Laid Plans","Bouncing Flask+1"],"picked":"SKIP","floor":41},{"not_picked":["Deadly Poison+1","Cloak And Dagger+1","Acrobatics+1"],"picked":"SKIP","floor":42},{"not_picked":["Bane","Dash"],"picked":"Acrobatics+1","floor":44},{"not_picked":["Cloak And Dagger+1","Poisoned Stab","Well Laid Plans+1"],"picked":"SKIP","floor":45},{"not_picked":["Skewer+1","Blade Dance+1"],"picked":"After Image+1","floor":47},{"not_picked":["Flying Knee","Escape Plan+1","Prepared+1"],"picked":"SKIP","floor":48}],"player_experience":370352,"relics_obtained":[{"floor":7,"key":"Boot"},{"floor":9,"key":"Mummified Hand"},{"floor":11,"key":"Toxic Egg 2"},{"floor":23,"key":"Toy Ornithopter"},{"floor":26,"key":"MealTicket"},{"floor":31,"key":"StrikeDummy"},{"floor":40,"key":"Incense Burner"},{"floor":42,"key":"Frozen Egg 2"},{"floor":43,"key":"Centennial Puzzle"},{"floor":47,"key":"Mango"}],"event_choices":[{"damage_healed":0,"gold_gain":0,"player_choice":"Forge","damage_taken":0,"max_hp_gain":0,"max_hp_loss":0,"event_name":"Accursed Blacksmith","floor":2,"gold_loss":0,"cards_upgraded":["Glass Knife"]},{"damage_healed":0,"gold_gain":0,"player_choice":"Take Damage","damage_taken":17,"relics_obtained":["Golden Idol"],"max_hp_gain":0,"max_hp_loss":0,"event_name":"Golden Idol","floor":4,"gold_loss":0},{"cards_removed":["Strike_G"],"damage_healed":0,"gold_gain":0,"player_choice":"Offered Basic","damage_taken":0,"max_hp_gain":0,"max_hp_loss":0,"event_name":"Bonfire Elementals","floor":10,"gold_loss":0},{"damage_healed":23,"gold_gain":0,"player_choice":"Banana","damage_taken":0,"max_hp_gain":0,"max_hp_loss":0,"event_name":"Big Fish","floor":14,"gold_loss":0},{"damage_healed":0,"gold_gain":0,"player_choice":"Inject Mutagens","damage_taken":0,"relics_obtained":["MutagenicStrength"],"max_hp_gain":0,"max_hp_loss":0,"event_name":"Drug Dealer","floor":27,"gold_loss":0},{"damage_healed":0,"gold_gain":0,"player_choice":"Ignored","damage_taken":0,"max_hp_gain":0,"max_hp_loss":0,"event_name":"Vampires","floor":29,"gold_loss":0},{"damage_healed":0,"gold_gain":0,"player_choice":"Opened","damage_taken":0,"relics_obtained":["Nunchaku"],"max_hp_gain":0,"max_hp_loss":0,"event_name":"The Mausoleum","floor":30,"gold_loss":0,"cards_obtained":["Writhe"]},{"damage_healed":0,"gold_gain":0,"player_choice":"Max HP","damage_taken":0,"max_hp_gain":0,"max_hp_loss":4,"event_name":"Winding Halls","floor":38,"gold_loss":0},{"damage_healed":0,"gold_gain":0,"player_choice":"Fight","damage_taken":0,"max_hp_gain":0,"max_hp_loss":0,"event_name":"MindBloom","floor":47,"gold_loss":0}],"is_beta":false,"boss_relics":[{"not_picked":["Ring of the Serpent","SacredBark"],"picked":"WristBlade"},{"not_picked":["Fusion Hammer","Snecko Eye"],"picked":"Astrolabe"}],"items_purged_floors":[5,20,22],"is_endless":false,"potions_floor_spawned":[3,7,12,16,19,24,31,37,40,42,48],"ascension_level":9}}