{"host":"avfk0uqadyfnr875","time":1612796889,"event":{"mods":["2.2 Compatiblity","Act Like it!","BaseMod","Chen","Colored Powertips","Downfall","Gensokyo","Koishi","KomeijiMod","Marisa£®ÏF”Í°°ƒß¿Ì…≥£©","Minty Spire (QoL Compilation)","Pale of the Ancients","Quick Restart","READ ME - Guardian Mod","Reimu£®≤©¿ˆ¡È√Œ£©","Shop Mod","StSLib"],"gold_per_floor":[99,99,99,199,199,234,234,234,264,30,130,149,49,76,89,192,192,192,205,36,54,72,72,99,99,53,78,24,49,62,62,119,219,219,219,230,241,251,251,251,251,280,291,291,319,331,343,343,343,343],"floor_reached":51,"language":"ZHS","playtime":2668,"items_purged":["hexamod:Strike","hexamod:Sear"],"score":982,"play_id":"94dafc5e-e3c3-4374-9019-8fb69c0d831e","local_time":"20210208230809","is_ascension_mode":true,"campfire_choices":[{"floor":1.0,"key":"RECALL"},{"data":"hexamod:RainOfEmbers","floor":13.0,"key":"SMITH"},{"data":"hexamod:HexaLevel","floor":18.0,"key":"SMITH"},{"data":"hexamod:EtherealExpedition","floor":23.0,"key":"SMITH"},{"data":"hexamod:SearingWound","floor":35,"key":"SMITH"},{"data":"expansioncontent:Chronoboost","floor":40,"key":"SMITH"},{"data":"expansioncontent:LastStand","floor":49,"key":"SMITH"}],"circlet_count":0,"master_deck":["hexamod:Float","hexamod:SpectersWail","hexamod:PowerFromBeyond+1","hexamod:HeatMetal","hexamod:Hexaguard","hexamod:EtherealExpedition+1","hexamod:RainOfEmbers+1","hexamod:GhostflameInferno+1","hexamod:NightmareStrike+1","hexamod:SixthSeal","hexamod:SpectralAdrenaline","hexamod:EmpoweredFlame","hexamod:HexaLevel+1","hexamod:ChargedBarrage","hexamod:GhostLash+1","hexamod:TurnItUp","hexamod:SearingWound+1","hexamod:SpectersWail+1","hexamod:RecurringNightmare+1","hexamod:AdvancingGuard","hexamod:NightmareGuise+1","hexamod:SpectersWail","hexamod:GhostOfSpireFuture+1","expansioncontent:QuickStudy+1","hexamod:InspiringFlames","hexamod:RainOfEmbers","hexamod:FastForward+1","hexamod:AdvancingGuard+1","hexamod:InspiringFlames","hexamod:NightmareGuise","hexamod:ParanormalForm","hexamod:TurnItUp","hexamod:WildfireWeapon","hexamod:GhostShield+1","hexamod:RainOfEmbers+1","hexamod:InspiringFlames","expansioncontent:InvincibleStrength","expansioncontent:LastStand+1","expansioncontent:Chronoboost+1","hexamod:SpectersWail+1","hexamod:GhostShield","hexamod:ShieldOfDarkness+1","hexamod:EtherealExpedition+1"],"relics":["hexamod:SpiritBrand","downfall:HeartsMalice","Torii","ThirstyCross","Lizard Tail","Chemical X","Toy Ornithopter","downfall:HeartBlessingRed","Gremlin Horn","Pandora\u0027s Box","Juzu Bracelet","downfall:KnowingSkull","Guardian:PocketSentry","Orichalcum","Potion Belt","SlaversCollar","Bottled Tornado","HoshigumaDish","Peace Pipe"],"acts_visited":["Exordium","TheCity","TheBeyond"],"potions_floor_usage":[32,32,33,33,36,36,36,36,38,42,42,42,42,43,43,45,46,46,46,46,46,48,48,48,48,48,50,50],"damage_taken":[{"damage":0.0,"enemies":"Cultist","floor":2.0,"turns":1.0},{"damage":0.0,"enemies":"2 Louse","floor":3.0,"turns":1.0},{"damage":0.0,"enemies":"Jaw Worm","floor":5.0,"turns":1.0},{"damage":13.0,"enemies":"Gremlin Nob","floor":6.0,"turns":4.0},{"damage":2.0,"enemies":"3 Sentries","floor":9.0,"turns":5.0},{"damage":0.0,"enemies":"downfall:FleeingMerchant","floor":10.0,"turns":4.0},{"damage":38.0,"enemies":"downfall:LadyInBlue","floor":11.0,"turns":10.0},{"damage":5.0,"enemies":"Blue Slaver","floor":12.0,"turns":4.0},{"damage":0.0,"enemies":"Gremlin Nob","floor":14.0,"turns":2.0},{"damage":0.0,"enemies":"Lots of Slimes","floor":15.0,"turns":2.0},{"damage":0.0,"enemies":"SI_SHIV_ARCHETYPE","floor":16.0,"turns":3.0},{"damage":5.0,"enemies":"Chosen","floor":19.0,"turns":3.0},{"damage":2.0,"enemies":"downfall:FleeingMerchant","floor":20.0,"turns":4.0},{"damage":0.0,"enemies":"3 Byrds","floor":21.0,"turns":2.0},{"damage":1.0,"enemies":"Sentry and Sphere","floor":22.0,"turns":3.0},{"damage":3.0,"enemies":"downfall:FleeingMerchant","floor":26.0,"turns":2.0},{"damage":9.0,"enemies":"Book of Stabbing","floor":27.0,"turns":3.0},{"damage":29.0,"enemies":"Slavers","floor":29.0,"turns":2.0},{"damage":10.0,"enemies":"Snake Plant","floor":30.0,"turns":3.0},{"damage":9,"enemies":"Centurion and Healer","floor":32,"turns":2},{"damage":15,"enemies":"IC_MUSHROOM_ARCHETYPE","floor":33,"turns":5},{"damage":15,"enemies":"3 Darklings","floor":36,"turns":4},{"damage":5,"enemies":"Orb Walker","floor":37,"turns":2},{"damage":6,"enemies":"Sphere and 2 Shapes","floor":38,"turns":3},{"damage":54,"enemies":"Reptomancer","floor":42,"turns":5},{"damage":18,"enemies":"3 Darklings","floor":43,"turns":4},{"damage":20,"enemies":"Giant Head","floor":45,"turns":7},{"damage":44,"enemies":"Writhing Mass","floor":46,"turns":5},{"damage":5,"enemies":"4 Shapes","floor":47,"turns":1},{"damage":10,"enemies":"Reptomancer","floor":48,"turns":2},{"damage":49,"enemies":"DF_ARCHETYPE_ORBS","floor":50,"turns":7}],"seed_played":"-1002705136531183822","potions_obtained":[{"floor":9.0,"key":"EntropicBrew"},{"floor":11.0,"key":"GrandPatriotsElixir:ReiMu"},{"floor":15.0,"key":"EssenceOfSteel"},{"floor":21.0,"key":"Regen Potion"},{"floor":27.0,"key":"LiquidBronze"},{"floor":29.0,"key":"AttackPotion"},{"floor":30.0,"key":"CalmPotion"},{"floor":33,"key":"CalmPotion"},{"floor":37,"key":"DuplicationPotion"},{"floor":43,"key":"Fire Potion"},{"floor":47,"key":"EssenceOfSteel"}],"is_trial":false,"path_per_floor":["R","M","M","?","M","E","T","?","E","$","?","M","R","E","M","B",null,"R","M","$","M","M","R","T","?","$","E","$","E","M","?","M","B",null,"R","M","M","M","?","R","T","E","M","?","E","M","M","E","R","B",null],"character_chosen":"THE_SPIRIT","items_purchased":["Chemical X","hexamod:AdvancingGuard","expansioncontent:QuickStudy+1","Guardian:PocketSentry","hexamod:InspiringFlames","hexamod:RainOfEmbers","hexamod:AdvancingGuard"],"campfire_rested":0,"item_purchase_floors":[10,20,26,26,26,26,28],"current_hp_per_floor":[70,70,70,70,70,57,57,57,55,55,17,12,12,17,17,17,70,70,65,68,68,67,67,67,60,62,67,67,46,36,36,37,32,70,70,70,65,64,54,54,54,20,12,27,27,8,3,28,28,9],"gold":343,"neow_bonus":"THREE_ENEMY_KILL","is_daily":false,"chose_seed":false,"campfire_upgraded":6,"win_rate":0.0,"timestamp":1612796889,"path_taken":["R","M","?","?","M","E","T","?","E","$","?","M","R","E","M","BOSS","R","M","$","M","?","R","T","?","$","E","?","E","M","?","M","BOSS","R","M","M","M","?","R","T","E","M","?","E","M","M","E","R","BOSS"],"items_purchased_type":["Relic","Card","Card","Relic","Card","Card","Card"],"build_version":"2020-12-22","purchased_purges":2,"victory":true,"max_hp_per_floor":[70,70,70,70,70,70,70,70,70,70,70,70,70,70,70,70,70,70,70,70,70,70,70,70,70,70,70,70,70,70,70,70,70,70,70,70,70,70,70,70,70,70,70,70,70,70,70,70,70,70],"card_choices":[{"not_picked":["hexamod:GhostShield","hexamod:NightmareGuise"],"picked":"hexamod:SpectersWail","floor":2.0},{"not_picked":["hexamod:BurningTouch","hexamod:HeatCrush","hexamod:FastForward"],"picked":"SKIP","floor":3.0},{"not_picked":["hexamod:AdvancingGuard","hexamod:SpectersWail"],"picked":"hexamod:PowerFromBeyond","floor":5.0},{"not_picked":["hexamod:FastForward","hexamod:InspiringFlames"],"picked":"hexamod:HeatMetal","floor":6.0},{"not_picked":["hexamod:GhostLash","hexamod:PhantomFireball"],"picked":"hexamod:Hexaguard","floor":9.0},{"not_picked":["hexamod:HeatCrush","hexamod:BacktrackSmack"],"picked":"hexamod:EtherealExpedition","floor":10.0},{"not_picked":["hexamod:GhostOfSpireFuture","hexamod:PhantomCloak"],"picked":"hexamod:RainOfEmbers","floor":12.0},{"not_picked":["hexamod:HauntingEcho","hexamod:GhostLash"],"picked":"hexamod:GhostflameInferno","floor":14.0},{"not_picked":["hexamod:Incineration","hexamod:ChargedBarrage"],"picked":"hexamod:NightmareStrike","floor":15.0},{"not_picked":["hexamod:TimeWarp","hexamod:HexaLevel"],"picked":"hexamod:SixthSeal","floor":16.0},{"not_picked":["hexamod:RecurringNightmare","hexamod:InspiringFlames"],"picked":"hexamod:SpectersWail+1","floor":19.0},{"not_picked":["hexamod:FastForward","hexamod:SwordOfDarkness+1"],"picked":"hexamod:RecurringNightmare","floor":20.0},{"not_picked":["hexamod:RainOfEmbers","hexamod:BurningTouch+1"],"picked":"hexamod:NightmareGuise+1","floor":21.0},{"not_picked":["hexamod:HeatMetal","hexamod:NightmareStrike"],"picked":"hexamod:SpectersWail","floor":22.0},{"not_picked":["hexamod:PowerFromBeyond","hexamod:SoulSteal"],"picked":"hexamod:GhostOfSpireFuture+1","floor":26.0},{"not_picked":["hexamod:BacktrackSmack","hexamod:ThirdSeal"],"picked":"hexamod:FastForward+1","floor":27.0},{"not_picked":["hexamod:ThirdSeal","hexamod:TimeWarp"],"picked":"hexamod:InspiringFlames","floor":29.0},{"not_picked":["hexamod:AdvancingGuard","hexamod:BurningTouch"],"picked":"hexamod:NightmareGuise","floor":30.0},{"not_picked":["hexamod:GhostOfSpireFuture","hexamod:SpectralAdrenaline"],"picked":"hexamod:TurnItUp","floor":32},{"not_picked":["hexamod:SearingWound","hexamod:ParanormalForm"],"picked":"hexamod:WildfireWeapon","floor":33},{"not_picked":["hexamod:ShieldOfDarkness+1","hexamod:AdvancingGuard+1"],"picked":"hexamod:GhostShield+1","floor":36},{"not_picked":["hexamod:HeatMetal","hexamod:HauntingEcho+1"],"picked":"hexamod:RainOfEmbers+1","floor":37},{"not_picked":["hexamod:GhostOfSpirePast+1","hexamod:Haunt+1"],"picked":"hexamod:InspiringFlames","floor":38},{"not_picked":["expansioncontent:PrepareCrush","expansioncontent:LastStand"],"picked":"expansioncontent:InvincibleStrength","floor":39},{"not_picked":["expansioncontent:GuardianWhirl","expansioncontent:HyperBeam"],"picked":"expansioncontent:LastStand","floor":39},{"not_picked":["expansioncontent:LastStand","expansioncontent:InvincibleStrength"],"picked":"expansioncontent:Chronoboost","floor":39},{"not_picked":["hexamod:RadiantFlame","hexamod:HeatMetal","hexamod:SixthSeal"],"picked":"SKIP","floor":42},{"not_picked":["hexamod:SpectralAdrenaline","hexamod:ThirdSeal"],"picked":"hexamod:SpectersWail+1","floor":43},{"not_picked":["hexamod:GhostOfSpireFuture","hexamod:Again+1"],"picked":"hexamod:GhostShield","floor":45},{"not_picked":["hexamod:Hexaguard","hexamod:SpectersWail+1"],"picked":"hexamod:ShieldOfDarkness+1","floor":46},{"not_picked":["hexamod:FastForward","hexamod:ThermalTransfer+1"],"picked":"hexamod:EtherealExpedition+1","floor":47}],"player_experience":336321,"relics_obtained":[{"floor":6.0,"key":"Torii"},{"floor":9.0,"key":"Lizard Tail"},{"floor":11.0,"key":"Toy Ornithopter"},{"floor":14.0,"key":"Gremlin Horn"},{"floor":24.0,"key":"Juzu Bracelet"},{"floor":27.0,"key":"Orichalcum"},{"floor":29.0,"key":"Potion Belt"},{"floor":41,"key":"Bottled Tornado"},{"floor":42,"key":"HoshigumaDish"},{"floor":45,"key":"Peace Pipe"}],"event_choices":[],"is_beta":false,"boss_relics":[{"not_picked":["Tiny House","RedLine:ReiMu"],"picked":"Pandora\u0027s Box"},{"not_picked":["Snecko Eye","Calling Bell"],"picked":"SlaversCollar"}],"items_purged_floors":[10,20],"is_endless":false,"potions_floor_spawned":[9,11,12,15,16,21,27,29,30,33,37,43,47],"ascension_level":1}}