{"host":"3a1ypf1irl30q4k8","time":1612819740,"event":{"mods":["AchievementEnabler","BaseMod","Bestiary","Minty Spire (QoL Compilation)","Relic Stats","ojb\u0027s Better Paths Mod","ojb\u0027s Info Mod"],"gold_per_floor":[111,121,26,26,37,37,37,69,69,32,47,47,0,25,25,123,123,142,142,153,170,188,188,219,219,219,247,260,175,26,44,44,142,142,159,159,159,159,173,173,192,226,226,252,268,278,291,307,307,307,307,307,10,43,43,43],"floor_reached":55,"language":"ENG","playtime":4219,"items_purged":["Blizzard","Zap"],"score":1080,"play_id":"26a3f90c-2ded-4976-8b25-4fcea7614e1b","local_time":"20210208212900","is_ascension_mode":true,"campfire_choices":[{"data":"Streamline","floor":6.0,"key":"SMITH"},{"data":"Biased Cognition","floor":12.0,"key":"SMITH"},{"data":"Ball Lightning","floor":15.0,"key":"SMITH"},{"data":"Glacier","floor":23,"key":"SMITH"},{"data":"Echo Form","floor":25,"key":"SMITH"},{"floor":32,"key":"REST"},{"floor":40,"key":"RECALL"},{"floor":49,"key":"REST"},{"floor":52,"key":"REST"}],"circlet_count":0,"master_deck":["Dualcast","CurseOfTheBell","Go for the Eyes+1","Compile Driver","Streamline+1","Steam","Beam Cell","Biased Cognition+1","Lockon","Reinforced Body","Go for the Eyes","Ball Lightning+1","Seek","Echo Form+1","Cold Snap","Lockon","Aggregate","Hello World","Scrape","Turbo","Hyperbeam","BootSequence+1","Glacier+1","Stack+1","Static Discharge+1","Self Repair","Heatsinks","Electrodynamics","Streamline+1","Skim","Stack+1","Fusion+1","Coolheaded+1","Double Energy","Stack+1","Seek","Defragment+1"],"relics":["Calling Bell","Pen Nib","HornCleat","Turnip","Ornamental Fan","Art of War","Shuriken","Incense Burner","Pandora\u0027s Box","Tiny Chest","Orichalcum","Akabeko","Fusion Hammer","Mummified Hand","Bag of Marbles","InkBottle","Potion Belt","Medical Kit","Eternal Feather"],"acts_visited":["Exordium","TheCity","TheBeyond","TheEnding"],"potions_floor_usage":[24,33,33,44,45,50,55,55,55,55],"damage_taken":[{"damage":0.0,"enemies":"2 Louse","floor":1.0,"turns":3.0},{"damage":0.0,"enemies":"Cultist","floor":2.0,"turns":5.0},{"damage":0.0,"enemies":"Small Slimes","floor":5.0,"turns":3.0},{"damage":11.0,"enemies":"3 Sentries","floor":8.0,"turns":7.0},{"damage":9.0,"enemies":"Blue Slaver","floor":11.0,"turns":5.0},{"damage":0.0,"enemies":"Gremlin Nob","floor":14.0,"turns":4.0},{"damage":0.0,"enemies":"Slime Boss","floor":16.0,"turns":6.0},{"damage":3.0,"enemies":"Spheric Guardian","floor":18.0,"turns":4.0},{"damage":15.0,"enemies":"3 Byrds","floor":20.0,"turns":6.0},{"damage":0.0,"enemies":"Centurion and Healer","floor":21.0,"turns":4.0},{"damage":0,"enemies":"3 Cultists","floor":22,"turns":5},{"damage":3,"enemies":"Slavers","floor":24,"turns":5},{"damage":20,"enemies":"Gremlin Leader","floor":27,"turns":5},{"damage":5,"enemies":"Cultist and Chosen","floor":28,"turns":4},{"damage":0,"enemies":"Centurion and Healer","floor":31,"turns":6},{"damage":0,"enemies":"Champ","floor":33,"turns":10},{"damage":6,"enemies":"Orb Walker","floor":35,"turns":4},{"damage":8,"enemies":"3 Darklings","floor":39,"turns":4},{"damage":0,"enemies":"Spire Growth","floor":41,"turns":4},{"damage":36,"enemies":"Giant Head","floor":42,"turns":8},{"damage":5,"enemies":"Nemesis","floor":44,"turns":7},{"damage":14,"enemies":"Writhing Mass","floor":45,"turns":3},{"damage":7,"enemies":"Jaw Worm Horde","floor":46,"turns":3},{"damage":0,"enemies":"Spire Growth","floor":47,"turns":5},{"damage":28,"enemies":"Transient","floor":48,"turns":5},{"damage":43,"enemies":"Awakened One","floor":50,"turns":16},{"damage":8,"enemies":"Shield and Spear","floor":54,"turns":5},{"damage":81,"enemies":"The Heart","floor":55,"turns":6}],"seed_played":"-3998396232697328391","potions_obtained":[{"floor":8.0,"key":"Strength Potion"},{"floor":14.0,"key":"LiquidMemories"},{"floor":20.0,"key":"Dexterity Potion"},{"floor":22,"key":"Block Potion"},{"floor":28,"key":"ColorlessPotion"},{"floor":31,"key":"Fire Potion"},{"floor":33,"key":"FocusPotion"},{"floor":42,"key":"GamblersBrew"},{"floor":44,"key":"DistilledChaos"},{"floor":48,"key":"Ancient Potion"},{"floor":54,"key":"LiquidMemories"}],"is_trial":false,"path_per_floor":["M","M","$","?","M","R","?","E","T","$","M","R","$","E","R","B",null,"M","?","M","M","M","R","E","R","T","E","M","?","$","M","R","B",null,"M","?","?","T","M","R","M","E","T","E","M","M","M","M","R","B",null,"R","$","E","B"],"character_chosen":"DEFECT","items_purchased":["Streamline","Steam","Lockon","Go for the Eyes","Self Repair","Medical Kit","Block Potion"],"campfire_rested":3,"item_purchase_floors":[3,3,10,13,30,53,53],"current_hp_per_floor":[75,75,75,72,72,72,72,61,61,61,52,52,52,52,52,52,75,72,72,57,57,57,57,54,54,54,34,29,29,29,43,65,72,75,69,69,69,69,68,68,68,46,46,55,48,48,55,34,56,20,75,75,75,74,0,0],"gold":43,"neow_bonus":"BOSS_RELIC","is_daily":false,"chose_seed":false,"campfire_upgraded":5,"win_rate":0.0,"timestamp":1612819740,"path_taken":["M","M","$","?","M","R","?","E","T","$","M","R","$","E","R","BOSS","M","?","M","?","M","R","E","R","T","E","M","?","$","M","R","BOSS","M","?","?","?","?","R","M","E","T","E","M","?","M","M","R","BOSS","R","$","E","BOSS"],"items_purchased_type":["Card","Card","Card","Card","Card","Relic","Potion"],"build_version":"2020-12-22","purchased_purges":2,"victory":false,"max_hp_per_floor":[75,75,75,75,75,75,75,75,75,75,75,75,75,75,75,75,75,75,75,75,75,75,75,75,75,75,75,75,75,75,75,75,75,75,75,75,75,75,75,75,75,75,75,75,75,75,75,75,75,75,75,75,75,75,75,75],"relic_stats":{"counters":[28,152],"Eternal Feather":0,"Pen Nib":[36],"Orichalcum":[30],"Medical Kit":[4],"Ornamental Fan":[276],"Shuriken":[68],"Mummified Hand":[72],"Pandora\u0027s Box":["Echo Form","Cold Snap","Lockon","Aggregate","Fission","Blizzard","Hello World","Scrape"],"Tiny Chest":1,"Turnip":[15],"Art of War":[8],"obtain_stats":[{"Potion Belt":44,"Eternal Feather":54,"Pen Nib":0,"Incense Burner":14,"Orichalcum":27,"Medical Kit":53,"Akabeko":29,"Calling Bell":0,"HornCleat":0,"Ornamental Fan":4,"Shuriken":9,"Mummified Hand":38,"Pandora\u0027s Box":17,"Tiny Chest":24,"Turnip":0,"Fusion Hammer":34,"Art of War":8,"Bag of Marbles":42,"Cracked Core":0,"InkBottle":43},{"Potion Belt":21,"Eternal Feather":27,"Pen Nib":0,"Incense Burner":6,"Orichalcum":13,"Medical Kit":26,"Akabeko":14,"Calling Bell":0,"HornCleat":0,"Ornamental Fan":2,"Shuriken":4,"Mummified Hand":17,"Pandora\u0027s Box":7,"Tiny Chest":12,"Turnip":0,"Fusion Hammer":16,"Art of War":4,"Bag of Marbles":20,"Cracked Core":0,"InkBottle":20},{"Potion Belt":109,"Eternal Feather":146,"Pen Nib":0,"Incense Burner":27,"Orichalcum":62,"Medical Kit":141,"Akabeko":66,"Calling Bell":0,"HornCleat":0,"Ornamental Fan":8,"Shuriken":18,"Mummified Hand":86,"Pandora\u0027s Box":33,"Tiny Chest":57,"Turnip":0,"Fusion Hammer":82,"Art of War":18,"Bag of Marbles":102,"Cracked Core":0,"InkBottle":102}],"InkBottle":[30]},"card_choices":[{"not_picked":["Undo","Skim"],"picked":"Go for the Eyes","floor":1.0},{"not_picked":["Conserve Battery","Lockon"],"picked":"Compile Driver","floor":2.0},{"not_picked":["Leap","Streamline"],"picked":"Beam Cell","floor":5.0},{"not_picked":["Fission","Tempest"],"picked":"Biased Cognition","floor":8.0},{"not_picked":["Leap","Compile Driver"],"picked":"Reinforced Body","floor":11.0},{"not_picked":["Hologram","Conserve Battery"],"picked":"Ball Lightning","floor":14.0},{"not_picked":["Electrodynamics","Amplify"],"picked":"Seek","floor":16.0},{"not_picked":["Skim","Undo"],"picked":"Turbo","floor":18.0},{"not_picked":["Fusion+1","Blizzard"],"picked":"BootSequence+1","floor":20.0},{"not_picked":["Gash+1","Leap","Stack"],"picked":"SKIP","floor":21.0},{"not_picked":["Cold Snap+1","Force Field"],"picked":"Glacier","floor":22},{"not_picked":["Aggregate+1","Fusion"],"picked":"Stack+1","floor":24},{"not_picked":["Go for the Eyes","Meteor Strike","Gash"],"picked":"SKIP","floor":27},{"not_picked":["Conserve Battery","Ball Lightning"],"picked":"Static Discharge+1","floor":28},{"not_picked":["Fusion","Beam Cell"],"picked":"Heatsinks","floor":31},{"not_picked":["Thunder Strike","Reboot"],"picked":"Electrodynamics","floor":33},{"not_picked":["Gash+1","Steam"],"picked":"Streamline+1","floor":35},{"not_picked":["Ball Lightning","Force Field"],"picked":"Skim","floor":39},{"not_picked":["Steam+1","Streamline+1"],"picked":"Stack+1","floor":41},{"not_picked":["Skim","Reboot"],"picked":"Fusion+1","floor":42},{"not_picked":["Rip and Tear+1","Sunder"],"picked":"Coolheaded+1","floor":44},{"not_picked":["Sweeping Beam+1","Cold Snap"],"picked":"Double Energy","floor":45},{"not_picked":["Doom and Gloom+1","Conserve Battery"],"picked":"Stack+1","floor":46},{"not_picked":["Chill+1","Gash+1"],"picked":"Seek","floor":47},{"not_picked":["Beam Cell+1","Skim"],"picked":"Defragment+1","floor":48},{"not_picked":["Cold Snap+1","Heatsinks","Sweeping Beam+1"],"picked":"SKIP","floor":54}],"player_experience":1365916,"relics_obtained":[{"floor":0.0,"key":"Pen Nib"},{"floor":0.0,"key":"HornCleat"},{"floor":0.0,"key":"Turnip"},{"floor":8.0,"key":"Art of War"},{"floor":9.0,"key":"Shuriken"},{"floor":14.0,"key":"Incense Burner"},{"floor":24,"key":"Tiny Chest"},{"floor":27,"key":"Orichalcum"},{"floor":38,"key":"Mummified Hand"},{"floor":42,"key":"Bag of Marbles"},{"floor":43,"key":"InkBottle"},{"floor":44,"key":"Potion Belt"},{"floor":54,"key":"Eternal Feather"}],"event_choices":[{"damage_healed":0.0,"max_hp_gain":0.0,"max_hp_loss":0.0,"gold_gain":0.0,"event_name":"Scrap Ooze","player_choice":"Success","floor":4.0,"gold_loss":0.0,"damage_taken":3.0,"relics_obtained":["Ornamental Fan"]},{"damage_healed":0.0,"max_hp_gain":0.0,"max_hp_loss":0.0,"gold_gain":0.0,"event_name":"Living Wall","player_choice":"Grow","floor":7.0,"gold_loss":0.0,"damage_taken":0.0,"cards_upgraded":["Go for the Eyes"]},{"damage_healed":0.0,"max_hp_gain":0.0,"max_hp_loss":0.0,"gold_gain":0.0,"cards_transformed":["Fission"],"event_name":"Transmorgrifier","player_choice":"Transformed","floor":19.0,"gold_loss":0.0,"damage_taken":0.0,"cards_obtained":["Hyperbeam"]},{"damage_healed":0,"gold_gain":0,"player_choice":"Obtained Relic","damage_taken":0,"relics_obtained":["Akabeko"],"max_hp_gain":0,"max_hp_loss":0,"event_name":"Addict","floor":29,"gold_loss":85},{"damage_healed":0,"gold_gain":0,"player_choice":"Ignored","damage_taken":0,"max_hp_gain":0,"max_hp_loss":0,"event_name":"Mysterious Sphere","floor":36,"gold_loss":0},{"damage_healed":0,"gold_gain":0,"player_choice":"Ignored","damage_taken":0,"max_hp_gain":0,"max_hp_loss":0,"event_name":"SecretPortal","floor":37,"gold_loss":0}],"is_beta":false,"boss_relics":[{"not_picked":["Snecko Eye","Cursed Key"],"picked":"Pandora\u0027s Box"},{"not_picked":["Empty Cage","Runic Dome"],"picked":"Fusion Hammer"}],"items_purged_floors":[30,53],"is_endless":false,"potions_floor_spawned":[8,14,20,22,28,31,33,42,44,48,54],"killed_by":"The Heart","ascension_level":4}}