{"host":"46dxij13gllk3u9t","time":1612743101,"event":{"mods":["BaseMod","Better Note","BetterRewards","Colored Powertips","Custom Start","Jedi Mod","Minty Spire (QoL Compilation)","Relic Sorter","Shop Mod","StSLib","The IronCluck","slay the spire mod where everything is the same but ironclad has a cowboy hat"],"gold_per_floor":[113,38,38,51,71,104,179,179,179,196,196,227,240,240,240,338,338,263,7,7,7,7,7,7,7],"floor_reached":24,"language":"ENG","playtime":1216,"items_purged":["Strike_G"],"score":224,"play_id":"ef15a38a-0b4b-4a4b-b4ff-ea21d3f4d031","local_time":"20210207191141","is_ascension_mode":false,"campfire_choices":[{"data":"jedi:pocketpoison","floor":8.0,"key":"SMITH"},{"data":"Deadly Poison","floor":11.0,"key":"SMITH"},{"floor":15.0,"key":"REST"}],"circlet_count":0,"master_deck":["Strike_G","Strike_G","Strike_G","Strike_G","Defend_G","Defend_G","Defend_G","Defend_G","Defend_G","Survivor","Neutralize+1","Deadly Poison+1","jedi:pocketpoison+1","PiercingWail","jedi:brewingpoison","jedi:collectorvenom+1","PiercingWail"],"relics":["Ring of the Snake","NeowsBlessing","jedi:scrapmetal","jedi:archwizardhat","Strawberry","Ectoplasm","jedi:ghostblades","Ancient Tea Set","Toxic Egg 2"],"acts_visited":["Exordium","TheCity"],"potions_floor_usage":[23,23,24],"damage_taken":[{"damage":0.0,"enemies":"2 Louse","floor":1.0,"turns":1.0},{"damage":0.0,"enemies":"Cultist","floor":4.0,"turns":1.0},{"damage":0.0,"enemies":"Small Slimes","floor":5.0,"turns":1.0},{"damage":51.0,"enemies":"Gremlin Nob","floor":6.0,"turns":6.0},{"damage":0.0,"enemies":"Blue Slaver","floor":10.0,"turns":3.0},{"damage":7.0,"enemies":"Lagavulin","floor":12.0,"turns":9.0},{"damage":5.0,"enemies":"Looter","floor":13.0,"turns":3.0},{"damage":12.0,"enemies":"The Guardian","floor":16.0,"turns":10.0},{"damage":23.0,"enemies":"2 Thieves","floor":18.0,"turns":5.0},{"damage":19.0,"enemies":"3 Byrds","floor":21.0,"turns":6.0},{"damage":33,"enemies":"Slavers","floor":23,"turns":9},{"damage":9,"enemies":"Sentry and Sphere","floor":24,"turns":3}],"seed_played":"-5795235985350488658","potions_obtained":[{"floor":5.0,"key":"jedi:StrikingPotion"},{"floor":6.0,"key":"SpeedPotion"},{"floor":16.0,"key":"Fruit Juice"},{"floor":21.0,"key":"Dexterity Potion"},{"floor":23,"key":"AttackPotion"}],"is_trial":false,"path_per_floor":["M","$","?","M","M","E","?","R","T","M","R","E","M","?","R","B",null,"M","$","?","M","?","E","M"],"character_chosen":"THE_SILENT","items_purchased":["jedi:ghostblades"],"campfire_rested":1,"item_purchase_floors":[19],"current_hp_per_floor":[70,70,70,70,70,19,8,8,8,8,8,8,3,3,26,14,77,54,54,54,35,35,7,0,0],"gold":7,"neow_bonus":"THREE_ENEMY_KILL","is_daily":false,"chose_seed":false,"campfire_upgraded":2,"win_rate":0.0,"timestamp":1612743101,"path_taken":["M","$","?","?","?","E","?","R","T","M","R","E","M","?","R","BOSS","M","$","?","M","?","E","M"],"items_purchased_type":["Relic"],"build_version":"2020-12-22","purchased_purges":1,"victory":false,"max_hp_per_floor":[70,70,70,70,70,70,70,70,70,70,70,77,77,77,77,77,77,77,77,77,77,77,82,82,82],"card_choices":[{"not_picked":["Sucker Punch","Endless Agony"],"picked":"Deadly Poison","floor":1.0},{"not_picked":["Caltrops","Concentrate"],"picked":"jedi:pocketpoison","floor":4.0},{"not_picked":["Prepared","Concentrate"],"picked":"PiercingWail","floor":5.0},{"not_picked":["Skewer","Deadly Poison"],"picked":"jedi:brewingpoison","floor":6.0},{"not_picked":["Predator","Underhanded Strike","PiercingWail"],"picked":"SKIP","floor":10.0},{"not_picked":["Predator","Underhanded Strike","PiercingWail"],"picked":"SKIP","floor":10.0},{"not_picked":["Well Laid Plans","Backstab"],"picked":"jedi:collectorvenom","floor":12.0},{"not_picked":["Finisher","Dagger Spray"],"picked":"PiercingWail","floor":13.0},{"not_picked":["Die Die Die","Adrenaline"],"picked":"jedi:collectorvenom","floor":16.0},{"not_picked":["Acrobatics+1","Dagger Spray"],"picked":"jedi:collectorvenom","floor":18.0},{"not_picked":["Prepared+1","Deadly Poison","jedi:unstablefumes"],"picked":"SKIP","floor":21.0},{"not_picked":["Choke","Poisoned Stab+1"],"picked":"jedi:collectorvenom+1","floor":23}],"player_experience":369386,"relics_obtained":[{"floor":6.0,"key":"jedi:scrapmetal"},{"floor":9.0,"key":"jedi:archwizardhat"},{"floor":12.0,"key":"Strawberry"},{"floor":20.0,"key":"Ancient Tea Set"},{"floor":23,"key":"Toxic Egg 2"}],"event_choices":[{"damage_healed":0.0,"max_hp_gain":0.0,"max_hp_loss":0.0,"gold_gain":0.0,"event_name":"WeMeetAgain","player_choice":"Ignored","floor":3.0,"gold_loss":0.0,"damage_taken":0.0},{"damage_healed":0.0,"max_hp_gain":0.0,"max_hp_loss":0.0,"gold_gain":75.0,"event_name":"World of Goop","player_choice":"Gather Gold","floor":7.0,"gold_loss":0.0,"damage_taken":11.0},{"damage_healed":0.0,"max_hp_gain":0.0,"max_hp_loss":0.0,"gold_gain":0.0,"event_name":"Living Wall","player_choice":"Grow","floor":14.0,"gold_loss":0.0,"damage_taken":0.0,"cards_upgraded":["Neutralize"]},{"damage_healed":0.0,"max_hp_gain":0.0,"max_hp_loss":0.0,"gold_gain":0.0,"event_name":"Wheel of Change","player_choice":"Relic","floor":20.0,"gold_loss":0.0,"damage_taken":0.0},{"damage_healed":0.0,"max_hp_gain":0.0,"max_hp_loss":0.0,"gold_gain":0.0,"event_name":"Upgrade Shrine","player_choice":"Upgraded","floor":22.0,"gold_loss":0.0,"damage_taken":0.0,"cards_upgraded":["jedi:collectorvenom"]}],"is_beta":false,"boss_relics":[{"not_picked":["jedi:paperlyon","HoveringKite"],"picked":"Ectoplasm"}],"items_purged_floors":[2],"is_endless":false,"potions_floor_spawned":[5,6,16,21,23],"killed_by":"Sentry and Sphere","ascension_level":0}}