{"host":"zksvs3x2ysy9npnz","time":1612820683,"event":{"mods":["Aspiration","BaseMod","Beaked The Cultist","BetterRewards","Clockwork Mod","Colored Map","Conspire","Downfall","Halation","Highlight Path","Hubris","Infinite Spire","Jedi Mod","Magitek Elite","Minty Spire (QoL Compilation)","Permanent Neow","Quick Restart","Relic Stats","Shop Mod","StSLib","The Runesmith","The Witch"],"gold_per_floor":[99,110,110,560,103,3,26,26,55,55,86,99,99,199,215,318,318,218,229,244,256,275,304,353,253,269,269,269,269,321,355,368,470,470,470,485,485,117,117,117,144,144,144,144,176,191,225,122,135,135,135,161,11,11,11,11],"floor_reached":57,"language":"FRA","playtime":3815,"items_purged":["downfall:Icky","bronze:Strike","bronze:Strike","downfall:Icky"],"score":1347,"play_id":"6f8fbe64-716f-48d4-a9fd-de2df07013fd","local_time":"20210208224443","is_ascension_mode":true,"campfire_choices":[{"floor":1,"key":"RECALL"},{"data":"bronze:ItsAFeature","floor":6,"key":"SMITH"},{"data":"bronze:ChosenStrike","floor":8,"key":"SMITH"},{"data":"bronze:ChildClass","floor":13,"key":"SMITH"},{"data":"bronze:HardenedForm","floor":18,"key":"SMITH"},{"floor":25,"key":"REST"},{"data":"bronze:Constructor","floor":29,"key":"SMITH"},{"data":"bronze:Frontload","floor":35,"key":"SMITH"},{"data":"bronze:CloningBeam","floor":40,"key":"SMITH"},{"data":"bronze:HardenedForm","floor":42,"key":"SMITH"},{"data":"bronze:DelayedGuard","floor":44,"key":"SMITH"},{"data":"bronze:DelayedSlice","floor":54,"key":"SMITH"}],"circlet_count":0,"master_deck":["bronze:Strike","bronze:Defend","bronze:Defend","bronze:Defend+1","bronze:Defend","bronze:Replicate","bronze:Goto","bronze:Boost+1","downfall:Icky","bronze:ItsAFeature+1","bronze:ChosenStrike+1","bronze:ChildClass+1","bronze:ChosenStrike+1","bronze:DelayedGuard+1","bronze:Fortify","bronze:DelayedSlice+1","bronze:Repair","bronze:HardenedForm+1","bronze:DelayedSlice","bronze:BronzeOrb+1","bronze:Iterate+1","bronze:Frontload+1","bronze:Optimize+1","bronze:Constructor+1","bronze:DelayedGuard+1","bronze:Safeguard","bronze:HardenedForm+1","bronze:CutThrough+1","bronze:CloningBeam+1","bronze:Constructor","bronze:Iterate","bronze:InfiniteBeams+1","bronze:Frontload+1","bronze:ChildClass","bronze:Return+1","bronze:ForceShield+1"],"relics":["bronze:BronzeCore","halation:EternalFortune","MerchantsRug","downfall:HeartBlessingRed","aspiration:ChemicalBlood","Strawberry","Bag of Preparation","White Beast Statue","aspiration:RitualDagger","downfall:HeartBlessingGreen","FossilizedHelix","downfall:HeartBlessingBlue","hubris:Towel","Vajra","Letter Opener","aspiration:MobileForge","halation:PapillonHeart","Toolbox","Blue Candle","bronze:SilverBullet","infinitespire:WardingShard","Mythril_Glove","Ribbon","hubris:CrystalStatue"],"acts_visited":["Exordium","TheCity","TheBeyond","TheEnding"],"potions_floor_usage":[11,14,14,16,16,16,21,23,23,26,31,31,32,33,33,38,45,45,47,48,50,50,50,52,55,55,55,56,56,56],"damage_taken":[{"damage":0,"enemies":"Small Slimes","floor":2,"turns":4},{"damage":0,"enemies":"downfall:FleeingMerchant","floor":5,"turns":4},{"damage":18,"enemies":"3 Sentries","floor":9,"turns":8},{"damage":10,"enemies":"Lagavulin","floor":11,"turns":7},{"damage":0,"enemies":"2 Louse","floor":12,"turns":2},{"damage":20,"enemies":"downfall:LadyInBlue","floor":14,"turns":9},{"damage":0,"enemies":"Cultist","floor":15,"turns":1},{"damage":25,"enemies":"DF_ARCHETYPE_STREAMLINE","floor":16,"turns":8},{"damage":9,"enemies":"Chosen","floor":19,"turns":3},{"damage":9,"enemies":"Spheric Guardian","floor":20,"turns":3},{"damage":18,"enemies":"Snecko","floor":21,"turns":5},{"damage":12,"enemies":"Shelled Parasite and Fungi","floor":22,"turns":4},{"damage":33,"enemies":"Gremlin Leader","floor":23,"turns":6},{"damage":17,"enemies":"Snake Plant","floor":26,"turns":2},{"damage":24,"enemies":"Nightmare","floor":31,"turns":7},{"damage":24,"enemies":"Snecko","floor":32,"turns":3},{"damage":36,"enemies":"SI_MIRROR_ARCHETYPE","floor":33,"turns":10},{"damage":12,"enemies":"3 Shapes","floor":36,"turns":5},{"damage":9,"enemies":"downfall:FleeingMerchant","floor":38,"turns":4},{"damage":43,"enemies":"Nemesis","floor":45,"turns":5},{"damage":3,"enemies":"3 Darklings","floor":46,"turns":2},{"damage":50,"enemies":"Nightmare","floor":47,"turns":8},{"damage":3,"enemies":"downfall:FleeingMerchant","floor":48,"turns":2},{"damage":6,"enemies":"Writhing Mass","floor":49,"turns":3},{"damage":55,"enemies":"IC_BLOCK_ARCHETYPE","floor":50,"turns":8},{"damage":41,"enemies":"downfall:CharBossMerchant","floor":52,"turns":8},{"damage":35,"enemies":"downfall:NeowBoss","floor":55,"turns":11},{"damage":42,"enemies":"downfall:NeowBossFinal","floor":56,"turns":12}],"seed_played":"1531692966502418520","potions_obtained":[{"floor":2,"key":"SteroidPotion"},{"floor":14,"key":"hexamod:SoulburnPotion"},{"floor":15,"key":"hexamod:SoulburnPotion"},{"floor":16,"key":"Explosive Potion"},{"floor":19,"key":"BlessingOfTheForge"},{"floor":21,"key":"Weak Potion"},{"floor":23,"key":"DuplicationPotion"},{"floor":23,"key":"AttackPotion"},{"floor":26,"key":"sneckomod:MuddlingPotion"},{"floor":31,"key":"Ancient Potion"},{"floor":32,"key":"BlessingOfTheForge"},{"floor":32,"key":"DuplicationPotion"},{"floor":33,"key":"sneckomod:MuddlingPotion"},{"floor":38,"key":"PowerPotion"},{"floor":38,"key":"hexamod:SoulburnPotion"},{"floor":45,"key":"LiquidBronze"},{"floor":45,"key":"SkillPotion"},{"floor":47,"key":"sneckomod:MuddlingPotion"},{"floor":48,"key":"jedi:StrikingPotion"},{"floor":50,"key":"AttackPotion"},{"floor":50,"key":"FearPotion"},{"floor":52,"key":"DistilledChaos"},{"floor":55,"key":"bronze:CleanCodePotion"},{"floor":55,"key":"jedi:StrikingPotion"}],"is_trial":false,"path_per_floor":["R","M","?","?","$","R","T","R","E","?","E","M","R","?","M","B",null,"R","M","M","M","M","E","T","R","M","?","?","R","T","NM","M","B",null,"R","M","?","$","?","R","T","R","?","R","E","M","NM","$","M","B",null,"E","$","R","B","B",null],"character_chosen":"THE_AUTOMATON","items_purchased":["War Paint","bronze:ChosenStrike","MerchantsRug","Toolbox","bronze:Constructor","bronze:Iterate","Ribbon"],"campfire_rested":1,"item_purchase_floors":[5,5,5,38,38,38,48],"current_hp_per_floor":[70,70,73,73,73,73,73,73,62,62,52,52,52,35,38,20,86,86,77,78,67,62,36,36,75,58,58,91,91,91,67,43,14,99,99,87,87,88,83,83,83,83,83,83,56,53,10,7,1,87,97,83,83,83,97,95],"gold":11,"neow_bonus":"REMOVE_CARD","is_daily":false,"chose_seed":false,"campfire_upgraded":10,"win_rate":0.0,"timestamp":1612820683,"path_taken":["R","M","?","?","$","R","T","R","E","?","E","?","R","?","M","BOSS","R","M","M","M","M","E","T","R","?","?","?","R","?","NM","M","BOSS","R","M","?","$","?","R","T","R","?","R","E","M","NM","$","M","BOSS","E","$","R","BOSS","BOSS"],"items_purchased_type":["Relic","Card","Relic","Relic","Card","Card","Relic"],"build_version":"2020-12-22","purchased_purges":4,"victory":true,"max_hp_per_floor":[70,70,73,73,73,73,73,73,80,80,80,80,80,83,86,86,86,86,86,89,89,89,89,89,99,99,99,99,99,99,99,99,99,99,99,99,94,97,97,97,97,97,97,97,97,97,97,97,97,97,97,97,97,97,97,97],"relic_stats":{"counters":[28,154],"Blue Candle":[17],"Bag of Preparation":[48],"Letter Opener":[64],"obtain_stats":[{"halation:PapillonHeart":37,"bronze:BronzeCore":0,"hubris:CrystalStatue":52,"Vajra":30,"downfall:HeartBlessingGreen":18,"Bag of Preparation":11,"Mythril_Glove":47,"downfall:HeartBlessingBlue":25,"aspiration:MobileForge":34,"Ribbon":48,"Strawberry":9,"Toolbox":38,"aspiration:ChemicalBlood":7,"MerchantsRug":5,"downfall:HeartBlessingRed":6,"Blue Candle":39,"Letter Opener":31,"War Paint":5,"hubris:Towel":27,"White Beast Statue":14,"infinitespire:WardingShard":45,"halation:EternalFortune":3,"aspiration:RitualDagger":17,"bronze:SilverBullet":41,"FossilizedHelix":23},{"halation:PapillonHeart":18,"bronze:BronzeCore":0,"hubris:CrystalStatue":26,"Vajra":14,"downfall:HeartBlessingGreen":8,"Bag of Preparation":4,"Mythril_Glove":22,"downfall:HeartBlessingBlue":13,"aspiration:MobileForge":17,"Ribbon":23,"Strawberry":3,"Toolbox":19,"aspiration:ChemicalBlood":2,"MerchantsRug":2,"downfall:HeartBlessingRed":2,"Blue Candle":19,"Letter Opener":15,"War Paint":2,"hubris:Towel":14,"White Beast Statue":6,"infinitespire:WardingShard":20,"halation:EternalFortune":1,"aspiration:RitualDagger":8,"bronze:SilverBullet":19,"FossilizedHelix":13},{"halation:PapillonHeart":91,"bronze:BronzeCore":0,"hubris:CrystalStatue":131,"Vajra":66,"downfall:HeartBlessingGreen":43,"Bag of Preparation":23,"Mythril_Glove":110,"downfall:HeartBlessingBlue":64,"aspiration:MobileForge":86,"Ribbon":112,"Strawberry":16,"Toolbox":95,"aspiration:ChemicalBlood":8,"MerchantsRug":8,"downfall:HeartBlessingRed":8,"Blue Candle":95,"Letter Opener":73,"War Paint":8,"hubris:Towel":66,"White Beast Statue":34,"infinitespire:WardingShard":100,"halation:EternalFortune":4,"aspiration:RitualDagger":43,"bronze:SilverBullet":95,"FossilizedHelix":64}]},"card_choices":[{"not_picked":["bronze:FineTuning","bronze:OilSpill"],"picked":"bronze:Boost","floor":2},{"not_picked":["bronze:WildBeam","bronze:DarkDash"],"picked":"bronze:ItsAFeature","floor":5},{"not_picked":["bronze:Backtrace","bronze:Invalidate"],"picked":"bronze:ChildClass","floor":9},{"not_picked":["bronze:BronzeArmor","bronze:FineTuning"],"picked":"bronze:DelayedGuard","floor":11},{"not_picked":["bronze:BuggyMess","bronze:RecursiveStrike"],"picked":"bronze:Fortify","floor":12},{"not_picked":["bronze:Overheat","bronze:Separator"],"picked":"bronze:DelayedSlice","floor":14},{"not_picked":["bronze:BronzeOrb","bronze:DigitalCarnage"],"picked":"bronze:Repair","floor":15},{"not_picked":["bronze:BurnOut","bronze:ThunderWave"],"picked":"bronze:HardenedForm","floor":16},{"not_picked":["bronze:Turbo","bronze:Invalidate"],"picked":"bronze:DelayedSlice","floor":19},{"not_picked":["bronze:Branch","bronze:MaxOutput"],"picked":"bronze:BronzeOrb+1","floor":20},{"not_picked":["bronze:Boost","bronze:ThunderWave"],"picked":"bronze:Iterate+1","floor":21},{"not_picked":["bronze:DelayedGuard","bronze:DelayedSlice"],"picked":"bronze:Frontload","floor":22},{"not_picked":["bronze:CloningBeam","bronze:Backtrace"],"picked":"bronze:Optimize+1","floor":23},{"not_picked":["bronze:MaxOutput","bronze:Terminator"],"picked":"bronze:Constructor","floor":26},{"not_picked":["bronze:Overheat","bronze:BurnOut"],"picked":"bronze:DelayedGuard+1","floor":31},{"not_picked":["bronze:OilSpill","bronze:Optimize+1"],"picked":"bronze:Safeguard","floor":32},{"not_picked":["bronze:SpaghettiCode","bronze:Break"],"picked":"bronze:HardenedForm","floor":33},{"not_picked":["bronze:BuggyMess+1","bronze:Overheat"],"picked":"bronze:CutThrough+1","floor":36},{"not_picked":["bronze:Refactor","bronze:Overheat+1"],"picked":"bronze:CloningBeam","floor":38},{"not_picked":["bronze:Invalidate","bronze:Backtrace+1"],"picked":"bronze:InfiniteBeams+1","floor":45},{"not_picked":["bronze:Philosophize","bronze:CutThrough","bronze:Branch+1"],"picked":"SKIP","floor":46},{"not_picked":["bronze:ForceShield","bronze:DarkDash"],"picked":"bronze:Frontload+1","floor":47},{"not_picked":["bronze:Refactor+1","bronze:BugBarrage"],"picked":"bronze:ChildClass","floor":48},{"not_picked":["bronze:Branch+1","bronze:OilSpill"],"picked":"bronze:Return+1","floor":49},{"not_picked":["bronze:Flail+1","bronze:Iterate"],"picked":"bronze:ForceShield+1","floor":52}],"player_experience":1870472,"relics_obtained":[{"floor":7,"key":"aspiration:ChemicalBlood"},{"floor":9,"key":"Strawberry"},{"floor":11,"key":"Bag of Preparation"},{"floor":14,"key":"White Beast Statue"},{"floor":14,"key":"halation:EternalFortune"},{"floor":15,"key":"halation:EternalFortune"},{"floor":20,"key":"halation:EternalFortune"},{"floor":23,"key":"FossilizedHelix"},{"floor":30,"key":"Vajra"},{"floor":31,"key":"Letter Opener"},{"floor":38,"key":"halation:EternalFortune"},{"floor":41,"key":"bronze:SilverBullet"},{"floor":45,"key":"infinitespire:WardingShard"},{"floor":47,"key":"Mythril_Glove"},{"floor":52,"key":"hubris:CrystalStatue"}],"event_choices":[{"damage_healed":33,"gold_gain":0,"player_choice":"Heal","damage_taken":0,"max_hp_gain":0,"max_hp_loss":0,"event_name":"The Library","floor":28,"gold_loss":0}],"is_beta":false,"boss_relics":[{"not_picked":["hubris:Stopwatch","aspiration:FutureDiary"],"picked":"aspiration:RitualDagger"},{"not_picked":["aspiration:SecretTechniqueScroll","halation:LoveArrow"],"picked":"aspiration:MobileForge"}],"items_purged_floors":[5,38,48,53],"is_endless":false,"potions_floor_spawned":[2,14,15,16,19,20,21,22,23,26,31,32,33,36,38,45,46,47,48,49,52],"ascension_level":2}}