{"host":"06e3yyzgn8o619wl","time":1612797728,"event":{"mods":["BaseMod","Block Reminder","Colored Map","Colored Powertips","DeckTracker","Minty Spire (QoL Compilation)","Permanent Neow","Relic Stats","StSLib"],"gold_per_floor":[119,139,139,63,74,74,104,104,104,104,119,143,161,173,173,273,273,315,91,111,123,170,170,189,189,189,249,297,347,347,392,392,525,525,575,621,621,701,751,796,796,841,841,905,604,604,620,640,640,640],"floor_reached":51,"language":"JPN","playtime":5641,"items_purged":[],"score":1276,"play_id":"3e738605-9d85-47aa-91cf-112ef9bc45ef","local_time":"20210209002208","is_ascension_mode":true,"campfire_choices":[{"data":"Eruption","floor":6,"key":"SMITH"},{"floor":8,"key":"REST"},{"data":"Vigilance","floor":10,"key":"SMITH"},{"floor":15,"key":"REST"},{"floor":23,"key":"REST"},{"floor":32,"key":"REST"},{"floor":41,"key":"REST"},{"floor":49,"key":"REST"}],"circlet_count":0,"master_deck":["AscendersBane","Eruption+1","Vigilance+1","Tantrum+1","Protect+1","Weave+1","Meditate+1","Vault+1","Alpha+1","Protect+1","LessonLearned+1","ClearTheMind+1","TalkToTheHand+1","WaveOfTheHand+1","MentalFortress+1","ThirdEye+1","Wish+1","LikeWater+1","LikeWater+1","CutThroughFate+1","Omniscience+1","Scrawl"],"relics":["Pandora\u0027s Box","Damaru","Frozen Egg 2","Odd Mushroom","Snecko Eye","Toy Ornithopter","Kunai","Dream Catcher","MutagenicStrength","Busted Crown","Ice Cream","Yang","Boot","Membership Card","Strawberry","Bag of Marbles"],"acts_visited":["Exordium","TheCity","TheBeyond"],"potions_floor_usage":[7,14,21,50],"damage_taken":[{"damage":6,"enemies":"2 Louse","floor":1,"turns":2},{"damage":4,"enemies":"Jaw Worm","floor":2,"turns":4},{"damage":0,"enemies":"Cultist","floor":5,"turns":4},{"damage":20,"enemies":"3 Sentries","floor":7,"turns":4},{"damage":0,"enemies":"Looter","floor":11,"turns":4},{"damage":9,"enemies":"The Mushroom Lair","floor":12,"turns":5},{"damage":0,"enemies":"2 Fungi Beasts","floor":13,"turns":2},{"damage":0,"enemies":"Lots of Slimes","floor":14,"turns":3},{"damage":34,"enemies":"Hexaghost","floor":16,"turns":8},{"damage":0,"enemies":"Chosen","floor":18,"turns":6},{"damage":3,"enemies":"2 Thieves","floor":20,"turns":5},{"damage":17,"enemies":"Chosen and Byrds","floor":21,"turns":5},{"damage":2,"enemies":"Shelled Parasite and Fungi","floor":22,"turns":5},{"damage":0,"enemies":"3 Cultists","floor":24,"turns":5},{"damage":0,"enemies":"Gremlin Leader","floor":27,"turns":4},{"damage":5,"enemies":"Snake Plant","floor":28,"turns":4},{"damage":0,"enemies":"Snecko","floor":29,"turns":5},{"damage":0,"enemies":"Sentry and Sphere","floor":31,"turns":4},{"damage":0,"enemies":"Automaton","floor":33,"turns":8},{"damage":0,"enemies":"3 Darklings","floor":35,"turns":2},{"damage":2,"enemies":"Orb Walker","floor":36,"turns":5},{"damage":0,"enemies":"Mind Bloom Boss Battle","floor":38,"turns":4},{"damage":11,"enemies":"Spire Growth","floor":39,"turns":7},{"damage":6,"enemies":"3 Darklings","floor":40,"turns":4},{"damage":0,"enemies":"Sphere and 2 Shapes","floor":42,"turns":4},{"damage":2,"enemies":"Reptomancer","floor":44,"turns":4},{"damage":0,"enemies":"Spire Growth","floor":47,"turns":4},{"damage":11,"enemies":"3 Darklings","floor":48,"turns":2},{"damage":0,"enemies":"Time Eater","floor":50,"turns":6}],"seed_played":"7855982559130654036","potions_obtained":[{"floor":2,"key":"Energy Potion"},{"floor":11,"key":"Energy Potion"},{"floor":12,"key":"Swift Potion"},{"floor":14,"key":"BlessingOfTheForge"},{"floor":27,"key":"Strength Potion"},{"floor":28,"key":"EssenceOfSteel"},{"floor":31,"key":"CultistPotion"},{"floor":40,"key":"FairyPotion"}],"is_trial":false,"path_per_floor":["M","M","?","$","M","R","E","R","T","R","M","?","M","M","R","B",null,"M","$","M","M","M","R","M","?","T","E","M","M","?","M","R","B",null,"M","M","?","?","M","M","R","M","T","E","$","?","M","M","R","B",null],"character_chosen":"WATCHER","items_purchased":["TalkToTheHand","LikeWater+1","Toy Ornithopter","Membership Card","Strawberry","Bag of Marbles"],"campfire_rested":6,"item_purchase_floors":[4,19,19,45,45,45],"current_hp_per_floor":[59,55,41,41,41,41,21,42,42,42,42,33,33,33,54,20,59,59,59,56,44,42,63,63,63,63,63,58,58,58,58,72,72,72,72,70,70,70,59,53,72,72,72,70,77,70,70,59,79,79],"gold":640,"neow_bonus":"BOSS_RELIC","is_daily":false,"chose_seed":false,"campfire_upgraded":2,"win_rate":0.0,"timestamp":1612797728,"path_taken":["M","M","?","$","M","R","E","R","T","R","M","?","M","M","R","BOSS","M","$","M","M","M","R","M","?","T","E","?","M","?","M","R","BOSS","M","M","?","?","M","M","R","M","T","E","$","?","?","M","R","BOSS"],"items_purchased_type":["Card","Card","Relic","Relic","Relic","Relic"],"build_version":"2020-12-22","purchased_purges":0,"victory":true,"max_hp_per_floor":[72,72,72,72,72,72,72,72,72,72,72,72,72,72,72,72,72,72,72,72,72,72,72,72,72,72,72,72,72,72,72,72,72,72,72,72,72,72,72,72,72,72,72,72,79,79,79,79,79,79],"relic_stats":{"Dream Catcher":3,"Busted Crown":22,"counters":[29,129],"Snecko Eye":[156,183,170,141],"Pandora\u0027s Box":["Tantrum","Protect","Weave","Meditate","Vault","Alpha","Protect","LessonLearned"],"Yang":[9],"Kunai":[8],"Boot":[0],"obtain_stats":[{"Ice Cream":38,"Damaru":7,"Yang":43,"Frozen Egg 2":9,"Odd Mushroom":12,"Boot":44,"Dream Catcher":27,"Busted Crown":34,"MutagenicStrength":30,"Strawberry":45,"Snecko Eye":17,"Pandora\u0027s Box":0,"Bag of Marbles":45,"Kunai":26,"Membership Card":45,"PureWater":0,"Toy Ornithopter":19},{"Ice Cream":22,"Damaru":4,"Yang":25,"Frozen Egg 2":4,"Odd Mushroom":6,"Boot":26,"Dream Catcher":15,"Busted Crown":19,"MutagenicStrength":17,"Strawberry":26,"Snecko Eye":9,"Pandora\u0027s Box":0,"Bag of Marbles":26,"Kunai":14,"Membership Card":26,"PureWater":0,"Toy Ornithopter":10},{"Ice Cream":98,"Damaru":14,"Yang":113,"Frozen Egg 2":14,"Odd Mushroom":23,"Boot":117,"Dream Catcher":66,"Busted Crown":87,"MutagenicStrength":75,"Strawberry":117,"Snecko Eye":36,"Pandora\u0027s Box":0,"Bag of Marbles":117,"Kunai":62,"Membership Card":117,"PureWater":0,"Toy Ornithopter":42}],"Toy Ornithopter":5},"card_choices":[{"not_picked":["FlyingSleeves","EmptyFist"],"picked":"ClearTheMind","floor":1},{"not_picked":["Perseverance","Evaluate"],"picked":"CutThroughFate","floor":2},{"not_picked":["Nirvana","LikeWater"],"picked":"WaveOfTheHand","floor":5},{"not_picked":["Perseverance","EmptyMind","CrushJoints"],"picked":"SKIP","floor":7},{"not_picked":["Evaluate","Crescendo"],"picked":"MentalFortress+1","floor":11},{"not_picked":["Collect","SashWhip"],"picked":"ThirdEye","floor":13},{"not_picked":["Evaluate","Blasphemy","Perseverance"],"picked":"SKIP","floor":14},{"not_picked":["Alpha","Establishment+1"],"picked":"Wish","floor":16},{"not_picked":["FlyingSleeves","ClearTheMind","EmptyFist"],"picked":"SKIP","floor":18},{"not_picked":["InnerPeace","EmptyBody","Protect"],"picked":"SKIP","floor":20},{"not_picked":["InnerPeace","EmptyBody","Protect"],"picked":"SKIP","floor":20},{"not_picked":["CrushJoints","Blasphemy"],"picked":"LikeWater+1","floor":21},{"not_picked":["FlyingSleeves","Halt+1","CutThroughFate"],"picked":"SKIP","floor":22},{"not_picked":["FlyingSleeves","Halt+1","CutThroughFate"],"picked":"SKIP","floor":22},{"not_picked":["FlyingSleeves","Halt+1","CutThroughFate"],"picked":"SKIP","floor":22},{"not_picked":["BattleHymn+1","Prostrate","SashWhip+1"],"picked":"SKIP","floor":24},{"not_picked":["BattleHymn+1","Prostrate","SashWhip+1"],"picked":"SKIP","floor":24},{"not_picked":["Perseverance","MasterReality+1"],"picked":"CutThroughFate+1","floor":27},{"not_picked":["Swivel","FollowUp","EmptyBody+1"],"picked":"SKIP","floor":28},{"not_picked":["BowlingBash+1","FollowUp","FlurryOfBlows"],"picked":"SKIP","floor":29},{"not_picked":["Perseverance","CarveReality","ClearTheMind+1"],"picked":"SKIP","floor":31},{"not_picked":["Prostrate","Fasting2+1"],"picked":"Omniscience","floor":32},{"not_picked":["Ragnarok","MasterReality+1"],"picked":"Scrawl","floor":33},{"not_picked":["CrushJoints"],"picked":"SKIP","floor":35},{"not_picked":["SandsOfTime+1"],"picked":"SKIP","floor":36},{"not_picked":["Prostrate+1"],"picked":"SKIP","floor":39},{"not_picked":["FlurryOfBlows+1"],"picked":"SKIP","floor":40},{"not_picked":["EmptyBody"],"picked":"SKIP","floor":42},{"not_picked":["Vengeance"],"picked":"SKIP","floor":44},{"not_picked":["Swivel"],"picked":"SKIP","floor":47},{"not_picked":["ForeignInfluence"],"picked":"SKIP","floor":48}],"player_experience":173401,"relics_obtained":[{"floor":7,"key":"Damaru"},{"floor":9,"key":"Frozen Egg 2"},{"floor":12,"key":"Odd Mushroom"},{"floor":26,"key":"Kunai"},{"floor":27,"key":"Dream Catcher"},{"floor":38,"key":"Ice Cream"},{"floor":43,"key":"Yang"},{"floor":44,"key":"Boot"}],"event_choices":[{"damage_healed":0,"gold_gain":0,"player_choice":"Entered Light","damage_taken":14,"max_hp_gain":0,"max_hp_loss":0,"event_name":"Shining Light","floor":3,"gold_loss":0,"cards_upgraded":["LessonLearned","Weave"]},{"damage_healed":0,"gold_gain":0,"player_choice":"Fought Mushrooms","damage_taken":0,"max_hp_gain":0,"max_hp_loss":0,"event_name":"Mushrooms","floor":12,"gold_loss":0},{"damage_healed":0,"gold_gain":0,"player_choice":"Ignored","damage_taken":0,"max_hp_gain":0,"max_hp_loss":0,"event_name":"Purifier","floor":25,"gold_loss":0},{"damage_healed":0,"gold_gain":0,"player_choice":"Inject Mutagens","damage_taken":0,"relics_obtained":["MutagenicStrength"],"max_hp_gain":0,"max_hp_loss":0,"event_name":"Drug Dealer","floor":30,"gold_loss":0},{"cards_removed":["CutThroughFate"],"damage_healed":0,"gold_gain":0,"player_choice":"Removed Attack","damage_taken":0,"max_hp_gain":0,"max_hp_loss":0,"event_name":"Falling","floor":37,"gold_loss":0},{"damage_healed":0,"gold_gain":0,"player_choice":"Fight","damage_taken":0,"max_hp_gain":0,"max_hp_loss":0,"event_name":"MindBloom","floor":38,"gold_loss":0},{"damage_healed":0,"gold_gain":0,"player_choice":"Damaged","damage_taken":7,"max_hp_gain":0,"max_hp_loss":0,"event_name":"Wheel of Change","floor":46,"gold_loss":0}],"is_beta":false,"boss_relics":[{"not_picked":["Runic Pyramid","VioletLotus"],"picked":"Snecko Eye"},{"not_picked":["Coffee Dripper","Tiny House"],"picked":"Busted Crown"}],"items_purged_floors":[],"is_endless":false,"potions_floor_spawned":[2,11,12,14,18,27,28,29,31,33,40,42,47,48],"ascension_level":11}}