{"host":"jr8kutoxe0dof5ui","time":1612776101,"event":{"mods":["AchievementEnabler","Aspiration","BaseMod","DeckTracker","Defuse TimeMaze Blight","Halation","Hubris","Infinite Spire","MarisaÅiñ∂âJÅ@ñÇóùçπÅj","Minty Spire (QoL Compilation)","Prisma Mod","Replay The Spire","Reworked Bosses","StSLib","SuperFastMode","The Construct","The Cursed","The Disciple","The Servant 0.9.4"],"gold_per_floor":[110,110,110,60,71,71,105,105,129,129,129,129,149,161,178,204,204,304,354,374,299,51,51,67,100,113,113,113,128,154,154,187,198,198,198],"floor_reached":34,"language":"ENG","playtime":2444,"items_purged":[],"score":425,"play_id":"f53ca78a-cb4e-41f9-8796-ab0bdf7c5eaa","local_time":"20210208182141","is_ascension_mode":false,"campfire_choices":[{"data":"TheCursedMod:CursedWand","floor":6,"key":"SMITH"},{"data":"TheCursedMod:CleanUpWorkshop","floor":8,"key":"SMITH"},{"data":"TheCursedMod:LuckyCharm","floor":10,"key":"SMITH"},{"data":"TheCursedMod:CursedStaff","floor":17,"key":"SMITH"},{"data":"TheCursedMod:CollectTribute","floor":27,"key":"SMITH"},{"data":"TheCursedMod:CircleOfCorruption","floor":31,"key":"SMITH"}],"circlet_count":0,"master_deck":["TheCursedMod:Strike_TheCursed","TheCursedMod:Strike_TheCursed","TheCursedMod:Defend_TheCursed","TheCursedMod:Defend_TheCursed","TheCursedMod:Defend_TheCursed+1","TheCursedMod:Defend_TheCursed","TheCursedMod:CursedWand+1","TheCursedMod:CleanUpWorkshop+1","TheCursedMod:Dregs","TheCursedMod:StingEye+1","CommonCold","TheCursedMod:LuckyCharm+1","Sanctity","Pot Of Greed","Pot Of Greed","TheCursedMod:Obscuration","TheCursedMod:HellfireBreathing","TheCursedMod:CursedSpellbook+1","TheCursedMod:CursedStaff+1","TheCursedMod:DemonicPact","TheCursedMod:TacticalStrike","TheCursedMod:AshesToAshes+1","Metamorphosis","TheCursedMod:HellsGateOpen","ReplayTheSpireMod:Splinters","Spreading Infection","Pot Of Greed","infinitespire:NeuralNetwork","TheCursedMod:CircleOfCorruption+1","TheCursedMod:BlessingInDisguise","TheCursedMod:CollectTribute+1","TheCursedMod:RapidMovement+1","WindmillStrike"],"relics":["TheCursedMod:BlackMagic101","NeowsBlessing","hubris:DisguiseKit","infinitespire:Lucky Rock","Grinning Jar","halation:AfternoonTea","Tiny House","Centennial Puzzle","TheCursedMod:BloodyHarpoon","hubris:TenFootPole","Pet Ghost"],"acts_visited":["Exordium","TheCity"],"potions_floor_usage":[25,26,34,34,34],"damage_taken":[{"damage":0,"enemies":"Cultist","floor":1,"turns":1},{"damage":0,"enemies":"Small Slimes","floor":5,"turns":1},{"damage":0,"enemies":"Lagavulin","floor":7,"turns":1},{"damage":2,"enemies":"Jaw Worm","floor":13,"turns":4},{"damage":0,"enemies":"Large Slime","floor":14,"turns":6},{"damage":0,"enemies":"Exordium Wildlife","floor":15,"turns":4},{"damage":0,"enemies":"Replay:BlueRogue","floor":16,"turns":7},{"damage":0,"enemies":"Slime Boss","floor":18,"turns":8},{"damage":0,"enemies":"Shell Parasite","floor":20,"turns":7},{"damage":0,"enemies":"Chosen","floor":24,"turns":6},{"damage":10,"enemies":"Gremlin Leader","floor":25,"turns":6},{"damage":20,"enemies":"Snecko","floor":26,"turns":7},{"damage":17,"enemies":"Shelled Parasite and Fungi","floor":29,"turns":5},{"damage":0,"enemies":"Replay:Snechameleon","floor":32,"turns":5},{"damage":0,"enemies":"3 Cultists","floor":33,"turns":5},{"damage":11,"enemies":"Colosseum Slavers","floor":34,"turns":5},{"damage":29,"enemies":"Colosseum Nobs","floor":34,"turns":3}],"seed_played":"-5055274302453289167","potions_obtained":[{"floor":1,"key":"Explosive Potion"},{"floor":5,"key":"Weak Potion"},{"floor":13,"key":"AttackPotion"},{"floor":25,"key":"Fruit Juice"},{"floor":29,"key":"ColorlessPotion"},{"floor":32,"key":"FearPotion"}],"is_trial":false,"path_per_floor":["M","?","?","?","M","R","E","R","T","R","PTL","PTL","M","M","M","E","R","B",null,"M","?","$","?","M","E","M","R","T","M","T","R","E","M","R"],"character_chosen":"THE_CURSED","items_purchased":["Metamorphosis","TheCursedMod:HellsGateOpen"],"campfire_rested":0,"item_purchase_floors":[22,22],"current_hp_per_floor":[75,75,60,60,60,60,60,60,60,60,60,60,58,58,58,58,58,58,80,80,80,80,80,80,75,55,55,55,38,38,38,38,38,0,0],"gold":198,"neow_bonus":"THREE_ENEMY_KILL","is_daily":false,"chose_seed":false,"campfire_upgraded":6,"win_rate":0.0,"timestamp":1612776101,"path_taken":["M","?","?","?","M","R","E","R","T","R","PTL","PTL","M","M","M","E","R","BOSS","M","?","$","?","M","E","M","R","T","M","?","R","E","M","R"],"items_purchased_type":["Card","Card"],"build_version":"2020-12-22","purchased_purges":0,"victory":false,"max_hp_per_floor":[75,75,75,75,75,75,75,75,75,75,75,75,75,75,75,75,75,75,80,80,80,80,80,80,85,85,85,85,85,85,85,85,85,85,85],"card_choices":[{"not_picked":["TheCursedMod:SmokeScreen","TheCursedMod:Obscuration"],"picked":"TheCursedMod:StingEye","floor":1},{"not_picked":["TheCursedMod:VitalStrike","TheCursedMod:RapidMovement","ThirdEye"],"picked":"TheCursedMod:LuckyCharm","floor":5},{"not_picked":["TheCursedMod:Stigma","TheCursedMod:ReleasedKnowledge","TheCursedMod:Torture"],"picked":"Sanctity","floor":7},{"not_picked":["TheCursedMod:Wield","TheCursedMod:Stretching","Replay:Anticipation"],"picked":"TheCursedMod:Obscuration","floor":13},{"not_picked":["TheCursedMod:VitalStrike","TheCursedMod:CircleOfFlame","Sanctity"],"picked":"TheCursedMod:HellfireBreathing","floor":14},{"not_picked":["TheCursedMod:ReleasedStrength","TheCursedMod:RavingStaff","FollowUp"],"picked":"TheCursedMod:CursedSpellbook","floor":15},{"not_picked":["TheCursedMod:BlessingInDisguise","TheCursedMod:Wield","Halt"],"picked":"TheCursedMod:CursedStaff","floor":16},{"not_picked":["TheCursedMod:StunningStrike","TheCursedMod:ShockAndAwe","Vault"],"picked":"TheCursedMod:DemonicPact","floor":18},{"not_picked":["TheCursedMod:Obscuration","TheCursedMod:CursedShiv","ClearTheMind"],"picked":"TheCursedMod:TacticalStrike","floor":19},{"not_picked":["TheCursedMod:CircleOfFlame+1","TheCursedMod:VitalStrike+1","ReachHeaven"],"picked":"TheCursedMod:AshesToAshes+1","floor":20},{"not_picked":["ReplayTheSpireMod:??????????????????????","ReplayTheSpireMod:Chaos Vortex"],"picked":"infinitespire:NeuralNetwork","floor":23},{"not_picked":["TheCursedMod:CircleOfWindfury","TheCursedMod:SurpriseAttack","MentalFortress"],"picked":"TheCursedMod:CircleOfCorruption","floor":24},{"not_picked":["TheCursedMod:TacticalStrike","TheCursedMod:SpreadPlague","FlyingSleeves"],"picked":"TheCursedMod:BlessingInDisguise","floor":25},{"not_picked":["TheCursedMod:CircleOfBlood","TheCursedMod:Stretching","Prostrate"],"picked":"TheCursedMod:CollectTribute","floor":26},{"not_picked":["TheCursedMod:CursedShiv+1","TheCursedMod:CursedAmulet","Replay:DivineShield"],"picked":"TheCursedMod:RapidMovement+1","floor":29},{"not_picked":["TheCursedMod:Mangle","TheCursedMod:Grudge","TheCursedMod:CircleOfFlame","Swivel"],"picked":"SKIP","floor":32},{"not_picked":["TheCursedMod:Obscuration+1","TheCursedMod:CircleOfCorruption","TheCursedMod:RapidMovement"],"picked":"WindmillStrike","floor":33}],"player_experience":306670,"relics_obtained":[{"floor":7,"key":"infinitespire:Lucky Rock"},{"floor":9,"key":"Grinning Jar"},{"floor":16,"key":"halation:AfternoonTea"},{"floor":25,"key":"Centennial Puzzle"},{"floor":28,"key":"TheCursedMod:BloodyHarpoon"},{"floor":30,"key":"hubris:TenFootPole"},{"floor":32,"key":"Pet Ghost"}],"event_choices":[{"damage_healed":0,"gold_gain":0,"player_choice":"Entered Light","damage_taken":15,"max_hp_gain":0,"max_hp_loss":0,"event_name":"Shining Light","floor":3,"gold_loss":0,"cards_upgraded":["TheCursedMod:Defend_TheCursed","TheCursedMod:StingEye"]},{"cards_removed":["TheCursedMod:Strike_TheCursed"],"damage_healed":0,"gold_gain":0,"player_choice":"Card Removal","damage_taken":0,"max_hp_gain":0,"max_hp_loss":0,"event_name":"The Cleric","floor":4,"gold_loss":50},{"cards_removed":["TheCursedMod:Strike_TheCursed"],"damage_healed":0,"gold_gain":0,"player_choice":"Gave Gold","damage_taken":0,"max_hp_gain":0,"max_hp_loss":0,"event_name":"Beggar","floor":21,"gold_loss":75},{"damage_healed":0,"gold_gain":0,"player_choice":"Fight","damage_taken":0,"max_hp_gain":0,"max_hp_loss":0,"event_name":"Colosseum","floor":34,"gold_loss":0},{"damage_healed":0,"gold_gain":0,"player_choice":"Fought Nobs","damage_taken":0,"max_hp_gain":0,"max_hp_loss":0,"event_name":"Colosseum","floor":34,"gold_loss":0}],"is_beta":false,"boss_relics":[{"not_picked":["halation:Yufonium","Snecko Eye"],"picked":"Tiny House"}],"items_purged_floors":[],"is_endless":false,"potions_floor_spawned":[1,5,13,14,15,25,29,32,34],"killed_by":"Colosseum Nobs","ascension_level":0}}