{"host":"u1ystlfkdtaqkn2r","time":1612769534,"event":{"mods":["ATMod(阿瑾Mod)","Act Like it!","Arknights","BaseMod","Colored Powertips","Friendly Minions","Gensokyo","GifTheSpireLib","Jedi Mod","Koishi","KomeijiMod","Luminous","Minty Spire (QoL Compilation)","Pale of the Ancients","Prisma Mod","Replay The Spire","RumiaBox-露米娅的神秘盒子","Spicy Shops","StSLib","SuperFastMode","UnlockEverythingMod","WarShipGirlsR/战舰少女R mod","Warlord Emblem","Yakumo Yukari mod","【遗物卡牌】REMEMod"],"gold_per_floor":[140,155,186,26,26,26,26],"floor_reached":6,"language":"ZHS","playtime":347,"items_purged":[],"score":44,"play_id":"cb08c80a-09e0-45a9-a158-5b0e4279b57c","local_time":"20210208153214","is_ascension_mode":false,"campfire_choices":[],"circlet_count":0,"master_deck":["AT_purpleEX","AT_purpleEX","AT_purpleEX+1","AT_purpleEX","Defend_purpleEX","Defend_purpleEX","Defend_purpleEX","Defend_purpleEX","Observe_purple_1+1","Observe_purple_2","Shallow_ocean_purpleEX","LoveAcrossDimensions_purple","ReplayTheSpireMod:Private Reserves","Gensokyo:RustyChest","Gensokyo:Shovel","Gensokyo:BlemishedSteel","Injury"],"relics":["Boundary_crack","Memoryfragments_purpleEX","AT_ATBox","REME_ComplimentaryCards","jedi:cryingmask","Whetstone","Toy Ornithopter"],"acts_visited":["Gensokyo:Gensokyo"],"potions_floor_usage":[3],"damage_taken":[{"damage":1.0,"enemies":"Gensokyo:Python","floor":1.0,"turns":4.0},{"damage":0.0,"enemies":"Gensokyo:3_Fairies","floor":2.0,"turns":4.0},{"damage":67,"enemies":"Gensokyo:Aya","floor":3,"turns":12},{"damage":11,"enemies":"Gensokyo:Aya","floor":6,"turns":2}],"seed_played":"-7264591238543984569","potions_obtained":[{"floor":2.0,"key":"SpeedPotion"},{"floor":3,"key":"jedi:wingpotion"}],"is_trial":false,"path_per_floor":["M","M","?","COS","?","E"],"character_chosen":"Youkari","items_purchased":[],"campfire_rested":0,"item_purchase_floors":[],"current_hp_per_floor":[70,70,8,8,8,0,0],"gold":26,"neow_bonus":"RANDOM_COMMON_RELIC","is_daily":false,"chose_seed":false,"campfire_upgraded":0,"win_rate":0.0,"timestamp":1612769534,"path_taken":["M","M","?","COS","?","E"],"items_purchased_type":[],"build_version":"2020-12-22","purchased_purges":0,"victory":false,"max_hp_per_floor":[70,70,70,70,70,70,70],"card_choices":[{"not_picked":["Charmbait_purple","PositiveMatter_Antimatter_Universe_purple"],"picked":"Shallow_ocean_purpleEX","floor":1.0},{"not_picked":["PositiveMatter_Antimatter_Universe_purple","RuleDissolution_purple","Photoelasticity_Doppler_Effect_purple"],"picked":"SKIP","floor":2.0},{"not_picked":["MeetDecomposer_purple","DimensionStaggered_purple"],"picked":"LoveAcrossDimensions_purple","floor":3}],"player_experience":195494,"relics_obtained":[{"floor":3,"key":"Whetstone"}],"event_choices":[],"is_beta":false,"boss_relics":[],"items_purged_floors":[],"is_endless":false,"potions_floor_spawned":[2,3],"killed_by":"Gensokyo:Aya","ascension_level":0}}