{"host":"m4pe905ae9bldoe7","time":1612781679,"event":{"mods":["BaseMod","Bestiary","Block Reminder","Downfall","Minty Spire (QoL Compilation)","StSLib"],"gold_per_floor":[359,434,30,49,65,65,95,123,173,173,173,37,63,81,81,81,81],"floor_reached":16,"language":"ENG","playtime":555,"items_purged":["Strike_R","Strike_R"],"score":184,"play_id":"0ea10b43-401d-4f3e-b7f9-65cd205f04ca","local_time":"20210208115439","is_ascension_mode":true,"campfire_choices":[{"data":"Body Slam","floor":6,"key":"SMITH"},{"data":"Ghostly Armor","floor":10,"key":"SMITH"},{"floor":15,"key":"REST"}],"circlet_count":0,"master_deck":["AscendersBane","Strike_R","Strike_R","Defend_R","Defend_R","Defend_R","Defend_R","Bash","Body Slam+1","Feel No Pain","Cleave","Iron Wave","Ghostly Armor+1","Dual Wield","Body Slam","Armaments"],"relics":["Burning Blood","Gambling Chip","Strawberry","Red Skull","Dead Branch"],"acts_visited":["Exordium"],"potions_floor_usage":[8,16],"damage_taken":[{"damage":6,"enemies":"Cultist","floor":1,"turns":3},{"damage":20,"enemies":"Jaw Worm","floor":4,"turns":5},{"damage":2,"enemies":"Small Slimes","floor":5,"turns":4},{"damage":10,"enemies":"3 Sentries","floor":8,"turns":6},{"damage":44,"enemies":"Gremlin Nob","floor":13,"turns":5},{"damage":7,"enemies":"Exordium Thugs","floor":14,"turns":5},{"damage":39,"enemies":"The Guardian","floor":16,"turns":10}],"seed_played":"8995814517585269496","potions_obtained":[{"floor":5,"key":"DistilledChaos"},{"floor":13,"key":"EssenceOfSteel"}],"is_trial":false,"path_per_floor":["M","?","$","M","M","R","?","E","T","R","?","$","E","M","R","B"],"character_chosen":"IRONCLAD","items_purchased":["Gambling Chip","Feel No Pain","Dual Wield"],"campfire_rested":1,"item_purchase_floors":[3,3,12],"current_hp_per_floor":[68,62,62,48,52,52,52,55,55,55,55,55,17,16,38,0,0],"gold":81,"neow_bonus":"TWO_FIFTY_GOLD","is_daily":false,"chose_seed":false,"campfire_upgraded":2,"win_rate":0.0,"timestamp":1612781679,"path_taken":["M","?","$","M","?","R","?","E","T","R","?","$","E","M","R","BOSS"],"items_purchased_type":["Relic","Card","Card"],"build_version":"2020-12-22","purchased_purges":2,"victory":false,"max_hp_per_floor":[68,68,68,68,68,68,68,75,75,75,75,75,75,75,75,75,75],"card_choices":[{"not_picked":["Headbutt","Perfected Strike"],"picked":"Body Slam","floor":1},{"not_picked":["Rupture","Clothesline"],"picked":"Cleave","floor":4},{"not_picked":["Cleave","Dark Embrace"],"picked":"Iron Wave","floor":5},{"not_picked":["Dark Embrace","Spot Weakness"],"picked":"Ghostly Armor","floor":8},{"not_picked":["Intimidate","Anger"],"picked":"Body Slam","floor":13},{"not_picked":["Havoc","Ghostly Armor"],"picked":"Armaments","floor":14}],"player_experience":521387,"relics_obtained":[{"floor":8,"key":"Strawberry"},{"floor":9,"key":"Red Skull"},{"floor":13,"key":"Dead Branch"}],"event_choices":[{"damage_healed":0,"gold_gain":75,"player_choice":"Touch","damage_taken":6,"max_hp_gain":0,"max_hp_loss":0,"event_name":"FaceTrader","floor":2,"gold_loss":0},{"damage_healed":0,"gold_gain":30,"player_choice":"Searched \u00272\u0027 times","damage_taken":0,"max_hp_gain":0,"max_hp_loss":0,"event_name":"Dead Adventurer","floor":7,"gold_loss":0},{"cards_removed":["Strike_R"],"damage_healed":0,"gold_gain":0,"player_choice":"Offered Basic","damage_taken":0,"max_hp_gain":0,"max_hp_loss":0,"event_name":"Bonfire Elementals","floor":11,"gold_loss":0}],"is_beta":false,"boss_relics":[],"items_purged_floors":[3,12],"is_endless":false,"potions_floor_spawned":[5,13],"killed_by":"The Guardian","ascension_level":14}}