{"host":"p8f0otjoacyb9giz","time":1612813723,"event":{"mods":["AchievementEnabler","BaseMod","Downfall","Minty Spire (QoL Compilation)","StSLib"],"gold_per_floor":[99,99,199,199,72,103,103,113,146,163,63,48,48,198,218,218,218,218],"floor_reached":16,"language":"ENG","playtime":470,"items_purged":[],"score":127,"play_id":"bda35835-8576-461d-86d0-47a718f0f93e","local_time":"20210208224843","is_ascension_mode":true,"campfire_choices":[{"floor":1.0,"key":"RECALL"},{"data":"champ:Lariat","floor":11.0,"key":"SMITH"},{"data":"champ:PerfectedStrike","floor":13.0,"key":"SMITH"}],"circlet_count":0,"master_deck":["champ:Strike","champ:Strike","champ:Strike","champ:Strike","champ:Defend","champ:Defend","champ:Defend","champ:Defend","champ:Execute","champ:Taunt","champ:BladeFlurry","champ:RisingSlash","champ:RisingSlash","champ:EnGarde","champ:Lariat+1","champ:SwordSigil","champ:BladeFlurry","champ:PerfectedStrike+1","champ:BladeFlurry","downfall:Icky","champ:Duel"],"relics":["champ:ChampionCrown","downfall:HeartsMalice","StoneCalendar","Singing Bowl","downfall:HeartBlessingRed"],"acts_visited":["Exordium"],"potions_floor_usage":[],"damage_taken":[{"damage":0.0,"enemies":"Small Slimes","floor":2.0,"turns":1.0},{"damage":0.0,"enemies":"Jaw Worm","floor":4.0,"turns":1.0},{"damage":0.0,"enemies":"downfall:FleeingMerchant","floor":5.0,"turns":1.0},{"damage":31.0,"enemies":"Gremlin Nob","floor":6.0,"turns":4.0},{"damage":10.0,"enemies":"Cultist","floor":8.0,"turns":2.0},{"damage":34.0,"enemies":"3 Sentries","floor":9.0,"turns":7.0},{"damage":12.0,"enemies":"3 Louse","floor":10.0,"turns":3.0},{"damage":40.0,"enemies":"downfall:FleeingMerchant","floor":12.0,"turns":4.0},{"damage":6.0,"enemies":"2 Fungi Beasts","floor":15.0,"turns":3.0},{"damage":58,"enemies":"WA_ARCHETYPE_RETAIN","floor":16,"turns":7}],"seed_played":"-8077152554465410172","potions_obtained":[{"floor":6.0,"key":"PowerPotion"},{"floor":9.0,"key":"bronze:BurnAndBuffPotion"},{"floor":10.0,"key":"ColorlessPotion"}],"is_trial":false,"path_per_floor":["R","M","?","M","$","E","T","M","E","M","R","$","R","?","M","B"],"character_chosen":"THE_CHAMP","items_purchased":["champ:RisingSlash","champ:EnGarde"],"campfire_rested":0,"item_purchase_floors":[5,5],"current_hp_per_floor":[90,90,90,90,90,69,69,69,45,43,43,38,38,38,37,0,0,0],"gold":218,"neow_bonus":"THREE_ENEMY_KILL","is_daily":false,"chose_seed":false,"campfire_upgraded":2,"win_rate":0.0,"timestamp":1612813723,"path_taken":["R","M","?","M","?","E","T","M","E","M","R","$","R","?","M","BOSS"],"items_purchased_type":["Card","Card"],"build_version":"2020-12-22","purchased_purges":0,"victory":false,"max_hp_per_floor":[90,90,90,90,90,90,90,90,90,90,90,90,90,90,90,90,90,90],"card_choices":[{"not_picked":["champ:GutPunch","champ:BerserkersShout"],"picked":"champ:BladeFlurry","floor":2.0},{"not_picked":["champ:RageSigil","champ:GutPunch"],"picked":"champ:RisingSlash","floor":4.0},{"not_picked":["champ:IgnorePain","champ:Encircle","champ:TornadoPunch"],"picked":"SKIP","floor":5.0},{"not_picked":["champ:Parry","champ:StanceDance"],"picked":"champ:Lariat","floor":6.0},{"not_picked":["champ:FlashCut","champ:FalseCounter"],"picked":"champ:SwordSigil","floor":8.0},{"not_picked":["champ:Lariat","champ:RageSigil"],"picked":"champ:BladeFlurry","floor":9.0},{"not_picked":["champ:SkillfulDodge","champ:BringItOn"],"picked":"champ:PerfectedStrike","floor":10.0},{"not_picked":["champ:PerfectedStrike","champ:Circumvent"],"picked":"champ:BladeFlurry","floor":12.0},{"not_picked":["champ:HeartStrike","champ:ShieldSigil"],"picked":"champ:Duel","floor":15.0}],"player_experience":456596,"relics_obtained":[{"floor":6.0,"key":"StoneCalendar"},{"floor":9.0,"key":"Singing Bowl"}],"event_choices":[],"is_beta":false,"boss_relics":[],"items_purged_floors":[],"is_endless":false,"potions_floor_spawned":[6,9,10,15],"killed_by":"WA_ARCHETYPE_RETAIN","ascension_level":4}}