{"host":"pletss163z7s8pvv","time":1612768086,"event":{"mods":["AchievementEnabler","BaseMod","Better Altar","Better Match","Better Note","Better Sensory Stone","Better Skull","Better Third Choice","BetterRewards","CapriCore","ChefMod","Colored Map","Colored Powertips","Conspire","Energized Spire","Evolution","GifTheSpireLib","Hermit","Ironclad Rager","Jedi Mod","Marked Mod","Minty Spire (QoL Compilation)","Retaliation","Spicy Shops","StS++","StSLib","The Alterego","The Blue Laboratory","The Cursed","The Disciple","The Forsaken"],"gold_per_floor":[119,132,232,251,28,28,42,60,60,94,123,123,150,174,174,280,307,330,352,375,35,44,44,44,71,147,81,108,40,240,261,261,367,426,447,471,507,507,507],"floor_reached":38,"language":"ENG","playtime":1229,"items_purged":[],"score":684,"play_id":"15641538-c7fe-4a9a-bc66-0baa3ee4da35","local_time":"20210208010806","is_ascension_mode":false,"campfire_choices":[{"floor":6,"key":"REST"},{"floor":12,"key":"RECALL"},{"floor":15,"key":"REST"},{"data":"jedi:collectorvenom","floor":24,"key":"SMITH"},{"floor":32,"key":"REST"}],"circlet_count":0,"master_deck":["Poisoned Stab+1","Poisoned Stab","Poisoned Stab","Poisoned Stab","Cloak And Dagger","Cloak And Dagger","Cloak And Dagger","Cloak And Dagger","Survivor","Neutralize","Noxious Fumes","Finisher","Dodge and Roll","Dash","StSpp:PoisonousPunch","jedi:poisonivy","jedi:pocketpoison","StSpp:PoisonousPunch","StSpp:SwitchWeapon","Finisher","Slice","Corpse Explosion","jedi:studypoison+1","Concentrate+1","Footwork+1","conspire:DoublingDagger","Caltrops","jedi:collectorvenom+1","Poisoned Stab","Backstab+1","Catalyst","Sucker Punch+1","Backstab","Cloak And Dagger","Parasite"],"relics":["Ring of the Snake","EVO:Axolotl","Thread and Needle","Vajra","conspire:TreasureMap","Bag of Preparation","CeramicFish","Astrolabe","ClockworkSouvenir","jedi:shrinkray","Tiny House"],"acts_visited":["Exordium","TheCity","TheBeyond"],"potions_floor_usage":[10,16,20,20,31,31,33,33,33],"damage_taken":[{"damage":0,"enemies":"2 Louse","floor":1,"turns":2},{"damage":0,"enemies":"Cultist","floor":2,"turns":2},{"damage":0,"enemies":"Small Slimes","floor":4,"turns":2},{"damage":14,"enemies":"Exordium Thugs","floor":7,"turns":3},{"damage":7,"enemies":"Exordium Wildlife","floor":8,"turns":4},{"damage":3,"enemies":"Gremlin Nob","floor":10,"turns":3},{"damage":0,"enemies":"3 Louse","floor":11,"turns":3},{"damage":0,"enemies":"Red Slaver","floor":13,"turns":2},{"damage":0,"enemies":"Gremlin Gang","floor":14,"turns":3},{"damage":17,"enemies":"Slime Boss","floor":16,"turns":8},{"damage":0,"enemies":"Shell Parasite","floor":18,"turns":2},{"damage":0,"enemies":"Spheric Guardian","floor":19,"turns":3},{"damage":14,"enemies":"Snake Plant","floor":20,"turns":3},{"damage":0,"enemies":"Cultist and Chosen","floor":25,"turns":5},{"damage":27,"enemies":"Chosen and Byrds","floor":28,"turns":5},{"damage":11,"enemies":"Centurion and Healer","floor":31,"turns":4},{"damage":37,"enemies":"Automaton","floor":33,"turns":8},{"damage":25,"enemies":"3 Darklings","floor":35,"turns":3},{"damage":12,"enemies":"3 Shapes","floor":36,"turns":3},{"damage":22,"enemies":"Writhing Mass","floor":37,"turns":6}],"seed_played":"-2910301246692459218","potions_obtained":[{"floor":4,"key":"SpeedPotion"},{"floor":8,"key":"blueLaboratory:HorrorPotion"},{"floor":10,"key":"blueLaboratory:BottleOfVodka"},{"floor":13,"key":"Energy Potion"},{"floor":16,"key":"SteroidPotion"},{"floor":18,"key":"Regen Potion"},{"floor":20,"key":"Strength Potion"},{"floor":31,"key":"blueLaboratory:ArtistsPotion"},{"floor":33,"key":"ColorlessPotion"},{"floor":34,"key":"blueLaboratory:TrueEctoplasm"},{"floor":36,"key":"conspire:TimeTravelPotion"},{"floor":37,"key":"Strength Potion"}],"is_trial":false,"path_per_floor":["M","M","?","M","$","R","M","M","T","E","M","R","M","M","R","B",null,"M","M","M","$","?","$","R","M","T","?","M","$","?","M","R","B",null,"M","M","M","?"],"character_chosen":"THE_SILENT","items_purchased":["Vajra","Noxious Fumes","conspire:TreasureMap","jedi:poisonivy","ClockworkSouvenir","Poisoned Stab","jedi:shrinkray","Backstab","Cloak And Dagger"],"campfire_rested":3,"item_purchase_floors":[0,0,5,5,21,21,21,29,29],"current_hp_per_floor":[59,59,59,59,59,81,67,60,60,57,57,57,57,57,81,64,81,81,81,67,67,67,67,67,67,67,67,40,40,40,38,62,25,86,61,49,30,0,0],"gold":507,"neow_bonus":"","is_daily":false,"chose_seed":false,"campfire_upgraded":1,"win_rate":0.0,"timestamp":1612768086,"path_taken":["M","M","?","M","$","R","M","?","T","E","?","R","M","M","R","BOSS","M","M","M","$","?","?","R","M","T","?","M","$","?","M","R","BOSS","M","M","?","?"],"items_purchased_type":["Relic","Card","Relic","Card","Relic","Card","Relic","Card","Card"],"build_version":"2020-12-22","purchased_purges":0,"victory":false,"max_hp_per_floor":[81,81,81,81,81,81,81,81,81,81,81,81,81,81,81,81,81,81,81,81,81,81,81,81,81,81,81,81,81,81,81,81,81,86,86,86,86,86,86],"card_choices":[{"not_picked":["Dagger Throw","StSpp:Throw"],"picked":"Dodge and Roll","floor":1},{"not_picked":["PiercingWail","Heel Hook"],"picked":"Dash","floor":2},{"not_picked":["Setup","StSpp:CorrosivePoison"],"picked":"StSpp:PoisonousPunch","floor":4},{"not_picked":["Distraction","Concentrate"],"picked":"jedi:pocketpoison","floor":7},{"not_picked":["Leg Sweep","jedi:studyshivs"],"picked":"StSpp:PoisonousPunch","floor":8},{"not_picked":["Deadly Poison","Backflip"],"picked":"StSpp:SwitchWeapon","floor":10},{"not_picked":["Masterful Stab","Acrobatics"],"picked":"Finisher","floor":11},{"not_picked":["Backflip","StSpp:Dive"],"picked":"Slice","floor":13},{"not_picked":["Poisoned Stab","StSpp:TimeParadox"],"picked":"Slice","floor":14},{"not_picked":["Phantasmal Killer","Bullet Time"],"picked":"Corpse Explosion","floor":16},{"not_picked":["StSpp:Lure","StSpp:Anticipation"],"picked":"conspire:DoublingDagger","floor":18},{"not_picked":["PiercingWail","Backflip+1"],"picked":"Caltrops","floor":19},{"not_picked":["StSpp:Dive+1","Slice"],"picked":"jedi:collectorvenom","floor":20},{"not_picked":["jedi:acidrain","jedi:collectorvenom+1"],"picked":"Catalyst","floor":25},{"not_picked":["Acrobatics+1","Dagger Throw+1"],"picked":"Sucker Punch+1","floor":27},{"not_picked":["Backflip","Sucker Punch"],"picked":"jedi:collectorvenom+1","floor":28},{"not_picked":["Prepared","Heel Hook"],"picked":"jedi:collectorvenom+1","floor":31},{"not_picked":["Bullet Time","Wraith Form v2"],"picked":"jedi:collectorvenom+1","floor":33},{"not_picked":["Acrobatics","Backflip+1"],"picked":"jedi:collectorvenom+1","floor":34},{"not_picked":["Deflect+1","Quick Slash+1"],"picked":"jedi:collectorvenom+1","floor":35},{"not_picked":["jedi:collectorvenom","Acrobatics+1"],"picked":"jedi:collectorvenom+1","floor":36},{"not_picked":["Outmaneuver","Distraction+1"],"picked":"jedi:collectorvenom+1","floor":37}],"player_experience":510882,"relics_obtained":[{"floor":9,"key":"Bag of Preparation"},{"floor":10,"key":"CeramicFish"}],"event_choices":[{"damage_healed":0,"gold_gain":100,"player_choice":"Gold","damage_taken":0,"max_hp_gain":0,"max_hp_loss":0,"event_name":"Wheel of Change","floor":3,"gold_loss":0},{"cards_removed":["jedi:studypoison"],"damage_healed":0,"gold_gain":0,"player_choice":"Take \u0026 Give","damage_taken":0,"max_hp_gain":0,"max_hp_loss":0,"event_name":"betterNote:BetterNote","floor":22,"gold_loss":0,"cards_obtained":["Backstab"]},{"damage_healed":0,"gold_gain":0,"player_choice":"2","damage_taken":0,"max_hp_gain":0,"max_hp_loss":0,"event_name":"betterMatch:BetterMatch","floor":27,"gold_loss":0,"cards_obtained":["betterMatch:CommonCard"]},{"damage_healed":0,"gold_gain":200,"player_choice":"Gold","damage_taken":0,"max_hp_gain":0,"max_hp_loss":0,"event_name":"Wheel of Change","floor":30,"gold_loss":0}],"is_beta":false,"boss_relics":[{"not_picked":["energizedSpire:EnergizedDie","jedi:paperlyon"],"picked":"Astrolabe"},{"not_picked":["energizedSpire:MagnifyingGlass","StSpp:Magatama"],"picked":"Tiny House"}],"items_purged_floors":[],"is_endless":false,"potions_floor_spawned":[4,8,10,13,16,18,19,20,31,33,36,37],"ascension_level":0}}