{"host":"8fl9fk3sx00hvnsh","time":1612744192,"event":{"mods":["BaseMod","Bestiary","Bossed Relics","Minty Spire (QoL Compilation)","Practice Mode","Reliquary","StSLib","The Blue Laboratory","The Marked"],"gold_per_floor":[116,116,129,144,159,185,185,195,195,44,44,44,59,88,88,190,190,205,205,216,6,18,18,18],"floor_reached":23,"language":"ENG","playtime":1102,"items_purged":[],"score":203,"play_id":"371c522e-4670-4268-a187-a80ccb27e3b1","local_time":"20210207192952","is_ascension_mode":false,"campfire_choices":[{"data":"theMarked:SoldierOfQuellstein","floor":7,"key":"SMITH"},{"floor":11,"key":"REST"},{"floor":15,"key":"REST"}],"circlet_count":0,"master_deck":["theMarked:Strike","theMarked:Strike","theMarked:Strike","theMarked:Strike","theMarked:Strike","theMarked:Defend","theMarked:Defend","theMarked:Defend","theMarked:Defend","theMarked:SoldierOfQuellstein+1","theMarked:ElectricStrings","theMarked:ChainLightning","theMarked:ChainLightning","theMarked:Convert","theMarked:Improvise","theMarked:BanishingStrike","theMarked:MysticalArsenal","theMarked:Static","theMarked:EternalStudent","theMarked:Electrify","theMarked:EmpowerWeapon"],"relics":["theMarked:ArtifactOfAir","NeowsBlessing","reliquary:IridiumChain","reliquary:PurpleTingedLeaf","Strange Spoon","reliquary:BallBearing","Gremlin Horn","theMarked:Eyepatch","SsserpentHead","White Beast Statue"],"acts_visited":["Exordium","TheCity"],"potions_floor_usage":[6,16,16,20,20,23],"damage_taken":[{"damage":0,"enemies":"Small Slimes","floor":1,"turns":1},{"damage":0,"enemies":"Jaw Worm","floor":3,"turns":1},{"damage":0,"enemies":"Cultist","floor":4,"turns":1},{"damage":15,"enemies":"Gremlin Gang","floor":5,"turns":4},{"damage":17,"enemies":"Gremlin Nob","floor":6,"turns":4},{"damage":2,"enemies":"2 Fungi Beasts","floor":8,"turns":3},{"damage":6,"enemies":"Exordium Thugs","floor":13,"turns":3},{"damage":13,"enemies":"Lagavulin","floor":14,"turns":4},{"damage":36,"enemies":"Slime Boss","floor":16,"turns":7},{"damage":14,"enemies":"Chosen","floor":18,"turns":5},{"damage":22,"enemies":"Shell Parasite","floor":20,"turns":5},{"damage":35,"enemies":"3 Cultists","floor":22,"turns":5},{"damage":6,"enemies":"Slavers","floor":23,"turns":1}],"seed_played":"2513786967749667423","potions_obtained":[{"floor":4,"key":"DistilledChaos"},{"floor":8,"key":"DuplicationPotion"},{"floor":13,"key":"Fire Potion"},{"floor":14,"key":"Energy Potion"},{"floor":18,"key":"blueLaboratory:LouseDecoction"},{"floor":22,"key":"blueLaboratory:FrostheartPotion"}],"is_trial":false,"path_per_floor":["M","?","M","M","M","E","R","M","T","$","R","?","M","E","R","B",null,"M","?","M","$","M","E"],"character_chosen":"THE_DEFAULT","items_purchased":["Strange Spoon","White Beast Statue"],"campfire_rested":2,"item_purchase_floors":[10,21],"current_hp_per_floor":[70,75,75,75,60,43,43,41,41,41,63,51,46,34,56,22,75,61,61,40,40,6,0,0],"gold":18,"neow_bonus":"THREE_ENEMY_KILL","is_daily":false,"chose_seed":false,"campfire_upgraded":1,"win_rate":0.0,"timestamp":1612744192,"path_taken":["M","?","M","M","M","E","R","M","T","$","R","?","?","E","R","BOSS","M","?","M","?","M","E"],"items_purchased_type":["Relic","Relic"],"build_version":"2020-12-22","purchased_purges":0,"victory":false,"max_hp_per_floor":[70,75,75,75,75,75,75,75,75,75,75,75,75,75,75,75,75,75,75,75,75,75,75,75],"card_choices":[{"not_picked":["theMarked:Memento","theMarked:WastefulAttack"],"picked":"theMarked:ElectricStrings","floor":1},{"not_picked":["theMarked:WastefulAttack","theMarked:Overcharge"],"picked":"theMarked:ChainLightning","floor":3},{"not_picked":["theMarked:Overthink","theMarked:TwofoldDefense"],"picked":"theMarked:ChainLightning","floor":4},{"not_picked":["theMarked:TheMission","theMarked:EnhanceMovement"],"picked":"theMarked:Convert","floor":5},{"not_picked":["theMarked:ResourceFulStrike","theMarked:ParalyzingBlade"],"picked":"theMarked:Improvise","floor":6},{"not_picked":["theMarked:AttractMetal","theMarked:Heritage"],"picked":"theMarked:BanishingStrike","floor":8},{"not_picked":["theMarked:TakeCover","theMarked:Polarize"],"picked":"theMarked:MysticalArsenal","floor":13},{"not_picked":["theMarked:Indomitable","theMarked:WardOff"],"picked":"theMarked:Static","floor":14},{"not_picked":["theMarked:TurnInvisible","theMarked:UnarmedFury"],"picked":"theMarked:EternalStudent","floor":16},{"not_picked":["theMarked:ParalyzingBlade","theMarked:StartUp","theMarked:Aftermath"],"picked":"SKIP","floor":18},{"not_picked":["theMarked:LightningStrikesTwice","theMarked:HeightenedSenses"],"picked":"theMarked:Electrify","floor":20},{"not_picked":["theMarked:SwordAndMagic","theMarked:Parkour"],"picked":"theMarked:EmpowerWeapon","floor":22}],"player_experience":204935,"relics_obtained":[{"floor":6,"key":"reliquary:IridiumChain"},{"floor":9,"key":"reliquary:PurpleTingedLeaf"},{"floor":14,"key":"Gremlin Horn"}],"event_choices":[{"damage_healed":0,"gold_gain":0,"player_choice":"Donut","damage_taken":0,"max_hp_gain":5,"max_hp_loss":0,"event_name":"Big Fish","floor":2,"gold_loss":0},{"damage_healed":0,"gold_gain":0,"player_choice":"Success","damage_taken":12,"relics_obtained":["reliquary:BallBearing"],"max_hp_gain":0,"max_hp_loss":0,"event_name":"Scrap Ooze","floor":12,"gold_loss":0},{"damage_healed":0,"gold_gain":0,"player_choice":"Trade","damage_taken":0,"relics_obtained":["SsserpentHead"],"max_hp_gain":0,"max_hp_loss":0,"event_name":"FaceTrader","floor":19,"gold_loss":0}],"is_beta":false,"boss_relics":[{"not_picked":["Philosopher\u0027s Stone","SacredBark"],"picked":"theMarked:Eyepatch"}],"items_purged_floors":[],"is_endless":false,"potions_floor_spawned":[4,8,13,14,18,22],"killed_by":"Slavers","ascension_level":0}}