{"host":"p7cjtxxrilhp4dw7","time":1612756172,"event":{"mods":["BaseMod","Block Reminder","Colored Map","Curses Come First","Highlight Path","Minty Spire (QoL Compilation)","Replay The Spire","StSLib","The Hierophant"],"gold_per_floor":[115,133,145,155,132,162,162,189,189,189,189,214,214,225,225,322,322,342,342,250,265,281,281,313,313,313,313,333,366,366,383,383,478,478,498,515,535,535,535,535],"floor_reached":39,"language":"ENG","playtime":3306,"items_purged":[],"score":706,"play_id":"e1b59412-9fd9-49b3-8cd9-942a562b64b4","local_time":"20210207204932","is_ascension_mode":true,"campfire_choices":[{"floor":7,"key":"REST"},{"floor":10,"key":"REST"},{"floor":15,"key":"REST"},{"floor":23,"key":"REST"},{"floor":25,"key":"REST"},{"floor":32,"key":"REST"}],"circlet_count":0,"master_deck":["AscendersBane","Strike_B","Strike_B","Strike_B","Strike_B","Defend_B","Defend_B","Defend_B","Defend_B","Zap","Dualcast","All For One","Conserve Battery","Gash","FTL","Hologram","Ball Lightning","Scrape","Stack","Flash of Steel","Conserve Battery","Rebound","Go for the Eyes+1","BootSequence","Beam Cell","Redo+1","Buffer","Sunder+1","Cold Snap","Madness","Madness"],"relics":["Cracked Core","HornCleat","Durian","Pocketwatch","Unceasing Top","SacredBark","Carrot","Snack Pack","Smiling Mask","Cursed Key"],"acts_visited":["Exordium","TheCity","TheBeyond"],"potions_floor_usage":[4,8,14,16,22,24,31,33],"damage_taken":[{"damage":7,"enemies":"Small Slimes","floor":1,"turns":2},{"damage":3,"enemies":"2 Louse","floor":2,"turns":3},{"damage":0,"enemies":"Cultist","floor":3,"turns":3},{"damage":0,"enemies":"Exordium Wildlife","floor":4,"turns":4},{"damage":41,"enemies":"3 Sentries","floor":6,"turns":10},{"damage":17,"enemies":"Gremlin Nob","floor":8,"turns":5},{"damage":23,"enemies":"Lagavulin","floor":12,"turns":5},{"damage":2,"enemies":"3 Louse","floor":14,"turns":2},{"damage":17,"enemies":"The Guardian","floor":16,"turns":12},{"damage":0,"enemies":"Spheric Guardian","floor":18,"turns":3},{"damage":7,"enemies":"3 Byrds","floor":21,"turns":4},{"damage":23,"enemies":"Cultist and Chosen","floor":22,"turns":5},{"damage":26,"enemies":"Book of Stabbing","floor":24,"turns":7},{"damage":28,"enemies":"Shelled Parasite and Fungi","floor":28,"turns":5},{"damage":41,"enemies":"Gremlin Leader","floor":29,"turns":7},{"damage":15,"enemies":"Snake Plant","floor":31,"turns":5},{"damage":51,"enemies":"Collector","floor":33,"turns":11},{"damage":1,"enemies":"Orb Walker","floor":35,"turns":3},{"damage":10,"enemies":"3 Darklings","floor":36,"turns":6},{"damage":11,"enemies":"Maw","floor":37,"turns":9},{"damage":1,"enemies":"Jaw Worm Horde","floor":39,"turns":2}],"seed_played":"1341441697951011582","potions_obtained":[{"floor":2,"key":"Fire Potion"},{"floor":6,"key":"BlessingOfTheForge"},{"floor":8,"key":"Fire Potion"},{"floor":14,"key":"Strength Potion"},{"floor":18,"key":"FocusPotion"},{"floor":22,"key":"Block Potion"},{"floor":28,"key":"SpeedPotion"},{"floor":31,"key":"FearPotion"},{"floor":33,"key":"SneckoOil"}],"is_trial":false,"path_per_floor":["M","M","M","M","$","E","R","E","T","R","?","E","?","M","R","B",null,"M","?","$","M","M","R","E","R","T","?","M","E","?","M","R","B",null,"M","M","M","?","M"],"character_chosen":"DEFECT","items_purchased":["Hologram","Flash of Steel"],"campfire_rested":6,"item_purchase_floors":[5,20],"current_hp_per_floor":[61,58,58,58,58,17,39,27,27,51,51,28,28,26,50,33,68,68,80,80,73,50,74,48,72,72,72,50,19,19,12,36,5,61,66,66,69,59,58,58],"gold":535,"neow_bonus":"ONE_RANDOM_RARE_CARD","is_daily":false,"chose_seed":false,"campfire_upgraded":0,"win_rate":0.0,"timestamp":1612756172,"path_taken":["M","M","M","M","$","E","R","E","T","R","?","E","?","M","R","BOSS","M","?","?","?","M","R","E","R","T","?","?","E","?","M","R","BOSS","M","M","M","?","M"],"items_purchased_type":["Card","Card"],"build_version":"2020-12-22","purchased_purges":0,"victory":false,"max_hp_per_floor":[75,75,75,75,75,75,75,80,80,80,80,80,80,80,80,80,80,80,80,80,80,80,80,80,80,80,80,80,80,80,80,80,80,80,80,80,80,80,80,80],"card_choices":[{"not_picked":["Redo","BasicCrystalCard"],"picked":"Conserve Battery","floor":1},{"not_picked":["Cold Snap","ReplayTheSpireMod:Reroute Power"],"picked":"Gash","floor":2},{"not_picked":["Fusion","Barrage"],"picked":"FTL","floor":3},{"not_picked":["Time Bomb","Turbo","Double Energy"],"picked":"SKIP","floor":4},{"not_picked":["Panic Button","Crystallizer"],"picked":"Reinforced Body","floor":6},{"not_picked":["BasicCrystalCard","Force Field"],"picked":"Ball Lightning","floor":8},{"not_picked":["Compile Driver","Barrage","Meteor Strike"],"picked":"SKIP","floor":12},{"not_picked":["Rebound","Hologram"],"picked":"Scrape","floor":14},{"not_picked":["Leap","Go for the Eyes"],"picked":"Stack","floor":18},{"not_picked":["Reprogram","ReplaySort"],"picked":"Conserve Battery","floor":21},{"not_picked":["Leap","Rainbow"],"picked":"Rebound","floor":22},{"not_picked":["BootSequence","ReplaySort"],"picked":"Go for the Eyes+1","floor":24},{"not_picked":["ReplayTheSpireMod:System Scan","Panic Button"],"picked":"BootSequence","floor":28},{"not_picked":["Hologram","Seek"],"picked":"Beam Cell","floor":29},{"not_picked":["Barrage","Streamline"],"picked":"Redo+1","floor":31},{"not_picked":["Fission","All For One"],"picked":"Buffer","floor":33},{"not_picked":["Steam Power","Rebound"],"picked":"Sunder+1","floor":35},{"not_picked":["Rip and Tear","Force Field","Steam"],"picked":"SKIP","floor":36},{"not_picked":["Barrage","Compile Driver"],"picked":"Cold Snap","floor":37}],"player_experience":685138,"relics_obtained":[{"floor":6,"key":"HornCleat"},{"floor":8,"key":"Durian"},{"floor":9,"key":"Pocketwatch"},{"floor":12,"key":"Unceasing Top"},{"floor":24,"key":"Carrot"},{"floor":26,"key":"Snack Pack"},{"floor":29,"key":"Smiling Mask"}],"event_choices":[{"damage_healed":0,"gold_gain":0,"player_choice":"Searched \u00270\u0027 times","damage_taken":0,"max_hp_gain":0,"max_hp_loss":0,"event_name":"Dead Adventurer","floor":11,"gold_loss":0},{"cards_removed":["Reinforced Body"],"damage_healed":12,"gold_gain":0,"player_choice":"Offered Uncommon","damage_taken":0,"max_hp_gain":0,"max_hp_loss":0,"event_name":"Bonfire Elementals","floor":19,"gold_loss":0},{"damage_healed":0,"gold_gain":0,"player_choice":"Ignored","damage_taken":0,"max_hp_gain":0,"max_hp_loss":0,"event_name":"Transmorgrifier","floor":27,"gold_loss":0},{"damage_healed":0,"gold_gain":0,"player_choice":"Ignored","damage_taken":0,"max_hp_gain":0,"max_hp_loss":0,"event_name":"Ghosts","floor":30,"gold_loss":0},{"damage_healed":0,"gold_gain":0,"player_choice":"Embrace Madness","damage_taken":10,"max_hp_gain":0,"max_hp_loss":0,"event_name":"Winding Halls","floor":38,"gold_loss":0,"cards_obtained":["Madness","Madness"]}],"is_beta":false,"boss_relics":[{"not_picked":["Pandora\u0027s Box","ChewingGum"],"picked":"SacredBark"},{"not_picked":["ReplayTheSpireMod:DimensionalGlitch","Velvet Choker"],"picked":"Cursed Key"}],"items_purged_floors":[],"is_endless":false,"potions_floor_spawned":[2,6,8,14,18,22,28,31,33],"killed_by":"Jaw Worm Horde","ascension_level":12}}