{"host":"8fl9fk3sx00hvnsh","time":1612768032,"event":{"mods":["BaseMod","Bestiary","Bossed Relics","Custom Start","Downfall","Minty Spire (QoL Compilation)","Reliquary","Replay The Spire","StSLib","The Blue Laboratory","The Marked","The Wild Card"],"gold_per_floor":[152,164,164,164,183,211,211,41,74,89,104,118,118,136,153,257,257,211,221,233,244,271,171,171,171,171,171,188,53,53,66,86,181,181,181,192,192,192,202,218,270,289,289,289,289,289],"floor_reached":44,"language":"ENG","playtime":3042,"items_purged":["Languid"],"score":499,"play_id":"d51c7afb-7618-4e7b-8c35-7c1d219fda79","local_time":"20210208020712","is_ascension_mode":false,"campfire_choices":[{"floor":13,"key":"RECALL"},{"data":"bronze:DigitalCarnage","floor":23,"key":"SMITH"},{"data":"bronze:FineTuning","floor":27,"key":"SMITH"},{"data":"bronze:Mutator","floor":30,"key":"SMITH"},{"floor":35,"key":"DIG"},{"data":"bronze:Overheat","floor":43,"key":"SMITH"}],"circlet_count":0,"master_deck":["bronze:Defend","bronze:Defend","bronze:Defend","bronze:Defend","bronze:Replicate","bronze:Goto","bronze:DelayedGuard","bronze:DarkDash","bronze:Fortify","bronze:Assembly","bronze:FineTuning","bronze:Iterate","bronze:Optimize","bronze:DigitalCarnage+1","bronze:Branch","bronze:FineTuning+1","bronze:ChildClass","bronze:CutThrough","bronze:Mutator+1","bronze:CloningBeam+1","bronze:BuggyMess","bronze:Optimize","Bite","Bite","Bite","Bite","Bite","bronze:BronzeOrb","bronze:Frontload","bronze:Verify","bronze:Turbo","Pain","bronze:DigitalCarnage+1","bronze:Overheat+1"],"relics":["bronze:PlatinumCore","Ring of Misfortune","ReplayTheSpireMod:Ring of Addiction","Toy Ornithopter","Potion Belt","bronze:ProtectiveGoggles","reliquary:BallBearing","Gremlin Horn","ChewingGum","downfall:HeartBlessingRed","downfall:HeartBlessingBlue","The Courier","reliquary:FerryPass","reliquary:PrincelyHelmet","WarpedTongs","reliquary:Stiletto"],"acts_visited":["Exordium","TheCity","TheBeyond"],"potions_floor_usage":[16,16,16,16,16,33,33],"damage_taken":[{"damage":0,"enemies":"Small Slimes","floor":2,"turns":4},{"damage":7,"enemies":"2 Louse","floor":5,"turns":4},{"damage":13,"enemies":"Lagavulin","floor":6,"turns":10},{"damage":2,"enemies":"downfall:FleeingMerchant","floor":8,"turns":4},{"damage":17,"enemies":"3 Sentries","floor":9,"turns":8},{"damage":0,"enemies":"Cultist","floor":10,"turns":4},{"damage":13,"enemies":"3 Louse","floor":11,"turns":3},{"damage":0,"enemies":"Exordium Wildlife","floor":12,"turns":3},{"damage":21,"enemies":"Exordium Thugs","floor":14,"turns":6},{"damage":0,"enemies":"2 Fungi Beasts","floor":15,"turns":2},{"damage":0,"enemies":"DF_ARCHETYPE_STREAMLINE","floor":16,"turns":6},{"damage":8,"enemies":"Shell Parasite","floor":19,"turns":4},{"damage":7,"enemies":"Chosen","floor":20,"turns":2},{"damage":17,"enemies":"Snake Plant","floor":21,"turns":3},{"damage":16,"enemies":"Sentry and Sphere","floor":28,"turns":4},{"damage":0,"enemies":"downfall:FleeingMerchant","floor":29,"turns":4},{"damage":40,"enemies":"Cultist and Chosen","floor":31,"turns":10},{"damage":0,"enemies":"Centurion and Healer","floor":32,"turns":4},{"damage":10,"enemies":"WA_ARCHETYPE_CALM","floor":33,"turns":10},{"damage":11,"enemies":"3 Darklings","floor":36,"turns":6},{"damage":1,"enemies":"Orb Walker","floor":39,"turns":4},{"damage":29,"enemies":"Maw","floor":40,"turns":9},{"damage":12,"enemies":"3 Darklings","floor":42,"turns":4},{"damage":39,"enemies":"Transient","floor":44,"turns":3}],"seed_played":"4250400355993159948","potions_obtained":[{"floor":3,"key":"bronze:BurnAndBuffPotion"},{"floor":3,"key":"blueLaboratory:PhilterOfMotion"},{"floor":3,"key":"EssenceOfSteel"},{"floor":4,"key":"LifebloodPotion"},{"floor":4,"key":"ColorlessPotion"},{"floor":4,"key":"blueLaboratory:BottleOfRum"},{"floor":9,"key":"Swift Potion"},{"floor":15,"key":"DistilledChaos"},{"floor":16,"key":"Strength Potion"},{"floor":20,"key":"blueLaboratory:CorrosionFlask"},{"floor":28,"key":"blueLaboratory:BottleOfVodka"},{"floor":33,"key":"SkillPotion"},{"floor":42,"key":"Explosive Potion"}],"is_trial":false,"path_per_floor":["R","M","?","?","M","E","T","$","E","M","M","M","R","M","M","B",null,"R","M","M","M","T","R","T","?","?","R","M","$","R","M","M","B",null,"R","M","?","?","M","M","T","M","R","M"],"character_chosen":"THE_AUTOMATON","items_purchased":["bronze:FineTuning","bronze:Iterate","reliquary:FerryPass"],"campfire_rested":0,"item_purchase_floors":[8,8,29],"current_hp_per_floor":[77,77,77,77,70,57,57,55,38,38,25,25,25,4,4,29,69,69,61,54,37,37,47,47,47,47,47,37,43,43,9,15,31,47,47,44,44,44,44,20,20,13,13,0,0,0],"gold":289,"neow_bonus":"TEN_PERCENT_HP_BONUS","is_daily":false,"chose_seed":false,"campfire_upgraded":4,"win_rate":0.0,"timestamp":1612768032,"path_taken":["R","M","?","?","M","E","T","$","E","M","M","M","R","M","M","BOSS","R","M","M","M","?","R","T","?","?","R","M","$","R","?","M","BOSS","R","M","?","?","M","M","T","M","R","?"],"items_purchased_type":["Card","Card","Relic"],"build_version":"2020-12-22","purchased_purges":1,"victory":false,"max_hp_per_floor":[77,77,77,77,77,77,75,75,75,73,73,73,71,71,71,69,69,69,69,67,67,67,75,75,75,51,51,51,49,49,49,47,47,47,47,47,45,45,45,43,43,43,41,41,41,41],"card_choices":[{"not_picked":["bronze:Frontload","bronze:Shield"],"picked":"bronze:DelayedGuard","floor":2},{"not_picked":["bronze:ForceShield","bronze:BitShift"],"picked":"bronze:DarkDash","floor":5},{"not_picked":["bronze:Deprecate","bronze:FollowUp"],"picked":"bronze:Fortify","floor":6},{"not_picked":["bronze:DelayedSlice","bronze:Turbo"],"picked":"bronze:Assembly","floor":8},{"not_picked":["bronze:ForLoop","bronze:MaxOutput"],"picked":"bronze:Optimize","floor":9},{"not_picked":["bronze:MaxOutput","bronze:Turbo"],"picked":"bronze:DigitalCarnage","floor":10},{"not_picked":["bronze:ItsAFeature","bronze:BuggyMess"],"picked":"bronze:Branch","floor":11},{"not_picked":["bronze:BitShift","bronze:Invalidate"],"picked":"bronze:FineTuning","floor":12},{"not_picked":["bronze:ChosenStrike","bronze:CutThrough"],"picked":"bronze:ChildClass","floor":14},{"not_picked":["bronze:DelayedSlice","bronze:OilSpill"],"picked":"bronze:CutThrough","floor":15},{"not_picked":["bronze:Break","bronze:FindAndReplace"],"picked":"bronze:Mutator","floor":16},{"not_picked":["bronze:Deprecate","bronze:Branch+1"],"picked":"bronze:CloningBeam+1","floor":19},{"not_picked":["bronze:Turbo","bronze:DelayedSlice+1"],"picked":"bronze:BuggyMess","floor":20},{"not_picked":["bronze:Iterate","bronze:Branch"],"picked":"bronze:Optimize","floor":21},{"not_picked":["bronze:Optimize","bronze:Overheat"],"picked":"bronze:BronzeOrb","floor":28},{"not_picked":["bronze:Iterate","bronze:WhirlingStrike","bronze:Deprecate+1"],"picked":"SKIP","floor":29},{"not_picked":["bronze:Overheat+1","bronze:Frontload","bronze:DelayedSlice"],"picked":"SKIP","floor":31},{"not_picked":["bronze:DelayedSlice","bronze:WildBeam"],"picked":"bronze:Frontload","floor":32},{"not_picked":["bronze:Mutator","bronze:ShipIt"],"picked":"bronze:Verify","floor":33},{"not_picked":["bronze:ChildClass","bronze:CutThrough"],"picked":"bronze:Turbo","floor":36},{"not_picked":["bronze:GetLatest+1","bronze:DelayedSlice","bronze:Frontload+1"],"picked":"SKIP","floor":39},{"not_picked":["bronze:Turbo+1","bronze:BronzeArmor+1"],"picked":"bronze:DigitalCarnage+1","floor":40},{"not_picked":["bronze:DelayedGuard","bronze:Invalidate+1"],"picked":"bronze:Overheat","floor":42}],"player_experience":225077,"relics_obtained":[{"floor":3,"key":"Ring of Misfortune"},{"floor":3,"key":"ReplayTheSpireMod:Ring of Addiction"},{"floor":3,"key":"Toy Ornithopter"},{"floor":3,"key":"Potion Belt"},{"floor":6,"key":"bronze:ProtectiveGoggles"},{"floor":7,"key":"reliquary:BallBearing"},{"floor":9,"key":"Gremlin Horn"},{"floor":24,"key":"The Courier"},{"floor":35,"key":"reliquary:PrincelyHelmet"},{"floor":41,"key":"reliquary:Stiletto"}],"event_choices":[{"damage_healed":0,"gold_gain":0,"player_choice":"Got Potions","damage_taken":0,"max_hp_gain":0,"max_hp_loss":0,"event_name":"Lab","floor":4,"gold_loss":0},{"damage_healed":0,"gold_gain":0,"player_choice":"Ignored","damage_taken":0,"max_hp_gain":0,"max_hp_loss":0,"event_name":"Ghosts","floor":25,"gold_loss":0},{"damage_healed":0,"gold_gain":0,"player_choice":"Became a vampire","damage_taken":0,"max_hp_gain":0,"max_hp_loss":22,"event_name":"Vampires","floor":26,"gold_loss":0,"cards_obtained":["Bite","Bite","Bite","Bite","Bite"]}],"is_beta":false,"boss_relics":[{"not_picked":["Painkiller Herb","Replay:Grab Bag"],"picked":"ChewingGum"},{"not_picked":["reliquary:RedPaperclip","Busted Crown"],"picked":"bronze:PlatinumCore"}],"items_purged_floors":[8],"is_endless":false,"potions_floor_spawned":[5,9,10,12,15,16,20,28,33,42],"killed_by":"Transient","ascension_level":0}}