{"host":"oopoa2qluour3scl","time":1612789557,"event":{"mods":["2.2 Compatiblity","AchievementEnabler","AlwaysNeverKeys","BaseMod","Better Match","Better Note","Better Sensory Stone","Better Synergies","Better Third Choice","Better Vampires","BetterRewards","Bossed Relics","Colored Powertips","Communication Mod","Minty Spire (QoL Compilation)","Practice Mode","Random Character Button","Relic Filter Mod","Relic Stats","Smile Girya","StS++","StSLib","SuperFastMode","Swap Starting Deck Mod","Weighted Paths"],"gold_per_floor":[118,128,145,145,156,156,184,184,208,27,45,7,7,24,24,128,128,142,142,142,156,174,174,199,218,241,260,260,273,298,318,318,422,422,440,440,440,451,86,112,112,130,153,168,195,247,247,260,260,260,260,260,21,46,46],"floor_reached":56,"language":"ENG","playtime":2878,"items_purged":["Strike_R","Defend_R"],"score":1501,"play_id":"17ff2d7a-8613-4b86-ae65-1cb7d8f6960b","local_time":"20210208140557","is_ascension_mode":false,"campfire_choices":[{"data":"Armaments","floor":6,"key":"SMITH"},{"data":"Flex","floor":8,"key":"SMITH"},{"data":"Reaper","floor":13,"key":"SMITH"},{"floor":15,"key":"REST"},{"data":"Reaper","floor":23,"key":"SMITH"},{"data":"Whirlwind","floor":28,"key":"SMITH"},{"data":"Headbutt","floor":32,"key":"SMITH"},{"data":"Madness","floor":41,"key":"SMITH"},{"data":"Madness","floor":49,"key":"SMITH"},{"data":"Heavy Blade","floor":52,"key":"SMITH"}],"circlet_count":0,"master_deck":["Strike_R","Strike_R","Strike_R","Strike_R","Defend_R","Defend_R+1","Defend_R+1","Bash","Armaments+1","Headbutt+1","Ghostly Armor","Flex+1","Reaper+1","Reaper+1","Whirlwind+1","StSpp:Dive+1","Hemokinesis+1","Immolate","Inflame+1","Metallicize+1","Blood for Blood","StSpp:Betrayal+1","Madness+1","Madness+1","Carnage+1","Barricade+1","Heavy Blade+1","Pommel Strike+1","Injury","Armaments+1","Sword Boomerang+1","Parasite","Inflame+1","Double Tap"],"relics":["Burning Blood","Vajra","Frozen Egg 2","Bird Faced Urn","StSpp:BrokenTotem","Strawberry","Membership Card","betterThird:SlimedRelic","Runic Cube","MealTicket","Pen Nib","Lantern","Art of War","Cursed Key","Peace Pipe","Red Skull","Blue Candle","Smiling Mask","StSpp:SailingBoat","Turnip","Self Forming Clay","Thread and Needle","War Paint","Pear"],"acts_visited":["Exordium","TheCity","TheBeyond","TheEnding"],"potions_floor_usage":[14,16,42,54,55],"damage_taken":[{"damage":8,"enemies":"Jaw Worm","floor":1,"turns":3},{"damage":5,"enemies":"Cultist","floor":2,"turns":4},{"damage":5,"enemies":"2 Louse","floor":3,"turns":2},{"damage":6,"enemies":"Exordium Thugs","floor":5,"turns":3},{"damage":31,"enemies":"3 Sentries","floor":7,"turns":10},{"damage":13,"enemies":"2 Fungi Beasts","floor":11,"turns":3},{"damage":12,"enemies":"Gremlin Gang","floor":14,"turns":7},{"damage":36,"enemies":"The Guardian","floor":16,"turns":9},{"damage":12,"enemies":"3 Byrds","floor":18,"turns":5},{"damage":19,"enemies":"Chosen","floor":21,"turns":5},{"damage":17,"enemies":"Snake Plant","floor":22,"turns":6},{"damage":20,"enemies":"Book of Stabbing","floor":24,"turns":4},{"damage":9,"enemies":"Shelled Parasite and Fungi","floor":25,"turns":5},{"damage":21,"enemies":"Centurion and Healer","floor":27,"turns":3},{"damage":6,"enemies":"Cultist and Chosen","floor":29,"turns":5},{"damage":15,"enemies":"Gremlin Leader","floor":30,"turns":4},{"damage":7,"enemies":"Chosen and Byrds","floor":31,"turns":4},{"damage":78,"enemies":"Collector","floor":33,"turns":7},{"damage":26,"enemies":"3 Darklings","floor":35,"turns":2},{"damage":29,"enemies":"3 Shapes","floor":38,"turns":4},{"damage":77,"enemies":"Nemesis","floor":40,"turns":7},{"damage":2,"enemies":"Jaw Worm Horde","floor":42,"turns":2},{"damage":21,"enemies":"3 Darklings","floor":44,"turns":4},{"damage":60,"enemies":"Giant Head","floor":45,"turns":7},{"damage":18,"enemies":"2 Orb Walkers","floor":46,"turns":3},{"damage":6,"enemies":"Maw","floor":48,"turns":7},{"damage":48,"enemies":"Donu and Deca","floor":50,"turns":6},{"damage":40,"enemies":"Shield and Spear","floor":54,"turns":4},{"damage":69,"enemies":"The Heart","floor":55,"turns":7}],"seed_played":"6603536145500405743","potions_obtained":[{"floor":1,"key":"Energy Potion"},{"floor":4,"key":"Ancient Potion"},{"floor":4,"key":"Block Potion"},{"floor":14,"key":"BlessingOfTheForge"},{"floor":22,"key":"SteroidPotion"},{"floor":25,"key":"BlessingOfTheForge"},{"floor":31,"key":"BloodPotion"},{"floor":42,"key":"EntropicBrew"},{"floor":54,"key":"StSpp:InhibitionPotion"}],"is_trial":false,"path_per_floor":["M","M","M","?","M","R","E","R","T","$","M","?","R","M","R","B",null,"M","?","?","M","M","R","E","M","T","M","R","M","E","M","R","B",null,"M","?","?","M","$","E","R","M","T","M","E","?","T","M","R","B",null,"R","$","E","B",null],"character_chosen":"IRONCLAD","items_purchased":["Vajra","Frozen Egg 2","Armaments","Membership Card","FairyPotion","Peace Pipe","Red Skull","Barricade+1","Inflame+1","Thread and Needle","War Paint"],"campfire_rested":1,"item_purchase_floors":[0,0,0,10,39,39,39,39,53,53,53],"current_hp_per_floor":[78,79,80,80,80,80,55,55,62,62,55,44,44,52,78,63,87,87,87,87,80,70,70,71,68,68,67,67,87,87,87,87,30,87,87,76,76,66,81,58,58,80,80,78,44,60,60,77,77,87,87,87,87,91,55],"gold":46,"neow_bonus":"","is_daily":false,"chose_seed":false,"campfire_upgraded":9,"win_rate":0.0,"timestamp":1612789557,"path_taken":["M","M","M","?","M","R","E","R","T","$","?","?","R","M","R","BOSS","M","?","?","M","M","R","E","M","T","M","R","M","E","?","R","BOSS","M","?","?","M","$","E","R","M","T","M","E","?","?","M","R","BOSS","R","$","E","BOSS"],"items_purchased_type":["Relic","Relic","Card","Relic","Potion","Relic","Relic","Card","Card","Relic","Relic"],"build_version":"2020-12-22","purchased_purges":2,"victory":true,"max_hp_per_floor":[80,80,80,80,80,80,80,80,87,87,87,87,87,87,87,87,87,87,87,87,87,87,87,87,87,87,87,87,87,87,87,87,87,87,87,87,87,87,87,87,87,87,87,87,87,87,87,87,87,87,87,87,87,97,97],"relic_stats":{"counters":[239,987],"Self Forming Clay":[306],"Blue Candle":[11],"Pen Nib":[36],"War Paint":["Defend_R","Shrug It Off","Defend_R","Defend_R"],"Cursed Key":2,"Smiling Mask":0,"Burning Blood":674,"Peace Pipe":0,"Bird Faced Urn":[116],"MealTicket":15,"Turnip":[5],"Art of War":[1],"obtain_stats":[{"Whetstone":26,"Bottled Tornado":43,"Sling":20,"Boot":12,"Sundial":7,"MealTicket":10,"Fusion Hammer":17,"Runic Cube":17,"Pear":26,"Blue Candle":9,"Eternal Feather":8,"Pen Nib":24,"Akabeko":43,"Cables":0,"SlaversCollar":34,"Bird Faced Urn":9,"Snecko Eye":17,"CultistMask":29,"Mark of Pain":17,"StrikeDummy":6,"Regal Pillow":0,"Lantern":26,"Singing Bowl":25,"Bag of Preparation":4,"Ancient Tea Set":43,"Smiling Mask":47,"Cursed Key":34,"Shovel":0,"Toolbox":8,"WingedGreaves":0,"Ring of the Snake":0,"Potion Belt":44,"Lee\u0027s Waffle":12,"NeowsBlessing":0,"Golden Idol":0,"Self Forming Clay":26,"Thread and Needle":53,"The Courier":9,"swapstartingdeckmod:Bellows":0,"Omamori":30,"Frozen Egg 2":23,"GoldenEye":8,"MawBank":42,"Ornamental Fan":46,"betterThird:SlimedRelic":12,"Orrery":0,"StSpp:BrokenTotem":7,"Ectoplasm":0,"Turnip":46,"Art of War":30,"Bottled Lightning":54,"Toy Ornithopter":23,"CeramicFish":48,"Vajra":28,"Sozu":0,"Centennial Puzzle":13,"Lizard Tail":10,"HornCleat":30,"Strawberry":25,"Prayer Wheel":29,"Toxic Egg 2":23,"Girya":37,"Happy Flower":26,"Astrolabe":17,"Dead Branch":30,"Oddly Smooth Stone":13,"Letter Opener":24,"War Paint":40,"Question Card":38,"WarpedTongs":7,"Bottled Flame":10,"Shuriken":38,"Bronze Scales":0,"Molten Egg 2":26,"Black Star":17,"Pocketwatch":6,"Meat on the Bone":25,"Darkstone Periapt":43,"Mango":24,"Snake Skull":0,"Juzu Bracelet":10,"Incense Burner":6,"StSpp:CrystalBall":17,"Nunchaku":53,"Dream Catcher":27,"Mummified Hand":0,"Pantograph":0,"Red Mask":21,"Cracked Core":0,"Red Skull":7,"StSpp:SailingBoat":45,"Orichalcum":0,"Peace Pipe":39,"DataDisk":40,"Anchor":23,"CaptainsWheel":45,"Coffee Dripper":34,"Bag of Marbles":0,"Membership Card":10},{"Whetstone":4,"Bottled Tornado":28,"Sling":43,"Boot":135,"Sundial":65,"MealTicket":110,"Fusion Hammer":70,"Runic Cube":218,"Pear":76,"Blue Candle":133,"Eternal Feather":81,"Pen Nib":222,"Akabeko":206,"Cables":0,"SlaversCollar":121,"Bird Faced Urn":9,"Snecko Eye":42,"CultistMask":142,"Mark of Pain":169,"StrikeDummy":37,"Regal Pillow":33,"Lantern":223,"Singing Bowl":19,"Bag of Preparation":48,"Ancient Tea Set":98,"Smiling Mask":183,"Cursed Key":228,"Shovel":185,"Toolbox":109,"WingedGreaves":46,"Ring of the Snake":0,"Potion Belt":99,"Lee\u0027s Waffle":67,"NeowsBlessing":61,"Golden Idol":0,"Self Forming Clay":141,"Thread and Needle":237,"The Courier":50,"swapstartingdeckmod:Bellows":105,"Omamori":120,"Frozen Egg 2":17,"GoldenEye":38,"MawBank":206,"Ornamental Fan":101,"betterThird:SlimedRelic":216,"Orrery":46,"StSpp:BrokenTotem":215,"Ectoplasm":78,"Turnip":235,"Art of War":226,"Bottled Lightning":32,"Toy Ornithopter":3,"CeramicFish":30,"Vajra":20,"Sozu":0,"Centennial Puzzle":52,"Lizard Tail":82,"HornCleat":21,"Strawberry":76,"Prayer Wheel":120,"Toxic Egg 2":158,"Girya":25,"Happy Flower":174,"Astrolabe":85,"Dead Branch":91,"Oddly Smooth Stone":135,"Letter Opener":45,"War Paint":97,"Question Card":25,"WarpedTongs":148,"Bottled Flame":39,"Shuriken":25,"Bronze Scales":0,"Molten Egg 2":19,"Black Star":54,"Pocketwatch":9,"Meat on the Bone":174,"Darkstone Periapt":123,"Mango":198,"Snake Skull":46,"Juzu Bracelet":66,"Incense Burner":164,"StSpp:CrystalBall":193,"Nunchaku":31,"Dream Catcher":77,"Mummified Hand":0,"Pantograph":0,"Red Mask":73,"Cracked Core":0,"Red Skull":188,"StSpp:SailingBoat":234,"Orichalcum":46,"Peace Pipe":230,"DataDisk":27,"Anchor":117,"CaptainsWheel":207,"Coffee Dripper":23,"Bag of Marbles":128,"Membership Card":215},{"Whetstone":18,"Bottled Tornado":90,"Sling":156,"Boot":533,"Sundial":230,"MealTicket":431,"Fusion Hammer":257,"Runic Cube":886,"Pear":283,"Blue Candle":524,"Eternal Feather":304,"Pen Nib":906,"Akabeko":827,"Cables":0,"SlaversCollar":470,"Bird Faced Urn":31,"Snecko Eye":150,"CultistMask":569,"Mark of Pain":674,"StrikeDummy":121,"Regal Pillow":102,"Lantern":911,"Singing Bowl":61,"Bag of Preparation":176,"Ancient Tea Set":384,"Smiling Mask":731,"Cursed Key":934,"Shovel":739,"Toolbox":427,"WingedGreaves":169,"Ring of the Snake":0,"Potion Belt":388,"Lee\u0027s Waffle":239,"NeowsBlessing":219,"Golden Idol":0,"Self Forming Clay":565,"Thread and Needle":976,"The Courier":182,"swapstartingdeckmod:Bellows":417,"Omamori":464,"Frozen Egg 2":54,"GoldenEye":124,"MawBank":827,"Ornamental Fan":396,"betterThird:SlimedRelic":870,"Orrery":169,"StSpp:BrokenTotem":867,"Ectoplasm":289,"Turnip":963,"Art of War":923,"Bottled Lightning":99,"Toy Ornithopter":14,"CeramicFish":94,"Vajra":64,"Sozu":0,"Centennial Puzzle":191,"Lizard Tail":312,"HornCleat":66,"Strawberry":283,"Prayer Wheel":464,"Toxic Egg 2":634,"Girya":81,"Happy Flower":693,"Astrolabe":329,"Dead Branch":355,"Oddly Smooth Stone":533,"Letter Opener":167,"War Paint":380,"Question Card":81,"WarpedTongs":592,"Bottled Flame":133,"Shuriken":81,"Bronze Scales":0,"Molten Egg 2":61,"Black Star":200,"Pocketwatch":31,"Meat on the Bone":693,"Darkstone Periapt":477,"Mango":799,"Snake Skull":169,"Juzu Bracelet":234,"Incense Burner":656,"StSpp:CrystalBall":781,"Nunchaku":96,"Dream Catcher":287,"Mummified Hand":0,"Pantograph":0,"Red Mask":270,"Cracked Core":0,"Red Skull":753,"StSpp:SailingBoat":960,"Orichalcum":169,"Peace Pipe":940,"DataDisk":86,"Anchor":454,"CaptainsWheel":832,"Coffee Dripper":73,"Bag of Marbles":499,"Membership Card":867}],"Runic Cube":[0]},"card_choices":[{"not_picked":["StSpp:Succumb","Thunderclap","Warcry"],"picked":"SKIP","floor":1},{"not_picked":["Burning Pact","Shockwave"],"picked":"Heavy Blade","floor":2},{"not_picked":["StSpp:TheBiggerTheyAre","Clash"],"picked":"Headbutt","floor":3},{"not_picked":["Shockwave","Anger"],"picked":"Ghostly Armor","floor":5},{"not_picked":["Sword Boomerang","Twin Strike"],"picked":"Flex","floor":7},{"not_picked":["Whirlwind","Flex"],"picked":"Reaper","floor":11},{"not_picked":["Headbutt","Sword Boomerang","StSpp:Sprint"],"picked":"SKIP","floor":14},{"not_picked":["StSpp:BladeOfBlood","Bludgeon"],"picked":"Reaper","floor":16},{"not_picked":["Twin Strike","StSpp:Sprint"],"picked":"Whirlwind","floor":18},{"not_picked":["Pummel","Reckless Charge","Rage"],"picked":"SKIP","floor":21},{"not_picked":["Armaments","Shockwave"],"picked":"Hemokinesis+1","floor":22},{"not_picked":["StSpp:Vengeance","Sentinel","Wild Strike"],"picked":"SKIP","floor":24},{"not_picked":["Wild Strike","Clash"],"picked":"Immolate","floor":25},{"not_picked":["Clash","Wild Strike","True Grit"],"picked":"SKIP","floor":27},{"not_picked":["Heavy Blade","True Grit+1"],"picked":"Inflame+1","floor":29},{"not_picked":["Reckless Charge","Power Through"],"picked":"Metallicize+1","floor":30},{"not_picked":["Headbutt","Wild Strike"],"picked":"Blood for Blood","floor":31},{"not_picked":["Corruption+1","Juggernaut+1"],"picked":"StSpp:Betrayal+1","floor":33},{"not_picked":["Shrug It Off+1","Pommel Strike","Clash"],"picked":"SKIP","floor":35},{"not_picked":["Armaments","Second Wind+1"],"picked":"Carnage+1","floor":38},{"not_picked":["Rage","Headbutt+1"],"picked":"Heavy Blade","floor":40},{"not_picked":["Reckless Charge","StSpp:Sprint+1"],"picked":"Pommel Strike+1","floor":42},{"not_picked":["Iron Wave+1","Wild Strike+1","Headbutt+1"],"picked":"SKIP","floor":44},{"not_picked":["Burning Pact","Sentinel+1"],"picked":"Armaments+1","floor":45},{"not_picked":["StSpp:BladeOfBlood","Body Slam"],"picked":"Sword Boomerang+1","floor":46},{"not_picked":["StSpp:Sprint","Havoc+1","Warcry"],"picked":"SKIP","floor":48},{"not_picked":["Heavy Blade","Thunderclap"],"picked":"Double Tap","floor":54}],"player_experience":496270,"relics_obtained":[{"floor":7,"key":"StSpp:BrokenTotem"},{"floor":9,"key":"Strawberry"},{"floor":24,"key":"Pen Nib"},{"floor":26,"key":"Lantern"},{"floor":30,"key":"Art of War"},{"floor":40,"key":"Blue Candle"},{"floor":43,"key":"Smiling Mask"},{"floor":45,"key":"StSpp:SailingBoat"},{"floor":46,"key":"Turnip"},{"floor":47,"key":"Self Forming Clay"},{"floor":54,"key":"Pear"}],"event_choices":[{"damage_healed":0,"gold_gain":0,"player_choice":"Got Potions","damage_taken":0,"max_hp_gain":0,"max_hp_loss":0,"event_name":"Lab","floor":4,"gold_loss":0},{"damage_healed":0,"gold_gain":0,"player_choice":"Slimed","damage_taken":11,"max_hp_gain":0,"max_hp_loss":0,"event_name":"betterThird:BetterGoop","floor":12,"gold_loss":38},{"cards_removed":["Reaper"],"damage_healed":0,"gold_gain":0,"player_choice":"Take \u0026 Give","damage_taken":0,"max_hp_gain":0,"max_hp_loss":0,"event_name":"betterNote:BetterNote","floor":19,"gold_loss":0,"cards_obtained":["StSpp:Dive"]},{"damage_healed":0,"gold_gain":0,"player_choice":"Gave Potion","damage_taken":0,"relics_obtained":["MealTicket"],"max_hp_gain":0,"max_hp_loss":0,"event_name":"WeMeetAgain","floor":20,"gold_loss":0},{"damage_healed":0,"gold_gain":0,"player_choice":"Embrace Madness","damage_taken":11,"max_hp_gain":0,"max_hp_loss":0,"event_name":"Winding Halls","floor":36,"gold_loss":0,"cards_obtained":["Madness","Madness"]},{"cards_removed":["Heavy Blade"],"damage_healed":0,"gold_gain":0,"player_choice":"Removed Attack","damage_taken":0,"max_hp_gain":0,"max_hp_loss":0,"event_name":"Falling","floor":37,"gold_loss":0},{"damage_healed":0,"gold_gain":0,"player_choice":"Fight","damage_taken":0,"max_hp_gain":0,"max_hp_loss":0,"event_name":"Mysterious Sphere","floor":46,"gold_loss":0}],"is_beta":false,"boss_relics":[{"not_picked":["StSpp:FireArrow","Calling Bell"],"picked":"Runic Cube"},{"not_picked":["Astrolabe","Sozu"],"picked":"Cursed Key"}],"items_purged_floors":[10,39],"is_endless":false,"potions_floor_spawned":[1,5,7,14,22,25,29,30,31,33,35,42,48,54],"ascension_level":0}}