{"host":"6bsan6hkua32tfq7","time":1612768140,"event":{"mods":["BaseMod","Better Third Choice","Colored Map","Highlight Path","Minty Spire (QoL Compilation)","StSLib"],"gold_per_floor":[135,175,232,157,157,157,201,253,302,361,386,449,502,69,69,168,168,212,251,251,0,41,41,93,109,135,135,200,249,249,287,287,287,287],"floor_reached":33,"language":"ENG","playtime":1392,"items_purged":["Strike_P","Strike_P","Defend_P"],"score":734,"play_id":"cddfea46-8120-4b99-8464-9a79c4092b84","local_time":"20210208080900","is_ascension_mode":true,"campfire_choices":[{"data":"HandOfGreed","floor":6.0,"key":"SMITH"},{"data":"Protect","floor":15.0,"key":"SMITH"},{"floor":23,"key":"REST"},{"floor":27,"key":"REST"},{"floor":32,"key":"REST"}],"circlet_count":0,"master_deck":["AscendersBane","Strike_P+1","Strike_P+1","Defend_P+1","Eruption+1","Vigilance","HandOfGreed+1","SandsOfTime","Protect+1","Wireheading","JustLucky","ReachHeaven","Evaluate","Protect","ReachHeaven","Blasphemy","Establishment","Wish","WreathOfFlame","Protect+1","ThirdEye+1","Consecrate","LikeWater"],"relics":["PureWater","HornCleat","Whetstone","Blood Vial","Nunchaku","Toy Ornithopter","Membership Card","Oddly Smooth Stone","Yang","SlaversCollar","Akabeko","Art of War","Red Mask","Bag of Preparation","Boot"],"acts_visited":["Exordium","TheCity"],"potions_floor_usage":[18,19,22,22,25,33],"damage_taken":[{"damage":1.0,"enemies":"Cultist","floor":1.0,"turns":4.0},{"damage":0.0,"enemies":"Jaw Worm","floor":2.0,"turns":4.0},{"damage":1.0,"enemies":"Small Slimes","floor":3.0,"turns":4.0},{"damage":0.0,"enemies":"Blue Slaver","floor":7.0,"turns":1.0},{"damage":12.0,"enemies":"Lagavulin","floor":8.0,"turns":5.0},{"damage":0.0,"enemies":"Gremlin Nob","floor":10.0,"turns":3.0},{"damage":0.0,"enemies":"3 Louse","floor":12.0,"turns":4.0},{"damage":0.0,"enemies":"Lagavulin","floor":13.0,"turns":7.0},{"damage":0.0,"enemies":"Hexaghost","floor":16.0,"turns":6.0},{"damage":1,"enemies":"Shell Parasite","floor":18,"turns":6},{"damage":53,"enemies":"3 Byrds","floor":19,"turns":7},{"damage":13,"enemies":"Cultist and Chosen","floor":22,"turns":6},{"damage":30,"enemies":"Masked Bandits","floor":24,"turns":4},{"damage":4,"enemies":"Chosen and Byrds","floor":25,"turns":5},{"damage":0,"enemies":"Shelled Parasite and Fungi","floor":28,"turns":8},{"damage":0,"enemies":"Snecko","floor":31,"turns":8},{"damage":67,"enemies":"Collector","floor":33,"turns":10}],"seed_played":"-5654382160891877178","potions_obtained":[{"floor":2.0,"key":"DuplicationPotion"},{"floor":8.0,"key":"Energy Potion"},{"floor":12.0,"key":"Block Potion"},{"floor":16.0,"key":"EssenceOfSteel"},{"floor":18,"key":"GamblersBrew"},{"floor":24,"key":"Explosive Potion"},{"floor":28,"key":"Energy Potion"},{"floor":31,"key":"FearPotion"}],"is_trial":false,"path_per_floor":["M","M","M","$","?","R","M","E","T","E","T","M","E","$","R","B",null,"M","M","?","$","M","R","?","M","T","R","M","T","?","M","R","B"],"character_chosen":"WATCHER","items_purchased":["Membership Card","Oddly Smooth Stone","Yang","AttackPotion","Akabeko","Art of War"],"campfire_rested":3,"item_purchase_floors":[14,14,14,21,21,21],"current_hp_per_floor":[60,60,59,59,40,40,40,28,28,28,28,30,32,32,32,39,56,61,14,14,14,13,31,3,6,6,24,26,26,26,28,46,0,0],"gold":287,"neow_bonus":"RANDOM_COLORLESS_2","is_daily":false,"chose_seed":false,"campfire_upgraded":2,"win_rate":0.0,"timestamp":1612768140,"path_taken":["M","M","M","$","?","R","M","E","T","E","?","?","E","$","R","BOSS","M","M","?","$","M","R","?","M","T","R","M","?","?","?","R","BOSS"],"items_purchased_type":["Relic","Relic","Relic","Potion","Relic","Relic"],"build_version":"2020-12-22","purchased_purges":3,"victory":false,"max_hp_per_floor":[62,62,62,62,62,62,62,62,62,62,62,62,62,62,62,62,62,62,62,62,62,62,62,62,62,62,62,62,62,62,62,62,62,62],"card_choices":[{"not_picked":["Secret Weapon","Violence"],"picked":"HandOfGreed","floor":0.0},{"not_picked":["Sanctity","Halt"],"picked":"SandsOfTime","floor":1.0},{"not_picked":["Halt","CrushJoints"],"picked":"Protect","floor":2.0},{"not_picked":["FlurryOfBlows","FlyingSleeves"],"picked":"Wireheading","floor":3.0},{"not_picked":["SignatureMove","CutThroughFate"],"picked":"JustLucky","floor":7.0},{"not_picked":["CrushJoints","Tantrum"],"picked":"ReachHeaven","floor":8.0},{"not_picked":["Consecrate","Indignation"],"picked":"Evaluate","floor":10.0},{"not_picked":["Wallop","Meditate"],"picked":"Protect","floor":12.0},{"not_picked":["FlurryOfBlows","Omniscience"],"picked":"ReachHeaven","floor":13.0},{"not_picked":["ConjureBlade","Judgement"],"picked":"Blasphemy","floor":16.0},{"not_picked":["ForeignInfluence+1","BowlingBash","PathToVictory+1"],"picked":"SKIP","floor":18},{"not_picked":["EmptyFist","FlyingSleeves"],"picked":"Establishment","floor":19},{"not_picked":["Worship","CutThroughFate","Prostrate"],"picked":"SKIP","floor":22},{"not_picked":["Consecrate","PathToVictory"],"picked":"Protect+1","floor":24},{"not_picked":["Crescendo+1","CutThroughFate"],"picked":"ThirdEye+1","floor":25},{"not_picked":["SashWhip","MentalFortress"],"picked":"Consecrate","floor":28},{"not_picked":["CarveReality","Fasting2"],"picked":"LikeWater","floor":31}],"player_experience":5414905,"relics_obtained":[{"floor":8.0,"key":"HornCleat"},{"floor":9.0,"key":"Whetstone"},{"floor":10.0,"key":"Blood Vial"},{"floor":11.0,"key":"Nunchaku"},{"floor":13.0,"key":"Toy Ornithopter"},{"floor":24,"key":"Red Mask"},{"floor":26,"key":"Bag of Preparation"},{"floor":29,"key":"Boot"}],"event_choices":[{"damage_healed":59.0,"max_hp_gain":0.0,"max_hp_loss":62.0,"gold_gain":0.0,"event_name":"betterThird:BetterShining","player_choice":"Upgrade","floor":5.0,"gold_loss":0.0,"damage_taken":19.0,"cards_upgraded":["Defend_P","Strike_P"]},{"damage_healed":0,"gold_gain":0,"cards_transformed":["Defend_P","Defend_P"],"player_choice":"Became Test Subject","damage_taken":0,"max_hp_gain":0,"max_hp_loss":0,"event_name":"Drug Dealer","floor":20,"gold_loss":0,"cards_obtained":["Wish","WreathOfFlame"]},{"damage_healed":0,"gold_gain":0,"player_choice":"Fought Bandits","damage_taken":0,"max_hp_gain":0,"max_hp_loss":0,"event_name":"Masked Bandits","floor":24,"gold_loss":0},{"damage_healed":0,"gold_gain":0,"player_choice":"Ignored","damage_taken":0,"max_hp_gain":0,"max_hp_loss":0,"event_name":"The Mausoleum","floor":30,"gold_loss":0}],"is_beta":false,"boss_relics":[{"not_picked":["Philosopher\u0027s Stone","Snecko Eye"],"picked":"SlaversCollar"}],"items_purged_floors":[4,14,21],"is_endless":false,"potions_floor_spawned":[2,8,12,16,18,24,28,31],"killed_by":"Collector","ascension_level":20}}