{"host":"kkk975q3pce3xjnw","time":1612755483,"event":{"mods":["BaseMod","Challenge The Spire","Jorbs\u0027s Wanderer Trilogy","Minty Spire (QoL Compilation)","Quick Restart","StSLib","The Animator","The Construct","The Cursed","The Necromancer"],"gold_per_floor":[378,145,163,163,192,225,239,239,286,310,344,344,344,54,54,156,156,172,186,219,199,210,210,210],"floor_reached":23,"language":"ENG","playtime":2001,"items_purged":["animator:Strike"],"score":201,"play_id":"22394988-23cd-4c54-8150-a9411f1ee5de","local_time":"20210207213803","is_ascension_mode":false,"campfire_choices":[{"data":"animator:Hibiki","floor":8,"key":"SMITH"},{"floor":13,"key":"REST"},{"floor":15,"key":"REST"}],"circlet_count":0,"master_deck":["animator:Strike_GoblinSlayer+1","animator:Defend_GoblinSlayer","animator:Strike+1","animator:Defend","animator:Defend","animator:Defend","animator:LizardPriest","animator:DwarfShaman","animator:Priestess","animator:Yuuichirou","animator:Hibiki+1","animator:Emonzaemon","animator:Alexander","animator:Witch","animator:PandorasActor","animator:Scar","animator:DolaSchwi","animator:Gluttony","animator:MisaKurobane","animator:Sora","animator:Jibril","animator:Mitsuba+1","animator:Lancer+1","animator:TsurugaMeisai"],"relics":["animator:LivingPicture","animator:TheMissingPiece","animator:PurgingStone","Happy Flower","Bag of Preparation","Centennial Puzzle","Empty Cage","Red Mask"],"acts_visited":["Exordium","TheCity"],"potions_floor_usage":[16,16,16],"damage_taken":[{"damage":0,"enemies":"Small Slimes","floor":1,"turns":3},{"damage":0,"enemies":"Cultist","floor":3,"turns":4},{"damage":7,"enemies":"2 Louse","floor":5,"turns":2},{"damage":15,"enemies":"Lagavulin","floor":6,"turns":7},{"damage":8,"enemies":"Looter","floor":7,"turns":4},{"damage":5,"enemies":"Lots of Slimes","floor":10,"turns":3},{"damage":11,"enemies":"3 Sentries","floor":11,"turns":6},{"damage":19,"enemies":"Hexaghost","floor":16,"turns":7},{"damage":3,"enemies":"Chosen","floor":18,"turns":5},{"damage":18,"enemies":"3 Byrds","floor":19,"turns":4},{"damage":37,"enemies":"Masked Bandits","floor":20,"turns":4},{"damage":10,"enemies":"Cultist and Chosen","floor":22,"turns":6},{"damage":1,"enemies":"animator:HornedBat","floor":23,"turns":2}],"seed_played":"203119777204917690","potions_obtained":[{"floor":5,"key":"SkillPotion"},{"floor":6,"key":"ColorlessPotion"},{"floor":7,"key":"Explosive Potion"},{"floor":16,"key":"SkillPotion"},{"floor":20,"key":"FairyPotion"},{"floor":21,"key":"Swift Potion"},{"floor":22,"key":"PowerPotion"}],"is_trial":false,"path_per_floor":["M","$","M","?","M","E","M","R","T","M","E","?","R","$","R","B",null,"M","M","?","?","M","E"],"character_chosen":"THE_ANIMATOR","items_purchased":["animator:Yuuichirou","animator:Hibiki","animator:Gluttony","animator:MisaKurobane","animator:ElricEdward"],"campfire_rested":2,"item_purchase_floors":[2,2,14,14,14],"current_hp_per_floor":[60,60,60,60,53,39,31,31,31,26,15,3,21,21,39,24,61,59,41,9,9,18,17,17],"gold":210,"neow_bonus":"TWO_FIFTY_GOLD","is_daily":false,"chose_seed":false,"campfire_upgraded":1,"win_rate":0.0,"timestamp":1612755483,"path_taken":["M","$","M","?","M","E","?","R","T","M","E","?","R","$","R","BOSS","M","M","?","?","M","E"],"items_purchased_type":["Card","Card","Card","Card","Card"],"build_version":"2020-12-22","purchased_purges":1,"victory":false,"max_hp_per_floor":[60,60,60,60,60,61,61,61,61,61,61,61,61,61,61,61,61,61,61,62,62,62,62,62],"card_choices":[{"not_picked":["animator:Mitsuba","animator:Azekura"],"picked":"animator:Priestess","floor":1},{"not_picked":["animator:Priestess","animator:Assassin"],"picked":"animator:Emonzaemon","floor":3},{"not_picked":["animator:Biyorigo","animator:ElricEdward"],"picked":"animator:Alexander","floor":5},{"not_picked":["animator:DwarfShaman","animator:GuildGirl"],"picked":"animator:Witch","floor":6},{"not_picked":["animator:Rider","animator:CowGirl"],"picked":"animator:PandorasActor","floor":7},{"not_picked":["animator:Geryuganshoop","animator:Emonzaemon"],"picked":"animator:Scar","floor":10},{"not_picked":["animator:KrulTepes","animator:Shuna"],"picked":"animator:DolaSchwi","floor":11},{"not_picked":["animator:HigakiRinne","animator:Shiro"],"picked":"animator:Sora","floor":16},{"not_picked":["animator:FielNirvalen","animator:DolaStephanie"],"picked":"animator:Jibril","floor":18},{"not_picked":["animator:Entoma","animator:DolaSchwi+1"],"picked":"animator:Mitsuba+1","floor":19},{"not_picked":["animator:Gluttony+1","animator:Jibril"],"picked":"animator:Lancer+1","floor":20},{"not_picked":["animator:Shinoa","animator:EmiyaShirou"],"picked":"animator:TsurugaMeisai","floor":22}],"player_experience":492737,"relics_obtained":[{"floor":6,"key":"Happy Flower"},{"floor":9,"key":"Bag of Preparation"},{"floor":11,"key":"Centennial Puzzle"},{"floor":20,"key":"Red Mask"}],"event_choices":[{"damage_healed":0,"gold_gain":0,"player_choice":"Ignored","damage_taken":0,"max_hp_gain":0,"max_hp_loss":0,"event_name":"NoteForYourself","floor":4,"gold_loss":0},{"damage_healed":0,"gold_gain":0,"player_choice":"Entered Light","damage_taken":12,"max_hp_gain":0,"max_hp_loss":0,"event_name":"Shining Light","floor":12,"gold_loss":0,"cards_upgraded":["animator:Strike","animator:Strike_GoblinSlayer"]},{"damage_healed":0,"gold_gain":0,"player_choice":"Fought Bandits","damage_taken":0,"max_hp_gain":0,"max_hp_loss":0,"event_name":"Masked Bandits","floor":20,"gold_loss":0},{"damage_healed":0,"gold_gain":0,"player_choice":"Bought 1 Potion","damage_taken":0,"max_hp_gain":0,"max_hp_loss":0,"event_name":"The Woman in Blue","floor":21,"gold_loss":0}],"is_beta":false,"boss_relics":[{"not_picked":["Coffee Dripper","SlaversCollar"],"picked":"Empty Cage"}],"items_purged_floors":[14],"is_endless":false,"potions_floor_spawned":[5,6,7,10,16,20,22],"killed_by":"animator:HornedBat","ascension_level":0}}