{"host":"ormi09wwzv7sq47a","time":1612753832,"event":{"mods":["2.2 Compatiblity","AchievementEnabler","Act Like it!","BaseMod","Bestiary","Better Altar","Better Note","Better Sensory Stone","Better Silent Start","Better Skull","Better Third Choice","Better Vampires","BetterRewards","Block Reminder","Card Forge","Colored Map","Colored Powertips","Curses Come First","DeckTracker","Downfall","Highlight Path","Minty Spire (QoL Compilation)","Permanent Neow","Quick Restart","Rare Cards Sparkle","Relic Stats","Shop Mod","StSLib","The Jungle"],"gold_per_floor":[48,48,60,60,74,74,98,98,176,202,202,202,202,222,222,325,325,337,357,188,188,188,217,217,217,243,261,294,294,294,305,305,403,403,418,418,4,20,70,105,105,105,132,152,179,28,42,73,73,73,73,73,24,24,24,24],"floor_reached":54,"language":"ENG","playtime":3730,"items_purged":["bronze:Strike","bronze:Defend","bronze:Defend"],"score":1033,"play_id":"5c2b86fc-887c-4777-9dc2-3a1126917b35","local_time":"20210208011032","is_ascension_mode":true,"campfire_choices":[{"data":"bronze:Repair","floor":6.0,"key":"SMITH"},{"data":"bronze:Goto","floor":8.0,"key":"SMITH"},{"data":"bronze:Explode","floor":12.0,"key":"SMITH"},{"data":"bronze:InfiniteBeams","floor":15.0,"key":"SMITH"},{"floor":24.0,"key":"REST"},{"data":"bronze:WhirlingStrike","floor":30.0,"key":"SMITH"},{"data":"bronze:ThunderWave","floor":32.0,"key":"SMITH"},{"data":"bronze:Assembly","floor":41,"key":"SMITH"},{"floor":49,"key":"RECALL"},{"data":"bronze:Flail","floor":52,"key":"SMITH"}],"circlet_count":0,"master_deck":["bronze:Replicate","bronze:Goto+1","bronze:Repair+1","bronze:BuggyMess","bronze:WhirlingStrike+1","bronze:Spike","bronze:Explode+1","bronze:InfiniteBeams+1","bronze:ThunderWave+1","bronze:Allocate+1","bronze:Mutator+1","bronze:ClassDefault+1","bronze:ItsAFeature","bronze:DigitalCarnage+1","bronze:Constructor+1","bronze:MaxOutput","bronze:OilSpill+1","bronze:Assembly+1","bronze:Flail+1","bronze:Overheat+1","bronze:Return+1","bronze:AlphaBuild","bronze:Optimize+1","bronze:SpaghettiCode","bronze:RecursiveStrike"],"relics":["bronze:BronzeCore","Hammer of Thor","Seething Fire","Anvil of the Gods","bronze:Mallet","Lee\u0027s Waffle","Lizard Tail","FossilizedHelix","Regal Pillow","hexamod:CandleOfCauterizing","Nunchaku","Astrolabe","bronze:CableSpool","Shovel","hexamod:BolsterEngine","Juzu Bracelet","Philosopher\u0027s Stone","Blood Vial","ClockworkSouvenir","Happy Flower","Turnip","Meat on the Bone","Sundial","Ice Cream"],"acts_visited":["Exordium","TheCity","TheBeyond","TheEnding"],"potions_floor_usage":[50,50],"damage_taken":[{"damage":0.0,"enemies":"2 Louse","floor":1.0,"turns":3.0},{"damage":0.0,"enemies":"Jaw Worm","floor":3.0,"turns":4.0},{"damage":0.0,"enemies":"Small Slimes","floor":5.0,"turns":3.0},{"damage":14.0,"enemies":"Lagavulin","floor":10.0,"turns":6.0},{"damage":25.0,"enemies":"Lagavulin","floor":11.0,"turns":4.0},{"damage":0.0,"enemies":"2 Fungi Beasts","floor":14.0,"turns":1.0},{"damage":32.0,"enemies":"Hexaghost","floor":16.0,"turns":7.0},{"damage":0.0,"enemies":"Spheric Guardian","floor":18.0,"turns":1.0},{"damage":17.0,"enemies":"2 Thieves","floor":19.0,"turns":3.0},{"damage":31.0,"enemies":"Slavers","floor":23.0,"turns":3.0},{"damage":5.0,"enemies":"Snake Plant","floor":27.0,"turns":3.0},{"damage":40.0,"enemies":"Gremlin Leader","floor":28.0,"turns":7.0},{"damage":10.0,"enemies":"Cultist and Chosen","floor":31.0,"turns":4.0},{"damage":72.0,"enemies":"Champ","floor":33.0,"turns":8.0},{"damage":0,"enemies":"Orb Walker","floor":35,"turns":2},{"damage":0,"enemies":"3 Darklings","floor":38,"turns":4},{"damage":0,"enemies":"Mind Bloom Boss Battle","floor":39,"turns":4},{"damage":0,"enemies":"Giant Head","floor":40,"turns":6},{"damage":11,"enemies":"Writhing Mass","floor":44,"turns":4},{"damage":0,"enemies":"Nemesis","floor":45,"turns":3},{"damage":17,"enemies":"Spire Growth","floor":47,"turns":5},{"damage":31,"enemies":"Giant Head","floor":48,"turns":6},{"damage":55,"enemies":"Donu and Deca","floor":50,"turns":6},{"damage":84,"enemies":"Shield and Spear","floor":54,"turns":3}],"seed_played":"7174523362603562556","potions_obtained":[{"floor":1.0,"key":"EntropicBrew"},{"floor":5.0,"key":"SneckoOil"},{"floor":11.0,"key":"Block Potion"},{"floor":19.0,"key":"SkillPotion"},{"floor":35,"key":"Energy Potion"},{"floor":38,"key":"sneckomod:MuddlingPotion"}],"is_trial":false,"path_per_floor":["M","?","M","$","M","R","T","R","T","E","?","R","?","M","R","B",null,"M","M","$","?","T","E","R","?","T","M","E","?","R","M","R","B",null,"M","?","$","M","?","E","R","?","T","M","E","$","M","E","R","B",null,"R","$","E"],"character_chosen":"THE_AUTOMATON","items_purchased":["bronze:Mallet","Lee\u0027s Waffle","bronze:ItsAFeature","ClockworkSouvenir","Happy Flower","bronze:SpaghettiCode","Weak Potion"],"campfire_rested":1,"item_purchase_floors":[0,0,20,37,37,46,53],"current_hp_per_floor":[77,82,82,82,82,82,82,82,82,68,55,55,55,55,55,33,82,82,65,65,65,65,34,73,73,73,77,42,42,42,32,32,23,82,82,61,61,82,82,82,82,82,82,71,82,82,80,51,51,20,82,82,82,0,0,0],"gold":24,"neow_bonus":"","is_daily":false,"chose_seed":false,"campfire_upgraded":8,"win_rate":0.0,"timestamp":1612753832,"path_taken":["M","?","M","$","M","R","?","R","T","E","?","R","?","M","R","BOSS","M","M","$","?","?","E","R","?","T","?","E","?","R","M","R","BOSS","M","?","?","M","?","E","R","?","T","M","E","$","M","E","R","BOSS","R","$","E"],"items_purchased_type":["Relic","Relic","Card","Relic","Relic","Card","Potion"],"build_version":"2020-12-22","purchased_purges":3,"victory":false,"max_hp_per_floor":[77,82,82,82,82,82,82,82,82,82,82,82,82,82,82,82,82,82,82,82,82,82,82,82,82,82,82,82,82,82,82,82,82,82,82,82,82,82,82,82,82,82,82,82,82,82,82,82,82,82,82,82,82,82,82,82],"relic_stats":{"Lee\u0027s Waffle":45,"Regal Pillow":15,"Happy Flower":[13],"counters":[121,561],"Astrolabe":["bronze:Allocate","bronze:Mutator","bronze:ClassDefault"],"Juzu Bracelet":0,"Blood Vial":8,"Lizard Tail":41,"Nunchaku":[19],"Shovel":0,"Sundial":[2],"Turnip":[0],"obtain_stats":[{"Ice Cream":48,"Gremlin Horn":8,"Vajra":27,"Hammer of Thor":0,"Runic Capacitor":0,"Boot":0,"Old Coin":24,"bronze:CableSpool":22,"Blood Vial":17,"Sozu":17,"Lizard Tail":0,"Sundial":42,"Strawberry":9,"MealTicket":2,"Philosopher\u0027s Stone":34,"Toxic Egg 2":26,"Girya":40,"MerchantsRug":0,"Pear":17,"Happy Flower":37,"Blue Candle":38,"Astrolabe":17,"Oddly Smooth Stone":36,"Eternal Feather":26,"Letter Opener":25,"Cables":54,"Anvil of the Gods":0,"Shuriken":43,"Bronze Scales":26,"Bird Faced Urn":24,"Nloth\u0027s Gift":21,"Symbiotic Virus":36,"bronze:SilverBullet":54,"Unceasing Top":0,"Meat on the Bone":17,"Pocketwatch":42,"Darkstone Periapt":45,"Lantern":13,"Regal Pillow":7,"bronze:BronzeCore":0,"SacredBark":34,"Incense Burner":0,"Bag of Preparation":7,"Juzu Bracelet":28,"bronze:Mallet":0,"Smiling Mask":25,"ClockworkSouvenir":48,"SsserpentHead":2,"Nunchaku":10,"Shovel":17,"Mummified Hand":48,"Slimebound:StickyStick":9,"Gambling Chip":0,"Pantograph":17,"Cracked Core":0,"InkBottle":9,"Lee\u0027s Waffle":0,"hexamod:CandleOfCauterizing":9,"hexamod:Sixitude":0,"Omamori":23,"Seething Fire":0,"Frozen Egg 2":0,"Orichalcum":17,"Medical Kit":38,"bronze:BronzeIdol":7,"Calling Bell":17,"Peace Pipe":0,"Anchor":27,"CaptainsWheel":0,"Busted Crown":34,"Turnip":17,"Bag of Marbles":22,"Membership Card":0,"Bottled Lightning":40,"hexamod:BolsterEngine":49,"Toy Ornithopter":31,"FossilizedHelix":0},{"Ice Cream":119,"Gremlin Horn":35,"Vajra":45,"Hammer of Thor":0,"Runic Capacitor":0,"Boot":71,"Old Coin":44,"bronze:CableSpool":106,"Blood Vial":8,"Sozu":79,"Lizard Tail":97,"Sundial":21,"Strawberry":5,"MealTicket":1,"Philosopher\u0027s Stone":17,"Toxic Egg 2":82,"Girya":20,"MerchantsRug":30,"Pear":66,"Happy Flower":112,"Blue Candle":50,"Astrolabe":104,"Oddly Smooth Stone":18,"Eternal Feather":13,"Letter Opener":44,"Cables":24,"Anvil of the Gods":0,"Shuriken":53,"Bronze Scales":44,"Bird Faced Urn":82,"Nloth\u0027s Gift":11,"Symbiotic Virus":18,"bronze:SilverBullet":96,"Unceasing Top":30,"Meat on the Bone":40,"Pocketwatch":90,"Darkstone Periapt":54,"Lantern":6,"Regal Pillow":100,"bronze:BronzeCore":0,"SacredBark":48,"Incense Burner":0,"Bag of Preparation":34,"Juzu Bracelet":109,"bronze:Mallet":97,"Smiling Mask":13,"ClockworkSouvenir":22,"SsserpentHead":26,"Nunchaku":101,"Shovel":40,"Mummified Hand":22,"Slimebound:StickyStick":62,"Gambling Chip":0,"Pantograph":8,"Cracked Core":0,"InkBottle":35,"Lee\u0027s Waffle":30,"hexamod:CandleOfCauterizing":100,"hexamod:Sixitude":57,"Omamori":43,"Seething Fire":0,"Frozen Egg 2":25,"Orichalcum":66,"Medical Kit":18,"bronze:BronzeIdol":74,"Calling Bell":8,"Peace Pipe":25,"Anchor":14,"CaptainsWheel":30,"Busted Crown":86,"Turnip":8,"Bag of Marbles":81,"Membership Card":0,"Bottled Lightning":51,"hexamod:BolsterEngine":56,"Toy Ornithopter":16,"FossilizedHelix":97},{"Ice Cream":552,"Gremlin Horn":180,"Vajra":221,"Hammer of Thor":0,"Runic Capacitor":0,"Boot":324,"Old Coin":217,"bronze:CableSpool":493,"Blood Vial":26,"Sozu":360,"Lizard Tail":461,"Sundial":106,"Strawberry":12,"MealTicket":3,"Philosopher\u0027s Stone":78,"Toxic Egg 2":377,"Girya":97,"MerchantsRug":166,"Pear":298,"Happy Flower":520,"Blue Candle":242,"Astrolabe":489,"Oddly Smooth Stone":82,"Eternal Feather":51,"Letter Opener":217,"Cables":135,"Anvil of the Gods":0,"Shuriken":253,"Bronze Scales":217,"Bird Faced Urn":377,"Nloth\u0027s Gift":38,"Symbiotic Virus":82,"bronze:SilverBullet":455,"Unceasing Top":166,"Meat on the Bone":200,"Pocketwatch":426,"Darkstone Periapt":256,"Lantern":18,"Regal Pillow":471,"bronze:BronzeCore":0,"SacredBark":238,"Incense Burner":0,"Bag of Preparation":176,"Juzu Bracelet":506,"bronze:Mallet":461,"Smiling Mask":51,"ClockworkSouvenir":113,"SsserpentHead":148,"Nunchaku":477,"Shovel":200,"Mummified Hand":113,"Slimebound:StickyStick":286,"Gambling Chip":0,"Pantograph":26,"Cracked Core":0,"InkBottle":180,"Lee\u0027s Waffle":166,"hexamod:CandleOfCauterizing":471,"hexamod:Sixitude":271,"Omamori":211,"Seething Fire":0,"Frozen Egg 2":145,"Orichalcum":298,"Medical Kit":82,"bronze:BronzeIdol":333,"Calling Bell":26,"Peace Pipe":145,"Anchor":57,"CaptainsWheel":166,"Busted Crown":404,"Turnip":26,"Bag of Marbles":370,"Membership Card":0,"Bottled Lightning":247,"hexamod:BolsterEngine":260,"Toy Ornithopter":68,"FossilizedHelix":461}],"Meat on the Bone":12},"card_choices":[{"not_picked":["bronze:Turbo","bronze:ClassDefault"],"picked":"bronze:Repair","floor":1.0},{"not_picked":["bronze:ForLoop","bronze:DelayedGuard"],"picked":"bronze:BuggyMess","floor":3.0},{"not_picked":["bronze:CutThrough","bronze:Turbo"],"picked":"bronze:WhirlingStrike","floor":5.0},{"not_picked":["bronze:NullPointer","bronze:Fortify","bronze:CloningBeam"],"picked":"SKIP","floor":10.0},{"not_picked":[],"picked":"bronze:Spike","floor":11.0},{"not_picked":[],"picked":"bronze:Explode","floor":11.0},{"not_picked":["bronze:BuggyMess","bronze:Invalidate"],"picked":"bronze:InfiniteBeams","floor":14.0},{"not_picked":["bronze:FindAndReplace","bronze:AlphaBuild"],"picked":"bronze:ThunderWave","floor":16.0},{"not_picked":["bronze:OilSpill","bronze:Turbo","bronze:Safeguard"],"picked":"SKIP","floor":18.0},{"not_picked":["bronze:WhirlingStrike","bronze:OilSpill","bronze:WildBeam"],"picked":"SKIP","floor":19.0},{"not_picked":["bronze:Iterate","bronze:Return"],"picked":"bronze:DigitalCarnage+1","floor":23.0},{"not_picked":["bronze:DigitalCarnage+1","bronze:Overload"],"picked":"bronze:Constructor+1","floor":27.0},{"not_picked":["bronze:Shell","bronze:Constructor"],"picked":"bronze:MaxOutput","floor":28.0},{"not_picked":["bronze:HyperBeam","bronze:Invalidate+1"],"picked":"bronze:OilSpill+1","floor":31.0},{"not_picked":["bronze:BurnOut","bronze:Break"],"picked":"bronze:Assembly","floor":33.0},{"not_picked":["bronze:Backtrace+1","bronze:BuggyMess"],"picked":"bronze:Flail","floor":35},{"not_picked":["bronze:FollowUp","bronze:BronzeArmor","bronze:BuggyMess"],"picked":"SKIP","floor":38},{"not_picked":["bronze:CutThrough","bronze:Branch"],"picked":"bronze:Overheat+1","floor":39},{"not_picked":["bronze:Deprecate+1","bronze:Safeguard"],"picked":"bronze:Return+1","floor":40},{"not_picked":["bronze:DelayedGuard","bronze:Overload+1"],"picked":"bronze:Optimize+1","floor":44},{"not_picked":["bronze:Refactor","bronze:Overheat","bronze:DarkDash"],"picked":"SKIP","floor":45},{"not_picked":["bronze:Refactor","bronze:Overheat","bronze:DarkDash"],"picked":"SKIP","floor":45},{"not_picked":["bronze:Deprecate+1","bronze:BugBarrage+1","bronze:Branch"],"picked":"SKIP","floor":47},{"not_picked":["bronze:BitShift","bronze:Philosophize"],"picked":"bronze:RecursiveStrike","floor":48}],"player_experience":1035844,"relics_obtained":[{"floor":7.0,"key":"Regal Pillow"},{"floor":9.0,"key":"hexamod:CandleOfCauterizing"},{"floor":10.0,"key":"Nunchaku"},{"floor":22.0,"key":"bronze:CableSpool"},{"floor":23.0,"key":"Shovel"},{"floor":26.0,"key":"hexamod:BolsterEngine"},{"floor":28.0,"key":"Juzu Bracelet"},{"floor":39,"key":"Turnip"},{"floor":40,"key":"Meat on the Bone"},{"floor":45,"key":"Sundial"},{"floor":48,"key":"Ice Cream"}],"event_choices":[{"damage_healed":0.0,"max_hp_gain":5.0,"max_hp_loss":0.0,"gold_gain":0.0,"event_name":"Big Fish","player_choice":"Donut","floor":2.0,"gold_loss":0.0,"damage_taken":0.0},{"cards_removed":["bronze:Strike"],"damage_healed":0.0,"max_hp_gain":0.0,"max_hp_loss":0.0,"gold_gain":0.0,"event_name":"Living Wall","player_choice":"Forget","floor":13.0,"gold_loss":0.0,"damage_taken":0.0},{"damage_healed":0.0,"max_hp_gain":0.0,"max_hp_loss":0.0,"gold_gain":0.0,"event_name":"Ghosts","player_choice":"Ignored","floor":25.0,"gold_loss":0.0,"damage_taken":0.0},{"damage_healed":0.0,"max_hp_gain":0.0,"max_hp_loss":0.0,"gold_gain":0.0,"event_name":"Vampires","player_choice":"Ignored","floor":29.0,"gold_loss":0.0,"damage_taken":0.0},{"damage_healed":0,"gold_gain":0,"player_choice":"Random: Violet","damage_taken":0,"max_hp_gain":0,"max_hp_loss":0,"event_name":"betterThird:BetterPortal","floor":36,"gold_loss":0},{"damage_healed":0,"gold_gain":0,"player_choice":" Vial ","damage_taken":21,"relics_obtained":["Blood Vial"],"max_hp_gain":82,"max_hp_loss":61,"event_name":"betterAltar:BetterAltar","floor":36,"potions_obtained":[],"relics_lost":[],"gold_loss":0},{"damage_healed":0,"gold_gain":0,"player_choice":"Fight","damage_taken":0,"max_hp_gain":0,"max_hp_loss":0,"event_name":"MindBloom","floor":39,"gold_loss":0}],"is_beta":false,"boss_relics":[{"not_picked":["Runic Dome","Busted Crown"],"picked":"Astrolabe"},{"not_picked":["Pandora\u0027s Box","Cursed Key"],"picked":"Philosopher\u0027s Stone"}],"items_purged_floors":[0,20,37],"is_endless":false,"potions_floor_spawned":[1,5,11,19,23,35,38,45],"killed_by":"Shield and Spear","ascension_level":1}}