{"host":"d4hjo1dp8g06u19c","time":1612771412,"event":{"mods":["Act Like it!","Arknights","BaseMod","Colored Map","Colored Powertips","Downfall","Marisa£®ÏF”Í°°ƒß¿Ì…≥£©","Minty Spire (QoL Compilation)","Quick Restart","Shop Mod","Spicy Shops","StSLib","The Animator","UnlockEverythingMod","Youmu£®ªÍ∆«—˝√Œ£©"],"gold_per_floor":[116,4,14,14,32,32,63,81,81,7,7,7,25,51,51,146,146,161,20,120,109,24,24,24],"floor_reached":23,"language":"ZHS","playtime":891,"items_purged":[],"score":339,"play_id":"a729dec6-2dc7-4138-8d2c-3e08ac8a7917","local_time":"20210208160332","is_ascension_mode":false,"campfire_choices":[{"data":"ats:Closed Bolt Burst Fire","floor":6.0,"key":"SMITH"},{"data":"ats:Assault Order","floor":12.0,"key":"SMITH"},{"floor":15,"key":"REST"}],"circlet_count":0,"master_deck":["ats:Strike C","ats:Strike G","ats:Strike S","ats:Strike V","ats:Armor Crushing Shot","ats:Defend","ats:Defend","ats:Defend","ats:Defend","ats:Emotion Absorption","ats:Powerful Strike","ats:Support Order","ats:Closed Bolt Burst Fire+1","ats:Very Hot Blade","ats:Ignite","ats:Guardian Obelisk","ats:Assault Order+1","ats:Healing Drone","ats:Thorns","ats:Calcification","ats:Song Of Battle","ats:Flexible Camouflage","downfall:Haunted","downfall:Haunted","Doubt","ats:Soul Rend","Regret","Pain","ats:Serious Mode"],"relics":["ats:Sanity","NeowsBlessing","Akabeko","Ancient Tea Set","ats:Originium","Mango","Kunai","Odd Mushroom","ats:Tactical Delivery","Darkstone Periapt","ats:Spiritual Recovery"],"acts_visited":["Exordium","TheCity"],"potions_floor_usage":[14,16,16],"damage_taken":[{"damage":0.0,"enemies":"2 Louse","floor":1.0,"turns":1.0},{"damage":0.0,"enemies":"Jaw Worm","floor":3.0,"turns":1.0},{"damage":0.0,"enemies":"Small Slimes","floor":5.0,"turns":1.0},{"damage":33.0,"enemies":"Lagavulin","floor":7.0,"turns":6.0},{"damage":0.0,"enemies":"Looter","floor":8.0,"turns":1.0},{"damage":14.0,"enemies":"3 Louse","floor":13.0,"turns":3.0},{"damage":15,"enemies":"The Mushroom Lair","floor":14,"turns":5},{"damage":63,"enemies":"The Guardian","floor":16,"turns":8},{"damage":12,"enemies":"Chosen","floor":18,"turns":5},{"damage":35,"enemies":"2 Thieves","floor":21,"turns":4},{"damage":81,"enemies":"Book of Stabbing","floor":23,"turns":6}],"seed_played":"7741925849684803465","potions_obtained":[{"floor":1.0,"key":"Weak Potion"},{"floor":5.0,"key":"Ancient Potion"},{"floor":7.0,"key":"Weak Potion"},{"floor":8.0,"key":"ColorlessPotion"}],"is_trial":false,"path_per_floor":["M","$","M","?","M","R","E","M","T","$","?","R","M","?","R","B",null,"M","$","?","M","?","E"],"character_chosen":"DOCTOR_CLASS","items_purchased":["ats:Support Order","Akabeko","ats:Assault Order","Block Potion","ats:Flexible Camouflage"],"campfire_rested":1,"item_purchase_floors":[2,2,10,10,19],"current_hp_per_floor":[72,72,72,72,72,72,53,53,53,53,53,53,39,30,55,4,86,74,74,109,75,75,1,1],"gold":24,"neow_bonus":"THREE_ENEMY_KILL","is_daily":false,"chose_seed":false,"campfire_upgraded":2,"win_rate":0.0,"timestamp":1612771412,"path_taken":["M","$","M","?","M","R","E","M","T","$","?","R","M","?","R","BOSS","M","$","?","M","?","E"],"items_purchased_type":["Card","Relic","Card","Potion","Card"],"build_version":"2020-12-22","purchased_purges":0,"victory":false,"max_hp_per_floor":[72,72,72,72,72,72,86,86,86,86,86,86,86,86,86,86,86,86,86,121,121,121,121,121],"card_choices":[{"not_picked":["ats:Song Of Battle","ats:Automatic Cover"],"picked":"ats:Powerful Strike","floor":1.0},{"not_picked":["ats:Blood Oath","ats:Curse Doll"],"picked":"ats:Closed Bolt Burst Fire","floor":3.0},{"not_picked":["ats:Ignite","ats:Mental Burst"],"picked":"ats:Very Hot Blade","floor":5.0},{"not_picked":["ats:Consecutive Shot Auto","ats:Absolute Focus"],"picked":"ats:Ignite","floor":7.0},{"not_picked":["ats:Encircling Forest","ats:Thorns"],"picked":"ats:Guardian Obelisk","floor":8.0},{"not_picked":["ats:Shell Defense","ats:Poison Spread"],"picked":"ats:Healing Drone","floor":13.0},{"not_picked":["ats:Curse Doll","ats:Revitalization"],"picked":"ats:Thorns","floor":14},{"not_picked":["ats:Rat Pack","ats:Soul Rend"],"picked":"ats:Calcification","floor":16},{"not_picked":["ats:Red Shift","ats:Guardian Obelisk"],"picked":"ats:Song Of Battle","floor":18},{"not_picked":["ats:Red Shift+1","ats:Guard Mode"],"picked":"ats:Serious Mode","floor":21}],"player_experience":131274,"relics_obtained":[{"floor":7.0,"key":"ats:Originium"},{"floor":7.0,"key":"Mango"},{"floor":9.0,"key":"Kunai"},{"floor":14,"key":"Odd Mushroom"}],"event_choices":[{"damage_healed":0.0,"max_hp_gain":0.0,"max_hp_loss":0.0,"gold_gain":0.0,"event_name":"Big Fish","player_choice":"Box","floor":4.0,"gold_loss":0.0,"damage_taken":0.0,"relics_obtained":["Ancient Tea Set"],"cards_obtained":["Regret"]},{"cards_removed":["Regret"],"damage_healed":0.0,"max_hp_gain":0.0,"max_hp_loss":0.0,"gold_gain":0.0,"event_name":"Living Wall","player_choice":"Forget","floor":11.0,"gold_loss":0.0,"damage_taken":0.0},{"damage_healed":0,"gold_gain":0,"player_choice":"Fought Mushrooms","damage_taken":0,"max_hp_gain":0,"max_hp_loss":0,"event_name":"Mushrooms","floor":14,"gold_loss":0},{"damage_healed":0,"gold_gain":0,"player_choice":"Obtained Relic","damage_taken":0,"relics_obtained":["ats:Spiritual Recovery"],"max_hp_gain":0,"max_hp_loss":0,"event_name":"Addict","floor":22,"gold_loss":85}],"is_beta":false,"boss_relics":[{"not_picked":["SacredBark","Busted Crown"],"picked":"ats:Tactical Delivery"}],"items_purged_floors":[],"is_endless":false,"potions_floor_spawned":[1,5,7,8],"killed_by":"Book of Stabbing","ascension_level":0}}