{"host":"qgvpd00zvzorrg7j","time":1612754591,"event":{"mods":["BaseMod","Colored Map","Downfall","Minty Spire (QoL Compilation)","Quick Restart","StSLib"],"gold_per_floor":[99,99,99,99,99,99,149,482,494,494,507,270,286,314,334,334,334,334],"floor_reached":16,"language":"ENG","playtime":560,"items_purged":["Guardian:Defend_Guardian"],"score":133,"play_id":"502fde5a-3942-4c6b-aaba-75f3b76f6e72","local_time":"20210207222311","is_ascension_mode":false,"campfire_choices":[{"data":"Guardian:CurlUp","floor":1,"key":"SMITH"}],"circlet_count":0,"master_deck":["Guardian:Strike_Guardian+1","Guardian:Strike_Guardian","Guardian:Strike_Guardian+1","Guardian:Defend_Guardian+1","Guardian:Defend_Guardian","Guardian:Defend_Guardian","Guardian:CurlUp+1","Guardian:TwinSlam","Guardian:Incinerate","downfall:Malfunctioning","Guardian:Gem_Red","Guardian:BronzeOrb","Guardian:BronzeOrb","Guardian:BaubleBeam","Guardian:TimeCapacitor"],"relics":["Guardian:ModeShifter","downfall:HeartsMalice","Happy Flower","Old Coin","Turnip","Bag of Preparation","WingedGreaves"],"acts_visited":["Exordium"],"potions_floor_usage":[14],"damage_taken":[{"damage":0,"enemies":"2 Louse","floor":2,"turns":1},{"damage":0,"enemies":"Jaw Worm","floor":3,"turns":1},{"damage":0,"enemies":"Lagavulin","floor":8,"turns":1},{"damage":0,"enemies":"Cultist","floor":9,"turns":3},{"damage":12,"enemies":"Blue Slaver","floor":11,"turns":4},{"damage":5,"enemies":"downfall:FleeingMerchant","floor":12,"turns":4},{"damage":1,"enemies":"3 Louse","floor":13,"turns":2},{"damage":13,"enemies":"Gremlin Nob","floor":14,"turns":4},{"damage":0,"enemies":"Large Slime","floor":15,"turns":5},{"damage":60,"enemies":"WA_ARCHETYPE_RETAIN","floor":16,"turns":10}],"seed_played":"9037553359441367539","potions_obtained":[{"floor":9,"key":"Block Potion"},{"floor":14,"key":"SkillPotion"},{"floor":15,"key":"Dexterity Potion"}],"is_trial":false,"path_per_floor":["R","M","M","?","?","?","T","E","M","T","M","$","M","E","M","B"],"character_chosen":"GUARDIAN","items_purchased":["Bag of Preparation"],"campfire_rested":0,"item_purchase_floors":[12],"current_hp_per_floor":[80,80,80,80,80,74,74,74,74,74,62,57,56,43,43,0,0,0],"gold":334,"neow_bonus":"THREE_ENEMY_KILL","is_daily":false,"chose_seed":false,"campfire_upgraded":1,"win_rate":0.0,"timestamp":1612754591,"path_taken":["R","M","M","?","?","?","T","E","M","?","M","$","M","E","M","BOSS"],"items_purchased_type":["Relic"],"build_version":"2020-12-22","purchased_purges":1,"victory":false,"max_hp_per_floor":[80,80,80,80,80,80,80,80,80,80,80,80,80,80,80,80,80,80],"card_choices":[{"not_picked":["Guardian:Planning","Guardian:RollAttack"],"picked":"Guardian:Incinerate","floor":2},{"not_picked":["Guardian:RefractedBeam","Guardian:Gem_Green","Guardian:CrystalBeam"],"picked":"SKIP","floor":3},{"not_picked":["Guardian:Planning","Guardian:Gem_Green","Guardian:RevengeProtocol"],"picked":"SKIP","floor":8},{"not_picked":["Guardian:Gem_Red","Guardian:Planning"],"picked":"Guardian:BronzeOrb","floor":9},{"not_picked":["Guardian:ShieldSpikes","Guardian:PrimingBeam","Guardian:TemporalStrike"],"picked":"SKIP","floor":11},{"not_picked":["Guardian:Recover","Guardian:BronzeArmor"],"picked":"Guardian:BronzeOrb","floor":12},{"not_picked":["Guardian:Planning","Guardian:Suspension","Guardian:RollAttack"],"picked":"SKIP","floor":13},{"not_picked":["Guardian:Gem_Purple","Guardian:PrimingBeam"],"picked":"Guardian:BaubleBeam","floor":14},{"not_picked":["Guardian:TemporalShield","Guardian:WalkerClaw"],"picked":"Guardian:TimeCapacitor","floor":15}],"player_experience":612793,"relics_obtained":[{"floor":7,"key":"Happy Flower"},{"floor":8,"key":"Old Coin"},{"floor":10,"key":"Turnip"},{"floor":14,"key":"WingedGreaves"}],"event_choices":[{"cards_removed":["Guardian:Strike_Guardian"],"damage_healed":0,"gold_gain":0,"player_choice":"Card Removal","damage_taken":0,"max_hp_gain":0,"max_hp_loss":0,"event_name":"The Cleric","floor":4,"gold_loss":0}],"is_beta":false,"boss_relics":[],"items_purged_floors":[12],"is_endless":false,"potions_floor_spawned":[9,14,15],"killed_by":"WA_ARCHETYPE_RETAIN","ascension_level":0}}