{"host":"ul3z8ex5o8l5j7mh","time":1612816891,"event":{"mods":["AchievementEnabler","BaseMod","Bestiary","Colored Map","Colored Powertips","DeckTracker","Keyboard Shortcuts","Minty Spire (QoL Compilation)","SuperFastMode"],"gold_per_floor":[118,134,179,30,43,43,78,92,92,92,16,49,49,77,77,181,181,201,42,57,76,0,0,25,25,103,136,136,136,153,168,168,273,273,283,8,18,30,30,30],"floor_reached":39,"language":"ENG","playtime":3117,"items_purged":["Parasite","Strike_G"],"score":483,"play_id":"cd8255d9-77cb-4b5e-81d5-df5efdb82264","local_time":"20210208214131","is_ascension_mode":true,"campfire_choices":[{"data":"Sucker Punch","floor":6.0,"key":"SMITH"},{"floor":10.0,"key":"REST"},{"data":"Die Die Die","floor":13.0,"key":"SMITH"},{"data":"Infinite Blades","floor":15.0,"key":"SMITH"},{"floor":23.0,"key":"REST"},{"floor":28.0,"key":"REST"},{"data":"Tools of the Trade","floor":32.0,"key":"SMITH"}],"circlet_count":0,"master_deck":["Strike_G","Strike_G+1","Strike_G","Strike_G","Defend_G","Defend_G+1","Defend_G","Defend_G","Defend_G","Survivor+1","Neutralize","Sucker Punch+1","Quick Slash","Underhanded Strike+1","Well Laid Plans","Underhanded Strike","Die Die Die+1","Infinite Blades+1","A Thousand Cuts","Backstab","Infinite Blades","Well Laid Plans","Tactician+1","Heel Hook","Tools of the Trade+1","Dagger Spray+1","Die Die Die","Distraction","Footwork","Outmaneuver+1","Reflex+1"],"relics":["Ring of the Serpent","Calipers","Anchor","Membership Card","Boot","Ninja Scroll","Eternal Feather","War Paint","Shuriken","Ginger","Kunai","Whetstone","SacredBark","Akabeko","Sling"],"acts_visited":["Exordium","TheCity","TheBeyond"],"potions_floor_usage":[39],"damage_taken":[{"damage":6.0,"enemies":"Cultist","floor":1.0,"turns":4.0},{"damage":4.0,"enemies":"2 Louse","floor":2.0,"turns":3.0},{"damage":1.0,"enemies":"Small Slimes","floor":5.0,"turns":3.0},{"damage":48.0,"enemies":"Lagavulin","floor":7.0,"turns":8.0},{"damage":0.0,"enemies":"Gremlin Gang","floor":8.0,"turns":6.0},{"damage":1.0,"enemies":"3 Sentries","floor":12.0,"turns":7.0},{"damage":3.0,"enemies":"Gremlin Nob","floor":14.0,"turns":3.0},{"damage":40.0,"enemies":"The Guardian","floor":16.0,"turns":17.0},{"damage":9.0,"enemies":"2 Thieves","floor":18.0,"turns":4.0},{"damage":0.0,"enemies":"3 Byrds","floor":20.0,"turns":4.0},{"damage":28.0,"enemies":"Shelled Parasite and Fungi","floor":21.0,"turns":4.0},{"damage":25.0,"enemies":"Slavers","floor":24.0,"turns":5.0},{"damage":9.0,"enemies":"Gremlin Leader","floor":27.0,"turns":7.0},{"damage":22.0,"enemies":"Sentry and Sphere","floor":30.0,"turns":4.0},{"damage":2.0,"enemies":"Cultist and Chosen","floor":31.0,"turns":3.0},{"damage":32.0,"enemies":"Collector","floor":33.0,"turns":6.0},{"damage":19.0,"enemies":"3 Shapes","floor":35.0,"turns":4.0},{"damage":24.0,"enemies":"3 Darklings","floor":37.0,"turns":3.0},{"damage":28,"enemies":"Maw","floor":38,"turns":8},{"damage":1,"enemies":"Sphere and 2 Shapes","floor":39,"turns":2}],"seed_played":"-6073660818342811983","potions_obtained":[{"floor":7.0,"key":"BlessingOfTheForge"},{"floor":8.0,"key":"Poison Potion"},{"floor":18.0,"key":"Fire Potion"},{"floor":21.0,"key":"FearPotion"},{"floor":24.0,"key":"CunningPotion"},{"floor":29.0,"key":"Fruit Juice"},{"floor":29.0,"key":"Regen Potion"},{"floor":29.0,"key":"GamblersBrew"},{"floor":31.0,"key":"PowerPotion"},{"floor":33.0,"key":"BlessingOfTheForge"},{"floor":35.0,"key":"Dexterity Potion"}],"is_trial":false,"path_per_floor":["M","M","T","$","M","R","E","M","T","R","$","E","R","E","R","B",null,"M","$","M","M","?","R","E","?","T","E","R","?","M","M","R","B",null,"M","$","M","M","M"],"character_chosen":"THE_SILENT","items_purchased":["Membership Card","Regen Potion","Shuriken","Infinite Blades","Akabeko","Sling","Distraction","Footwork","Poison Potion"],"campfire_rested":3,"item_purchase_floors":[4,11,19,19,36,36,36,36,36],"current_hp_per_floor":[64,60,60,60,59,59,11,11,11,32,32,46,55,52,61,21,67,58,58,58,30,30,62,37,37,37,28,63,68,50,48,63,31,72,53,53,29,1,0,0],"gold":30,"neow_bonus":"ONE_RARE_RELIC","is_daily":false,"chose_seed":false,"campfire_upgraded":4,"win_rate":0.0,"timestamp":1612816891,"path_taken":["M","M","?","$","M","R","E","M","T","R","$","E","R","E","R","BOSS","M","$","M","M","?","R","E","?","T","E","R","?","?","M","R","BOSS","M","$","M","M","M"],"items_purchased_type":["Relic","Potion","Relic","Card","Relic","Relic","Card","Card","Potion"],"build_version":"2020-12-22","purchased_purges":2,"victory":false,"max_hp_per_floor":[70,70,70,70,70,70,70,70,70,70,67,67,67,67,67,67,67,67,67,67,67,67,67,67,67,67,67,67,72,72,72,72,72,72,72,72,72,72,72,72],"card_choices":[{"not_picked":["Caltrops","Footwork"],"picked":"Sucker Punch","floor":1.0},{"not_picked":["Eviscerate","All Out Attack"],"picked":"Quick Slash","floor":2.0},{"not_picked":["Outmaneuver","Cloak And Dagger"],"picked":"Underhanded Strike","floor":5.0},{"not_picked":["Caltrops","Dagger Spray"],"picked":"Well Laid Plans","floor":7.0},{"not_picked":["Quick Slash","Crippling Poison"],"picked":"Underhanded Strike","floor":8.0},{"not_picked":["Deadly Poison","Dagger Spray"],"picked":"Die Die Die","floor":12.0},{"not_picked":["Endless Agony","Prepared"],"picked":"Infinite Blades","floor":14.0},{"not_picked":["Night Terror","Corpse Explosion"],"picked":"A Thousand Cuts","floor":16.0},{"not_picked":["Reflex","Deflect"],"picked":"Backstab","floor":18.0},{"not_picked":["Blade Dance","Sucker Punch"],"picked":"Well Laid Plans","floor":20.0},{"not_picked":["Flying Knee","Deflect"],"picked":"Tactician+1","floor":21.0},{"not_picked":["Noxious Fumes","Bane"],"picked":"Heel Hook","floor":24.0},{"not_picked":["Dagger Throw","After Image"],"picked":"Tools of the Trade","floor":27.0},{"not_picked":["Acrobatics","Riddle With Holes"],"picked":"Dagger Spray+1","floor":30.0},{"not_picked":["Prepared","Deflect","Acrobatics"],"picked":"SKIP","floor":31.0},{"not_picked":["Doppelganger","A Thousand Cuts"],"picked":"Die Die Die","floor":33.0},{"not_picked":["Cloak And Dagger","Sucker Punch+1","Predator"],"picked":"SKIP","floor":35.0},{"not_picked":["Quick Slash","Deadly Poison"],"picked":"Outmaneuver+1","floor":37.0},{"not_picked":["Quick Slash+1","Blade Dance"],"picked":"Reflex+1","floor":38}],"player_experience":334071,"relics_obtained":[{"floor":3.0,"key":"Anchor"},{"floor":7.0,"key":"Boot"},{"floor":9.0,"key":"Ninja Scroll"},{"floor":12.0,"key":"Eternal Feather"},{"floor":14.0,"key":"War Paint"},{"floor":24.0,"key":"Ginger"},{"floor":27.0,"key":"Whetstone"}],"event_choices":[{"damage_healed":0.0,"max_hp_gain":0.0,"max_hp_loss":0.0,"gold_gain":0.0,"event_name":"Masked Bandits","player_choice":"Paid Fearfully","floor":22.0,"gold_loss":76.0,"damage_taken":0.0},{"damage_healed":0.0,"max_hp_gain":0.0,"max_hp_loss":0.0,"gold_gain":0.0,"event_name":"The Mausoleum","player_choice":"Opened","floor":25.0,"gold_loss":0.0,"damage_taken":0.0,"relics_obtained":["Kunai"]},{"damage_healed":0.0,"max_hp_gain":0.0,"max_hp_loss":0.0,"gold_gain":0.0,"event_name":"Lab","player_choice":"Got Potions","floor":29.0,"gold_loss":0.0,"damage_taken":0.0}],"is_beta":false,"boss_relics":[{"not_picked":["Ectoplasm","Pandora\u0027s Box"],"picked":"Ring of the Serpent"},{"not_picked":["Velvet Choker","Snecko Eye"],"picked":"SacredBark"}],"items_purged_floors":[11,36],"is_endless":false,"potions_floor_spawned":[7,8,18,21,24,31,33,35],"killed_by":"Sphere and 2 Shapes","ascension_level":2}}