{"host":"suw5tyb7z6zbnnfs","time":1612796729,"event":{"mods":["AchievementEnabler","BaseMod","Colored Map","Minty Spire (QoL Compilation)"],"gold_per_floor":[111,111,111,36,56,56,83,83,83,95,195,195,212,237,237,333,333,346,55,36,56,155,180,180,200,200,200,200],"floor_reached":27,"language":"ENG","playtime":2281,"items_purged":["Regret","Strike_B"],"score":337,"play_id":"949615fc-96f7-4589-be26-d0f3b8f3d464","local_time":"20210208100529","is_ascension_mode":true,"campfire_choices":[{"data":"Zap","floor":6.0,"key":"SMITH"},{"data":"Glacier","floor":8.0,"key":"SMITH"},{"data":"Self Repair","floor":12.0,"key":"SMITH"},{"data":"Defragment","floor":15.0,"key":"SMITH"},{"data":"Buffer","floor":24,"key":"SMITH"}],"circlet_count":0,"master_deck":["Strike_B","Strike_B","Strike_B","Defend_B","Defend_B","Defend_B","Defend_B","Zap+1","Dualcast+1","Glacier+1","Core Surge","Self Repair+1","Defragment+1","Buffer+1","Chill","Loop","Shrug It Off+1","Jack Of All Trades"],"relics":["Cracked Core","Orichalcum","Strawberry","InkBottle","Darkstone Periapt","Sozu","PrismaticShard","Anchor","Frozen Egg 2"],"acts_visited":["TheCity"],"potions_floor_usage":[],"damage_taken":[{"damage":1.0,"enemies":"2 Louse","floor":1.0,"turns":2.0},{"damage":0.0,"enemies":"Small Slimes","floor":5.0,"turns":2.0},{"damage":21.0,"enemies":"3 Sentries","floor":7.0,"turns":10.0},{"damage":0.0,"enemies":"Cultist","floor":10.0,"turns":3.0},{"damage":1.0,"enemies":"2 Fungi Beasts","floor":13.0,"turns":4.0},{"damage":9.0,"enemies":"Lagavulin","floor":14.0,"turns":5.0},{"damage":6.0,"enemies":"The Guardian","floor":16.0,"turns":15.0},{"damage":6.0,"enemies":"Chosen","floor":18.0,"turns":7.0},{"damage":18.0,"enemies":"2 Thieves","floor":20.0,"turns":5.0},{"damage":12.0,"enemies":"Cultist and Chosen","floor":21.0,"turns":8.0},{"damage":34,"enemies":"Book of Stabbing","floor":23,"turns":10},{"damage":0,"enemies":"Snecko","floor":25,"turns":8},{"damage":72,"enemies":"Gremlin Leader","floor":27,"turns":12}],"seed_played":"234685772103296770","potions_obtained":[{"floor":1.0,"key":"Strength Potion"},{"floor":7.0,"key":"DuplicationPotion"},{"floor":10.0,"key":"Weak Potion"}],"is_trial":false,"path_per_floor":["M","?","?","$","M","R","E","R","T","M","?","R","M","E","R","B",null,"M","$","M","M","?","E","R","M","T","E"],"character_chosen":"DEFECT","items_purchased":["PrismaticShard","Loop"],"campfire_rested":0,"item_purchase_floors":[19,19],"current_hp_per_floor":[74,74,74,74,74,74,60,60,60,60,60,60,69,80,80,84,88,89,89,81,79,79,55,55,65,65,0,0],"gold":200,"neow_bonus":"TEN_PERCENT_HP_BONUS","is_daily":false,"chose_seed":false,"campfire_upgraded":5,"win_rate":0.0,"timestamp":1612796729,"path_taken":["M","?","?","$","M","R","E","R","T","M","?","R","M","E","R","BOSS","M","$","?","M","?","E","R","M","T","E"],"items_purchased_type":["Relic","Card"],"build_version":"2020-12-22","purchased_purges":2,"victory":false,"max_hp_per_floor":[82,82,82,82,82,82,89,89,89,89,89,89,89,89,89,89,89,89,89,89,89,89,89,89,89,89,89,89],"card_choices":[{"not_picked":["Force Field","Stack"],"picked":"Glacier","floor":1.0},{"not_picked":["Chaos","Steam","Barrage"],"picked":"SKIP","floor":5.0},{"not_picked":["Chaos","Steam","Barrage"],"picked":"SKIP","floor":5.0},{"not_picked":["Chaos","Steam","Barrage"],"picked":"SKIP","floor":5.0},{"not_picked":["Sweeping Beam","Electrodynamics"],"picked":"Core Surge","floor":7.0},{"not_picked":["Rebound","Gash"],"picked":"Self Repair","floor":10.0},{"not_picked":["Turbo","Redo"],"picked":"Defragment","floor":13.0},{"not_picked":["Rebound","Steam","Meteor Strike"],"picked":"SKIP","floor":14.0},{"not_picked":["All For One","Thunder Strike"],"picked":"Buffer","floor":16.0},{"not_picked":["Sunder","Rebound"],"picked":"Chill","floor":18.0},{"not_picked":["Prostrate","Pommel Strike","Prepared"],"picked":"SKIP","floor":20.0},{"not_picked":["Anger","JustLucky"],"picked":"Shrug It Off+1","floor":21.0},{"not_picked":["Scrape","Quick Slash","Protect"],"picked":"SKIP","floor":23},{"not_picked":["Sweeping Beam","JustLucky"],"picked":"Jack Of All Trades","floor":25}],"player_experience":862428,"relics_obtained":[{"floor":7.0,"key":"Strawberry"},{"floor":9.0,"key":"InkBottle"},{"floor":14.0,"key":"Darkstone Periapt"},{"floor":23,"key":"Anchor"},{"floor":26,"key":"Frozen Egg 2"}],"event_choices":[{"damage_healed":0.0,"max_hp_gain":0.0,"max_hp_loss":0.0,"gold_gain":0.0,"event_name":"Living Wall","player_choice":"Grow","floor":2.0,"gold_loss":0.0,"damage_taken":0.0,"cards_upgraded":["Dualcast"]},{"damage_healed":0.0,"max_hp_gain":0.0,"max_hp_loss":0.0,"gold_gain":0.0,"event_name":"Big Fish","player_choice":"Box","floor":3.0,"gold_loss":0.0,"damage_taken":0.0,"relics_obtained":["Orichalcum"],"cards_obtained":["Regret"]},{"damage_healed":0.0,"max_hp_gain":0.0,"max_hp_loss":0.0,"gold_gain":100.0,"event_name":"Golden Shrine","player_choice":"Pray","floor":11.0,"gold_loss":0.0,"damage_taken":0.0},{"damage_healed":0,"gold_gain":99,"player_choice":"Stole From Cult","damage_taken":0,"max_hp_gain":0,"max_hp_loss":0,"event_name":"Nest","floor":22,"gold_loss":0}],"is_beta":false,"boss_relics":[{"not_picked":["Ectoplasm","Tiny House"],"picked":"Sozu"}],"items_purged_floors":[4,19],"is_endless":false,"potions_floor_spawned":[1,7,10,25],"killed_by":"Gremlin Leader","ascension_level":8}}