{"host":"udml3bba5m6xpjx7","time":1612745467,"event":{"mods":["BaseMod","Better Match","Better Third Choice","Block Reminder","Downfall","Minty Spire (QoL Compilation)","Rare Cards Sparkle","Relic Stats","StSLib","Swap Starting Deck Mod"],"gold_per_floor":[99,117,117,136,121,132,155,168,201,221,233,233,63,88,103,198,198,98,112,123,133,118,118,118,118,118,118],"floor_reached":25,"language":"ENG","playtime":2662,"items_purged":[],"score":240,"play_id":"bbb4f957-3d10-4d93-bbfa-7b602cc0cba8","local_time":"20210207165107","is_ascension_mode":false,"campfire_choices":[{"data":"bronze:DelayedSlice","floor":1,"key":"SMITH"},{"floor":12,"key":"RECALL"},{"data":"bronze:Verify","floor":18,"key":"SMITH"}],"circlet_count":0,"master_deck":["bronze:Strike","bronze:Strike","bronze:Defend","bronze:Defend","bronze:Defend","bronze:Defend","bronze:Replicate","bronze:Goto","bronze:DelayedSlice+1","bronze:MaxOutput","bronze:ChosenStrike","bronze:Constructor","bronze:FineTuning","bronze:Separator","bronze:Terminator","bronze:HardenedForm","bronze:Verify+1","bronze:SpaghettiCode","bronze:FineTuning","bronze:Assembly"],"relics":["Smiling Mask","Blood Vial","HandDrill","bronze:SilverBullet","Snecko Eye","downfall:HeartBlessingRed","Nloth\u0027s Gift"],"acts_visited":["Exordium","TheCity"],"potions_floor_usage":[14,16,25,25],"damage_taken":[{"damage":1,"enemies":"Jaw Worm","floor":2,"turns":2},{"damage":0,"enemies":"Cultist","floor":4,"turns":2},{"damage":0,"enemies":"downfall:FleeingMerchant","floor":5,"turns":4},{"damage":1,"enemies":"2 Louse","floor":6,"turns":2},{"damage":5,"enemies":"Lots of Slimes","floor":8,"turns":2},{"damage":8,"enemies":"3 Sentries","floor":9,"turns":7},{"damage":3,"enemies":"Red Slaver","floor":10,"turns":2},{"damage":13,"enemies":"3 Louse","floor":11,"turns":3},{"damage":5,"enemies":"downfall:FleeingMerchant","floor":13,"turns":4},{"damage":0,"enemies":"Lagavulin","floor":14,"turns":4},{"damage":0,"enemies":"Large Slime","floor":15,"turns":2},{"damage":4,"enemies":"WA_ARCHETYPE_RETAIN","floor":16,"turns":5},{"damage":1,"enemies":"Shell Parasite","floor":19,"turns":2},{"damage":20,"enemies":"Centurion and Healer","floor":20,"turns":5},{"damage":8,"enemies":"Snecko","floor":21,"turns":4},{"damage":10,"enemies":"downfall:FleeingMerchant","floor":22,"turns":4},{"damage":37,"enemies":"Shelled Parasite and Fungi","floor":25,"turns":4}],"seed_played":"-4054105714510854154","potions_obtained":[{"floor":3,"key":"PowerPotion"},{"floor":3,"key":"Weak Potion"},{"floor":3,"key":"Ancient Potion"},{"floor":4,"key":"Fire Potion"},{"floor":10,"key":"SneckoOil"},{"floor":15,"key":"AttackPotion"},{"floor":16,"key":"CultistPotion"}],"is_trial":false,"path_per_floor":["R","M","?","M","$","M","T","M","E","M","M","R","$","E","M","B",null,"R","M","M","M","$","?","T","M"],"character_chosen":"THE_AUTOMATON","items_purchased":["HandDrill"],"campfire_rested":0,"item_purchase_floors":[13],"current_hp_per_floor":[63,62,62,62,62,61,61,56,48,47,36,36,33,35,37,35,63,63,62,43,37,29,29,29,0,0,0],"gold":118,"neow_bonus":"TRANSFORM_TWO_CARDS","is_daily":false,"chose_seed":false,"campfire_upgraded":2,"win_rate":0.0,"timestamp":1612745467,"path_taken":["R","M","?","?","$","M","T","M","E","M","M","R","?","E","M","BOSS","R","M","M","M","$","?","T","M"],"items_purchased_type":["Relic"],"build_version":"2020-12-22","purchased_purges":0,"victory":false,"max_hp_per_floor":[63,63,63,63,63,63,63,63,63,63,63,63,63,63,63,63,63,63,63,63,63,63,63,63,63,63,63],"relic_stats":{"Blood Vial":19,"counters":[17,58],"Snecko Eye":[30,35,39,30],"HandDrill":[16],"Nloth\u0027s Gift":0,"Smiling Mask":0,"obtain_stats":[{"Blood Vial":9,"bronze:BronzeCore":0,"downfall:HeartBlessingRed":18,"Snecko Eye":17,"HandDrill":13,"Nloth\u0027s Gift":23,"Smiling Mask":7,"bronze:SilverBullet":14},{"Blood Vial":6,"bronze:BronzeCore":0,"downfall:HeartBlessingRed":12,"Snecko Eye":12,"HandDrill":9,"Nloth\u0027s Gift":16,"Smiling Mask":4,"bronze:SilverBullet":10},{"Blood Vial":19,"bronze:BronzeCore":0,"downfall:HeartBlessingRed":39,"Snecko Eye":39,"HandDrill":28,"Nloth\u0027s Gift":54,"Smiling Mask":10,"bronze:SilverBullet":32}]},"card_choices":[{"not_picked":["bronze:WildBeam","bronze:Invalidate"],"picked":"bronze:ChosenStrike","floor":2},{"not_picked":["bronze:OilSpill","bronze:BuggyMess"],"picked":"bronze:Constructor","floor":4},{"not_picked":["bronze:BuggyMess","bronze:Optimize"],"picked":"bronze:FineTuning","floor":5},{"not_picked":["bronze:DigitalCarnage","bronze:Repair","bronze:CutThrough"],"picked":"SKIP","floor":6},{"not_picked":["bronze:ItsAFeature","bronze:Constructor"],"picked":"bronze:Separator","floor":8},{"not_picked":["bronze:Safeguard","bronze:BugBarrage"],"picked":"bronze:Terminator","floor":9},{"not_picked":["bronze:Overheat","bronze:Frontload"],"picked":"bronze:HardenedForm","floor":10},{"not_picked":["bronze:ClassDefault","bronze:WhirlingStrike","bronze:DelayedSlice"],"picked":"SKIP","floor":11},{"not_picked":["bronze:DigitalCarnage","bronze:Deprecate","bronze:WhirlingStrike"],"picked":"SKIP","floor":13},{"not_picked":["bronze:Backtrace","bronze:BronzeArmor"],"picked":"bronze:Verify","floor":14},{"not_picked":["bronze:Separator","bronze:Overheat","bronze:BronzeArmor"],"picked":"SKIP","floor":15},{"not_picked":["bronze:Virus","bronze:Break"],"picked":"bronze:SpaghettiCode","floor":16},{"not_picked":["bronze:Shield+1","bronze:Backtrace"],"picked":"bronze:FineTuning","floor":19},{"not_picked":["bronze:DelayedGuard","bronze:Branch","bronze:ForLoop"],"picked":"SKIP","floor":20},{"not_picked":["bronze:DelayedGuard","bronze:Turbo"],"picked":"bronze:Assembly","floor":21},{"not_picked":["bronze:BurnOut","bronze:ThunderWave","bronze:Branch"],"picked":"SKIP","floor":22}],"player_experience":166776,"relics_obtained":[{"floor":7,"key":"Smiling Mask"},{"floor":9,"key":"Blood Vial"},{"floor":14,"key":"bronze:SilverBullet"}],"event_choices":[{"damage_healed":0,"gold_gain":0,"player_choice":"Got Potions","damage_taken":0,"max_hp_gain":0,"max_hp_loss":0,"event_name":"Lab","floor":3,"gold_loss":0}],"is_beta":false,"boss_relics":[{"not_picked":["Black Star","Astrolabe"],"picked":"Snecko Eye"}],"items_purged_floors":[],"is_endless":false,"potions_floor_spawned":[4,9,10,11,15,16],"killed_by":"Shelled Parasite and Fungi","ascension_level":0}}