{"host":"684z1xpuwaoqmmh1","time":1612789381,"event":{"mods":["A Magickal Journey","BaseMod","Downfall","Hermit","Jorbs\u0027s Wanderer Trilogy","Marisa????????","Minty Spire (QoL Compilation)","Robot Space Explorer","Shade Mod","StSLib","The Bug Knight","The Dragon Tamer","The Elementalist","The Hayseed","The Hierophant","The Marked","The Mystic","The Runesmith","The Saiyan","The Senshi","The Spell Scribe","The Vixen","TheBandit","TheFirefly"],"gold_per_floor":[112,112,132,152,169,203,203,203,284,284,319,319,319,330,330,435,435,448,448,80,80,95,126,126,126,126],"floor_reached":25,"language":"ENG","playtime":2988,"items_purged":["theSenshi:SailorBlock"],"score":446,"play_id":"afed49db-117d-4656-9d78-53b88e8e7e3e","local_time":"20210208150301","is_ascension_mode":true,"campfire_choices":[{"floor":7,"key":"REST"},{"data":"theSenshi:KlutzyLuck","floor":10,"key":"SMITH"},{"data":"theSenshi:KlutzyLuck","floor":13,"key":"SMITH"},{"data":"theSenshi:GlimpseOfThePast","floor":15,"key":"SMITH"},{"floor":24,"key":"REST"}],"circlet_count":0,"master_deck":["AscendersBane","theSenshi:SailorKick","theSenshi:SailorKick","theSenshi:SailorBlock","theSenshi:SailorBlock","theSenshi:SailorBlock","theSenshi:RoseThrow","theSenshi:MoonPrismPowerMakeUp","theSenshi:TuxedoMaskAssists","theSenshi:YouCanTalk","theSenshi:KlutzyLuck+1","theSenshi:KlutzyLuck+1","theSenshi:GlimpseOfThePast+1","theSenshi:CrisisMakeUp+1","theSenshi:SailorMarsAssists","theSenshi:SailorSaturnAssists","theSenshi:RainbowMoonHeartAche","theSenshi:MoonHealingEscalation"],"relics":["theSenshi:TransformationBroochRelic","Regal Pillow","Pocketwatch","Nunchaku","Black Star","Incense Burner","Runesmith:AutoHammer","Guardian:GemstoneGun"],"acts_visited":["Exordium","TheCity"],"potions_floor_usage":[6,23,23],"damage_taken":[{"damage":8.0,"enemies":"2 Louse","floor":1.0,"turns":3.0},{"damage":1.0,"enemies":"Cultist","floor":3.0,"turns":4.0},{"damage":6.0,"enemies":"Small Slimes","floor":4.0,"turns":4.0},{"damage":9,"enemies":"Exordium Wildlife","floor":5,"turns":6},{"damage":26,"enemies":"3 Sentries","floor":6,"turns":15},{"damage":10,"enemies":"Lagavulin","floor":11,"turns":10},{"damage":8,"enemies":"3 Louse","floor":14,"turns":6},{"damage":0,"enemies":"The Guardian","floor":16,"turns":20},{"damage":24,"enemies":"Spheric Guardian","floor":18,"turns":8},{"damage":0,"enemies":"Chosen","floor":22,"turns":8},{"damage":82,"enemies":"Gremlin Leader","floor":23,"turns":12},{"damage":95,"enemies":"Book of Stabbing","floor":25,"turns":12}],"seed_played":"4785904612047027567","potions_obtained":[{"floor":1.0,"key":"sneckomod:MuddlingPotion"},{"floor":3.0,"key":"Fruit Juice"},{"floor":6,"key":"Weak Potion"},{"floor":16,"key":"Swift Potion"}],"is_trial":false,"path_per_floor":["M","?","M","M","M","E","R","?","T","R","E","?","R","M","R","B",null,"M","?","$","?","M","E","R","E"],"character_chosen":"THE_SENSHI","items_purchased":["Incense Burner"],"campfire_rested":2,"item_purchase_floors":[20],"current_hp_per_floor":[60,60,59,53,44,23,62,62,62,62,52,52,52,44,44,44,71,62,62,62,62,72,15,54,0,0],"gold":126,"neow_bonus":"RANDOM_COMMON_RELIC","is_daily":false,"chose_seed":false,"campfire_upgraded":3,"win_rate":0.0,"timestamp":1612789381,"path_taken":["M","?","M","M","?","E","R","?","T","R","E","?","R","M","R","BOSS","M","?","$","?","?","E","R","E"],"items_purchased_type":["Relic"],"build_version":"2020-12-22","purchased_purges":1,"victory":false,"max_hp_per_floor":[75,75,75,75,75,80,80,80,80,80,80,80,80,80,80,80,80,80,80,80,80,80,80,80,80,80],"card_choices":[{"not_picked":["theSenshi:OdangoHead","theSenshi:SailorStarMakerAssists"],"picked":"theSenshi:TuxedoMaskAssists","floor":1.0},{"not_picked":["theSenshi:MoonPrincessHalation","theSenshi:EncouragingSpeech"],"picked":"theSenshi:YouCanTalk","floor":3.0},{"not_picked":["theSenshi:MoonsReflection","theSenshi:MoonPower"],"picked":"theSenshi:KlutzyLuck","floor":4.0},{"not_picked":["theSenshi:TallSilhouette","theSenshi:Overload"],"picked":"theSenshi:KlutzyLuck","floor":5},{"not_picked":["theSenshi:TallSilhouette","theSenshi:OdangoHead"],"picked":"theSenshi:GlimpseOfThePast","floor":6},{"not_picked":["theSenshi:LateForSchool","theSenshi:YouCanTalk"],"picked":"theSenshi:CrisisMakeUp","floor":11},{"not_picked":["theSenshi:LunasBite","theSenshi:Sidestep"],"picked":"theSenshi:SailorMarsAssists","floor":14},{"not_picked":["theSenshi:JupitersPower","theSenshi:SailorCosmosAssists"],"picked":"theSenshi:SailorSaturnAssists","floor":16},{"not_picked":["theSenshi:MoonsReflection","theSenshi:SupersonicWaves","theSenshi:TuxedoSmokingBomber"],"picked":"SKIP","floor":18},{"not_picked":["theSenshi:EncouragingSpeech","theSenshi:Sidestep"],"picked":"theSenshi:RainbowMoonHeartAche","floor":22},{"not_picked":["theSenshi:SchoolBag","theSenshi:MoonPunch"],"picked":"theSenshi:MoonHealingEscalation","floor":23}],"player_experience":3196863,"relics_obtained":[{"floor":6,"key":"Pocketwatch"},{"floor":11,"key":"Nunchaku"},{"floor":23,"key":"Runesmith:AutoHammer"},{"floor":23,"key":"Guardian:GemstoneGun"}],"event_choices":[{"cards_removed":["theSenshi:SailorKick"],"damage_healed":0.0,"max_hp_gain":0.0,"max_hp_loss":0.0,"gold_gain":0.0,"event_name":"Purifier","player_choice":"Purged","floor":2.0,"gold_loss":0.0,"damage_taken":0.0},{"damage_healed":0,"gold_gain":0,"player_choice":"Grow","damage_taken":0,"max_hp_gain":0,"max_hp_loss":0,"event_name":"Living Wall","floor":12,"gold_loss":0,"cards_upgraded":["theSenshi:CrisisMakeUp"]},{"cards_removed":["theSenshi:SailorKick"],"damage_healed":0,"gold_gain":0,"player_choice":"Offered Basic","damage_taken":0,"max_hp_gain":0,"max_hp_loss":0,"event_name":"Bonfire Elementals","floor":21,"gold_loss":0}],"is_beta":false,"boss_relics":[{"not_picked":["Ectoplasm","Astrolabe"],"picked":"Black Star"}],"items_purged_floors":[20],"is_endless":false,"potions_floor_spawned":[1,3,6,14,16],"killed_by":"Book of Stabbing","ascension_level":12}}