{"host":"w8xisjf5mgmfjvmt","time":1612756765,"event":{"mods":["BaseMod","BetterRewards","Challenge The Spire","Conspire","Energized Spire","Filter the Spire","Minty Spire (QoL Compilation)","Quarter Circle Forward PUNCH!","Quick Restart","Relic Filter Mod","Relic Stats","Reliquary","Replay The Spire","Shop Mod","Spicy Shops","StSLib","Thieving Mod","¡¾ÒÅÎï¿¨ÅÆ¡¿REMEMod","óô»ðÖ¸ÄÏ"],"gold_per_floor":[113,124,94,114,21,52,52,165,165,165,165,165],"floor_reached":11,"language":"ZHS","playtime":293,"items_purged":["Strike_G"],"score":162,"play_id":"d5870cf2-f276-4a21-b4bb-90729acfeb5c","local_time":"20210208115925","is_ascension_mode":true,"campfire_choices":[{"data":"REME_Flogging","floor":7,"key":"SMITH"},{"floor":10,"key":"REST"}],"circlet_count":0,"master_deck":["AscendersBane","Strike_G+1","Strike_G+1","Strike_G+1","Strike_G+1","Defend_G","Defend_G","Defend_G","Defend_G","Survivor","Neutralize","REME_Flogging+1","Terror","Dodge and Roll","Acrobatics","Storm of Steel","REME_WheelOfFate","Choke","conspire:DoublingDagger"],"relics":["Ring of the Snake","REME_ComplimentaryCards","Replay:PocketPolymizer","Replay:Mystery Machine","Replay:Bottled Eggs","Golden Egg"],"acts_visited":["Exordium"],"potions_floor_usage":[8,11],"damage_taken":[{"damage":0.0,"enemies":"Jaw Worm","floor":1.0,"turns":4.0},{"damage":0.0,"enemies":"Cultist","floor":2.0,"turns":3.0},{"damage":0.0,"enemies":"Small Slimes","floor":4.0,"turns":3.0},{"damage":31.0,"enemies":"Gremlin Nob","floor":6.0,"turns":4.0},{"damage":7,"enemies":"Lagavulin","floor":8,"turns":4},{"damage":10,"enemies":"3 Sentries","floor":11,"turns":2}],"seed_played":"7280577848726088488","potions_obtained":[{"floor":3.0,"key":"SpeedPotion"},{"floor":3.0,"key":"Venom Potion"},{"floor":4.0,"key":"Strength Potion"},{"floor":6.0,"key":"DistilledChaos"}],"is_trial":false,"path_per_floor":["M","M","?","M","$","E","R","E","T","R","E"],"character_chosen":"THE_SILENT","items_purchased":["REME_BattleFury"],"campfire_rested":1,"item_purchase_floors":[5],"current_hp_per_floor":[44,44,44,44,44,13,13,6,6,25,15,15],"gold":165,"neow_bonus":"ONE_RARE_RELIC","is_daily":false,"chose_seed":false,"campfire_upgraded":1,"win_rate":0.0,"timestamp":1612756765,"path_taken":["M","M","?","M","$","E","R","E","T","R","E"],"items_purchased_type":["Card"],"build_version":"2020-12-22","purchased_purges":1,"victory":false,"max_hp_per_floor":[66,66,66,66,66,66,66,66,66,66,66,66],"relic_stats":{"counters":[6,20],"obtain_stats":[{"Golden Egg":9,"Replay:PocketPolymizer":0,"Replay:Mystery Machine":6,"Replay:Bottled Eggs":8,"Ring of the Snake":0,"REME_ComplimentaryCards":0},{"Golden Egg":5,"Replay:PocketPolymizer":0,"Replay:Mystery Machine":4,"Replay:Bottled Eggs":5,"Ring of the Snake":0,"REME_ComplimentaryCards":0},{"Golden Egg":18,"Replay:PocketPolymizer":0,"Replay:Mystery Machine":14,"Replay:Bottled Eggs":18,"Ring of the Snake":0,"REME_ComplimentaryCards":0}],"Ring of the Snake":[12]},"card_choices":[{"not_picked":["Poisoned Stab","Dagger Spray"],"picked":"Terror","floor":1.0},{"not_picked":["Bouncing Flask","REME_GreenPollution"],"picked":"Dodge and Roll","floor":2.0},{"not_picked":["Poisoned Stab","Eviscerate"],"picked":"Acrobatics","floor":4.0},{"not_picked":["Flying Knee","Poisoned Stab"],"picked":"Storm of Steel","floor":6.0},{"not_picked":["Choke","Quick Slash","Dodge and Roll"],"picked":"SKIP","floor":8},{"not_picked":["Quick Slash","Dodge and Roll"],"picked":"Choke","floor":8}],"player_experience":1308065,"relics_obtained":[{"floor":6.0,"key":"Replay:Mystery Machine"},{"floor":8,"key":"Replay:Bottled Eggs"},{"floor":9,"key":"Golden Egg"}],"event_choices":[{"damage_healed":0.0,"max_hp_gain":0.0,"max_hp_loss":0.0,"gold_gain":0.0,"event_name":"The Woman in Blue","player_choice":"Bought 2 Potions","floor":3.0,"gold_loss":0.0,"damage_taken":0.0}],"is_beta":false,"boss_relics":[],"items_purged_floors":[5],"is_endless":false,"potions_floor_spawned":[4,6],"killed_by":"3 Sentries","ascension_level":20}}