{"host":"bxn2em57qlx5u4i0","time":1612820737,"event":{"mods":["BaseMod","Colored Map","Colored Powertips","Highlight Path","Minty Spire (QoL Compilation)","Random Character Button","Relic Sorter","Relic Stats","StSLib","SuperFastMode"],"gold_per_floor":[117,117,40,55,69,101,101,135,161,178,178,178],"floor_reached":11,"language":"ENG","playtime":210,"items_purged":[],"score":166,"play_id":"a9ea1bcb-e00e-40aa-8f23-a64e9efc040e","local_time":"20210208164537","is_ascension_mode":true,"campfire_choices":[{"data":"Crippling Poison","floor":7,"key":"SMITH"}],"circlet_count":0,"master_deck":["AscendersBane","Strike_G","Strike_G","Strike_G","Strike_G","Strike_G","Defend_G","Defend_G","Defend_G","Defend_G","Survivor","Neutralize","Terror","Crippling Poison+1","Escape Plan","Flying Knee","Footwork","Dagger Spray","Bullet Time"],"relics":["Ring of the Snake","NeowsBlessing","Nunchaku","Tiny Chest","Happy Flower"],"acts_visited":["Exordium"],"potions_floor_usage":[6,8],"damage_taken":[{"damage":0,"enemies":"2 Louse","floor":1,"turns":1},{"damage":0,"enemies":"Cultist","floor":4,"turns":1},{"damage":0,"enemies":"Jaw Worm","floor":5,"turns":1},{"damage":7,"enemies":"Lagavulin","floor":6,"turns":6},{"damage":39,"enemies":"3 Sentries","floor":8,"turns":14},{"damage":11,"enemies":"Looter","floor":10,"turns":3},{"damage":25,"enemies":"Gremlin Nob","floor":11,"turns":3}],"seed_played":"2028680791924677847","potions_obtained":[{"floor":1,"key":"ColorlessPotion"},{"floor":6,"key":"Regen Potion"}],"is_trial":false,"path_per_floor":["M","?","$","M","M","E","R","E","T","M","E"],"character_chosen":"THE_SILENT","items_purchased":["Crippling Poison"],"campfire_rested":0,"item_purchase_floors":[3],"current_hp_per_floor":[59,59,59,59,59,52,52,28,28,17,0,0],"gold":178,"neow_bonus":"THREE_ENEMY_KILL","is_daily":false,"chose_seed":false,"campfire_upgraded":1,"win_rate":0.0,"timestamp":1612820737,"path_taken":["M","?","$","M","?","E","R","E","T","M","E"],"items_purchased_type":["Card"],"build_version":"2020-12-22","purchased_purges":0,"victory":false,"max_hp_per_floor":[66,66,66,66,66,66,66,66,66,66,66,66],"relic_stats":{"Nunchaku":[3],"Happy Flower":[2],"counters":[7,29],"Tiny Chest":0,"obtain_stats":[{"Nunchaku":6,"NeowsBlessing":0,"Happy Flower":9,"Tiny Chest":8,"Ring of the Snake":0},{"Nunchaku":4,"NeowsBlessing":0,"Happy Flower":5,"Tiny Chest":5,"Ring of the Snake":0},{"Nunchaku":9,"NeowsBlessing":0,"Happy Flower":23,"Tiny Chest":23,"Ring of the Snake":0}],"Ring of the Snake":[14]},"card_choices":[{"not_picked":["Acrobatics","Slice"],"picked":"Terror","floor":1},{"not_picked":["PiercingWail","Prepared"],"picked":"Escape Plan","floor":4},{"not_picked":["PiercingWail","Sucker Punch"],"picked":"Flying Knee","floor":5},{"not_picked":["Deflect","Poisoned Stab"],"picked":"Footwork","floor":6},{"not_picked":["Dagger Throw","Setup"],"picked":"Dagger Spray","floor":8},{"not_picked":["Catalyst","Outmaneuver"],"picked":"Bullet Time","floor":10}],"player_experience":3019739,"relics_obtained":[{"floor":6,"key":"Nunchaku"},{"floor":8,"key":"Tiny Chest"},{"floor":9,"key":"Happy Flower"}],"event_choices":[{"cards_removed":["Defend_G"],"damage_healed":0,"gold_gain":0,"player_choice":"Purged","damage_taken":0,"max_hp_gain":0,"max_hp_loss":0,"event_name":"Purifier","floor":2,"gold_loss":0}],"is_beta":false,"boss_relics":[],"items_purged_floors":[],"is_endless":false,"potions_floor_spawned":[1,6],"killed_by":"Gremlin Nob","ascension_level":20}}