{"host":"ttt10ghevkhyjkzb","time":1612814435,"event":{"mods":["2.2 Compatiblity","AchievementEnabler","BaseMod","Googly Eyes","Minty Spire (QoL Compilation)","StSLib","The IronCluck"],"gold_per_floor":[110,110,129,129,183,183,206,77,104,104,104,78,92,105,105,230,293,318,23,42,42,60,101,101,145,224,43,43,43,43,56,56,160,160,175,194,119,132,44,44,62,62,62,97,113,89,89,119,119,119,119],"floor_reached":50,"language":"ENG","playtime":2320,"items_purged":["Strike_B","Strike_B","Defend_B","Electrodynamics","Chaos"],"score":579,"play_id":"eb09c525-840d-42a7-a4e6-fafde9ba1966","local_time":"20210208210035","is_ascension_mode":true,"campfire_choices":[{"data":"Redo","floor":6,"key":"SMITH"},{"data":"Conserve Battery","floor":10,"key":"SMITH"},{"floor":15,"key":"REST"},{"data":"Defend_B","floor":24,"key":"PURGE"},{"floor":32,"key":"REST"},{"data":"Defragment","floor":40,"key":"SMITH"},{"data":"Static Discharge","floor":42,"key":"SMITH"},{"floor":49,"key":"REST"}],"circlet_count":0,"master_deck":["Zap","Dualcast","Redo+1","Cold Snap+1","Leap","Conserve Battery+1","Streamline","Echo Form","Beam Cell+1","Leap","Capacitor+1","Leap","Static Discharge","Conserve Battery+1","Defragment+1","Static Discharge+1","Turbo","Electrodynamics","White Noise+1","Redo+1","Leap+1","Gash","Force Field+1"],"relics":["Cracked Core","Akabeko","Bloody Idol","Art of War","MealTicket","Tiny House","Membership Card","DataDisk","Peace Pipe","Toy Ornithopter","White Beast Statue","ClockworkSouvenir","Pandora\u0027s Box","Orichalcum","Juzu Bracelet","Potion Belt"],"acts_visited":["Exordium","TheCity","TheBeyond"],"potions_floor_usage":[25,25,33,33,50,50],"damage_taken":[{"damage":0,"enemies":"2 Louse","floor":1,"turns":1},{"damage":6,"enemies":"Jaw Worm","floor":3,"turns":3},{"damage":0,"enemies":"Small Slimes","floor":7,"turns":3},{"damage":0,"enemies":"2 Fungi Beasts","floor":13,"turns":3},{"damage":0,"enemies":"Large Slime","floor":14,"turns":5},{"damage":22,"enemies":"Hexaghost","floor":16,"turns":11},{"damage":15,"enemies":"Shell Parasite","floor":18,"turns":4},{"damage":7,"enemies":"3 Byrds","floor":20,"turns":5},{"damage":3,"enemies":"Snake Plant","floor":22,"turns":4},{"damage":21,"enemies":"Gremlin Leader","floor":23,"turns":8},{"damage":10,"enemies":"Book of Stabbing","floor":25,"turns":5},{"damage":12,"enemies":"Centurion and Healer","floor":31,"turns":4},{"damage":40,"enemies":"Collector","floor":33,"turns":13},{"damage":25,"enemies":"3 Darklings","floor":35,"turns":3},{"damage":9,"enemies":"3 Shapes","floor":36,"turns":3},{"damage":10,"enemies":"Jaw Worm Horde","floor":38,"turns":4},{"damage":6,"enemies":"Transient","floor":41,"turns":5},{"damage":41,"enemies":"Reptomancer","floor":44,"turns":6},{"damage":15,"enemies":"Sphere and 2 Shapes","floor":45,"turns":3},{"damage":32,"enemies":"Nemesis","floor":48,"turns":7},{"damage":102,"enemies":"Awakened One","floor":50,"turns":9}],"seed_played":"8787825787211749675","potions_obtained":[{"floor":1,"key":"EssenceOfSteel"},{"floor":3,"key":"PowerPotion"},{"floor":14,"key":"Swift Potion"},{"floor":17,"key":"FairyPotion"},{"floor":25,"key":"Weak Potion"},{"floor":31,"key":"SkillPotion"},{"floor":33,"key":"BlessingOfTheForge"},{"floor":35,"key":"AttackPotion"},{"floor":38,"key":"ColorlessPotion"},{"floor":41,"key":"EssenceOfDarkness"},{"floor":48,"key":"LiquidBronze"}],"is_trial":false,"path_per_floor":["M","?","M","?","T","R","M","$","T","R","?","?","M","M","R","B",null,"M","$","M","?","M","E","R","E","T","$","?","?","?","M","R","B",null,"M","M","$","M","$","R","M","R","T","E","M","$","?","E","R","B"],"character_chosen":"DEFECT","items_purchased":["Conserve Battery","Membership Card","DataDisk","Leap","Defragment","ClockworkSouvenir","Gash"],"campfire_rested":3,"item_purchase_floors":[8,19,19,19,27,27,46],"current_hp_per_floor":[75,57,51,36,36,36,36,36,36,36,29,29,29,29,51,29,80,65,80,73,73,70,49,49,39,39,54,54,54,54,47,71,46,80,60,56,71,66,80,80,79,79,79,43,33,48,48,21,45,0,0],"gold":119,"neow_bonus":"RANDOM_COMMON_RELIC","is_daily":false,"chose_seed":false,"campfire_upgraded":4,"win_rate":0.0,"timestamp":1612814435,"path_taken":["M","?","M","?","?","R","M","$","T","R","?","?","M","M","R","BOSS","M","$","M","?","M","E","R","E","T","$","?","?","?","M","R","BOSS","M","M","$","M","$","R","M","R","T","E","M","$","?","E","R","BOSS"],"items_purchased_type":["Card","Relic","Relic","Card","Card","Relic","Card"],"build_version":"2020-12-22","purchased_purges":5,"victory":false,"max_hp_per_floor":[75,75,75,75,75,75,75,75,75,75,75,75,75,75,75,75,80,80,80,80,80,80,80,80,80,80,80,80,80,80,80,80,80,80,80,80,80,80,80,80,80,80,80,80,80,80,80,80,80,80,80],"card_choices":[{"not_picked":["Tempest","Coolheaded"],"picked":"Redo","floor":1},{"not_picked":["Stack","Barrage"],"picked":"Cold Snap","floor":3},{"not_picked":["Rebound","Go for the Eyes"],"picked":"Leap","floor":7},{"not_picked":["Skim","Undo"],"picked":"Streamline","floor":13},{"not_picked":["Double Energy","Hologram"],"picked":"Sunder","floor":14},{"not_picked":["Hyperbeam","Amplify"],"picked":"Echo Form","floor":16},{"not_picked":["Streamline","Consume+1"],"picked":"Beam Cell+1","floor":18},{"not_picked":["Barrage+1","Cold Snap"],"picked":"Capacitor+1","floor":20},{"not_picked":["Stack","Turbo"],"picked":"Leap","floor":22},{"not_picked":["Stack","Seek"],"picked":"Static Discharge","floor":23},{"not_picked":["Coolheaded","Hologram"],"picked":"Conserve Battery+1","floor":25},{"not_picked":["Coolheaded","Rebound"],"picked":"Chaos","floor":31},{"not_picked":["Machine Learning","Fission"],"picked":"Electrodynamics","floor":33},{"not_picked":["Ball Lightning","Beam Cell+1"],"picked":"White Noise+1","floor":35},{"not_picked":["Rip and Tear","Darkness","Tempest"],"picked":"SKIP","floor":36},{"not_picked":["Skim","Cold Snap","Conserve Battery"],"picked":"SKIP","floor":38},{"not_picked":["Hello World+1","Go for the Eyes+1"],"picked":"Redo+1","floor":41},{"not_picked":["Reprogram+1","Tempest","Sweeping Beam+1"],"picked":"SKIP","floor":44},{"not_picked":["Beam Cell","Darkness"],"picked":"Leap+1","floor":45},{"not_picked":["Tempest+1","Sweeping Beam"],"picked":"Force Field+1","floor":48}],"player_experience":132147,"relics_obtained":[{"floor":5,"key":"Art of War"},{"floor":9,"key":"MealTicket"},{"floor":23,"key":"Peace Pipe"},{"floor":25,"key":"Toy Ornithopter"},{"floor":26,"key":"White Beast Statue"},{"floor":43,"key":"Orichalcum"},{"floor":44,"key":"Juzu Bracelet"},{"floor":48,"key":"Potion Belt"}],"event_choices":[{"damage_healed":0,"gold_gain":0,"player_choice":"Take Damage","damage_taken":18,"relics_obtained":["Golden Idol"],"max_hp_gain":0,"max_hp_loss":0,"event_name":"Golden Idol","floor":2,"gold_loss":0},{"damage_healed":0,"gold_gain":0,"player_choice":"Entered Light","damage_taken":15,"max_hp_gain":0,"max_hp_loss":0,"event_name":"Shining Light","floor":4,"gold_loss":0,"cards_upgraded":["Cold Snap","Strike_B"]},{"cards_removed":["Strike_B"],"damage_healed":0,"gold_gain":0,"player_choice":"Card Removal","damage_taken":7,"max_hp_gain":0,"max_hp_loss":0,"event_name":"Golden Wing","floor":11,"gold_loss":0},{"damage_healed":0,"gold_gain":0,"player_choice":"Left Gold","damage_taken":0,"max_hp_gain":0,"max_hp_loss":0,"event_name":"World of Goop","floor":12,"gold_loss":26},{"damage_healed":0,"gold_gain":0,"player_choice":"Gave Idol","damage_taken":0,"relics_obtained":["Bloody Idol"],"max_hp_gain":0,"max_hp_loss":0,"event_name":"Forgotten Altar","floor":28,"relics_lost":["Golden Idol"],"gold_loss":0},{"cards_removed":["Defend_B"],"damage_healed":0,"gold_gain":0,"player_choice":"Elegance","damage_taken":0,"max_hp_gain":0,"max_hp_loss":0,"event_name":"Back to Basics","floor":29,"gold_loss":0},{"damage_healed":0,"gold_gain":0,"player_choice":"1 cards matched","damage_taken":0,"max_hp_gain":0,"max_hp_loss":0,"event_name":"Match and Keep!","floor":30,"gold_loss":0,"cards_obtained":["Static Discharge"]},{"cards_removed":["Sunder"],"damage_healed":0,"gold_gain":0,"player_choice":"Purged","damage_taken":0,"max_hp_gain":0,"max_hp_loss":0,"event_name":"Purifier","floor":47,"gold_loss":0}],"is_beta":false,"boss_relics":[{"not_picked":["Empty Cage","SacredBark"],"picked":"Tiny House"},{"not_picked":["Runic Dome","Coffee Dripper"],"picked":"Pandora\u0027s Box"}],"items_purged_floors":[8,19,27,37,39],"is_endless":false,"potions_floor_spawned":[1,3,14,18,23,25,31,33,35,36,38,41,44,45,48],"killed_by":"Awakened One","ascension_level":1}}