{"host":"mai03x2ekbjy4059","time":1612828020,"event":{"mods":["2.2 Compatiblity","BaseMod","Colored Map","DeckTracker","Keyboard Shortcuts","Minty Spire (QoL Compilation)","Permanent Neow","Quick Restart","SuperFastMode","everything is the same but u backflip on backflip"],"gold_per_floor":[119,66,66,16,16,51,51,67,67,67,77,91,91,123,123,228,228,238,255,143,143,58,91,91,126,126,146,179,51,84,99,99,197,197,217,237,237,248,265,300,326,326,349,364,0,29,29,57,57,57,57,57,7,35,35],"floor_reached":56,"language":"KOR","playtime":2197,"items_purged":["Strike_G","Strike_G","Burst+1"],"score":1771,"play_id":"f6869d52-3ae0-4cc0-8478-aacf4adc5539","local_time":"20210209084700","is_ascension_mode":true,"campfire_choices":[{"data":"Acrobatics","floor":7.0,"key":"SMITH"},{"data":"Concentrate","floor":13.0,"key":"SMITH"},{"data":"Tactician","floor":15.0,"key":"SMITH"},{"data":"Reflex","floor":32.0,"key":"SMITH"},{"floor":49.0,"key":"RECALL"},{"data":"Panache","floor":52,"key":"SMITH"}],"circlet_count":0,"master_deck":["Survivor","Neutralize","Eviscerate+1","Acrobatics+1","Reflex","Escape Plan","Concentrate+1","Tactician+1","Slice+1","All Out Attack+1","Reflex+1","Terror+1","Tactician+1","Escape Plan+1","Backstab+1","Outmaneuver+1","Setup+1","Reflex+1","Crippling Poison+1","Underhanded Strike+1","Acrobatics+1","Escape Plan+1","Panache+1","Finesse+1","Bandage Up+1","Blur+1","Dodge and Roll+1"],"relics":["Ring of the Snake","Tingsha","Pocketwatch","Molten Egg 2","WristBlade","Toxic Egg 2","Vajra","Snake Skull","Smiling Mask","StoneCalendar","WingedGreaves","Calipers","Pandora\u0027s Box","Gambling Chip","HornCleat","PreservedInsect","Red Mask","White Beast Statue","Dream Catcher","Unceasing Top"],"acts_visited":["Exordium","TheCity","TheBeyond","TheEnding"],"potions_floor_usage":[55,55,55],"damage_taken":[{"damage":0.0,"enemies":"Small Slimes","floor":1.0,"turns":5.0},{"damage":20.0,"enemies":"3 Sentries","floor":6.0,"turns":5.0},{"damage":0.0,"enemies":"2 Louse","floor":8.0,"turns":2.0},{"damage":0.0,"enemies":"Jaw Worm","floor":11.0,"turns":2.0},{"damage":0.0,"enemies":"Blue Slaver","floor":12.0,"turns":3.0},{"damage":0.0,"enemies":"Gremlin Nob","floor":14.0,"turns":2.0},{"damage":0.0,"enemies":"Hexaghost","floor":16.0,"turns":8.0},{"damage":7.0,"enemies":"2 Thieves","floor":18.0,"turns":3.0},{"damage":0.0,"enemies":"Shell Parasite","floor":19.0,"turns":2.0},{"damage":0.0,"enemies":"Gremlin Leader","floor":23.0,"turns":2.0},{"damage":2.0,"enemies":"Book of Stabbing","floor":25.0,"turns":3.0},{"damage":0.0,"enemies":"Snake Plant","floor":27.0,"turns":1.0},{"damage":0.0,"enemies":"Gremlin Leader","floor":28.0,"turns":3.0},{"damage":0.0,"enemies":"Book of Stabbing","floor":30.0,"turns":3.0},{"damage":0.0,"enemies":"Centurion and Healer","floor":31.0,"turns":4.0},{"damage":38.0,"enemies":"Automaton","floor":33.0,"turns":6.0},{"damage":11.0,"enemies":"Orb Walker","floor":35.0,"turns":2.0},{"damage":0.0,"enemies":"3 Shapes","floor":36.0,"turns":1.0},{"damage":18.0,"enemies":"Writhing Mass","floor":38.0,"turns":3.0},{"damage":0.0,"enemies":"4 Shapes","floor":39.0,"turns":3.0},{"damage":6.0,"enemies":"Reptomancer","floor":40.0,"turns":2.0},{"damage":8.0,"enemies":"Nemesis","floor":41.0,"turns":5.0},{"damage":0.0,"enemies":"Transient","floor":44.0,"turns":3.0},{"damage":0.0,"enemies":"Giant Head","floor":46.0,"turns":4.0},{"damage":0.0,"enemies":"Nemesis","floor":48.0,"turns":3.0},{"damage":0,"enemies":"Time Eater","floor":50,"turns":7},{"damage":7,"enemies":"Shield and Spear","floor":54,"turns":3},{"damage":0,"enemies":"The Heart","floor":55,"turns":7}],"seed_played":"-2683769190561017319","potions_obtained":[{"floor":1.0,"key":"Explosive Potion"},{"floor":11.0,"key":"Ancient Potion"},{"floor":14.0,"key":"Dexterity Potion"},{"floor":16.0,"key":"Dexterity Potion"},{"floor":39.0,"key":"Fruit Juice"},{"floor":41.0,"key":"BlessingOfTheForge"},{"floor":46.0,"key":"Energy Potion"}],"is_trial":false,"path_per_floor":["M","$","?","?","?","E","R","M","T","$","M","M","R","E","R","B",null,"M","M","$","?","?","E","?","E","T","M","E","$","E","M","R","B",null,"M","M","?","M","M","E","E","?","T","M","?","E","?","E","R","B",null,"R","$","E","B",null],"character_chosen":"THE_SILENT","items_purchased":["Acrobatics","Reflex","Tactician+1"],"campfire_rested":0,"item_purchase_floors":[2,20,29],"current_hp_per_floor":[49,49,49,49,42,22,22,22,22,22,22,22,22,22,22,22,70,63,63,63,63,63,63,63,61,61,61,61,61,61,61,61,23,70,59,59,59,41,46,40,32,22,22,28,28,34,34,40,40,46,75,75,75,68,74],"gold":35,"neow_bonus":"ONE_RARE_RELIC","is_daily":false,"chose_seed":false,"campfire_upgraded":5,"win_rate":0.0,"timestamp":1612828020,"path_taken":["M","$","?","?","?","E","R","M","T","?","M","?","R","E","R","BOSS","M","M","$","?","?","E","?","E","T","M","E","$","E","?","R","BOSS","M","M","?","?","M","E","E","?","T","M","?","E","?","E","R","BOSS","R","$","E","BOSS"],"items_purchased_type":["Card","Card","Card"],"build_version":"2020-12-22","purchased_purges":3,"victory":true,"max_hp_per_floor":[70,70,70,70,70,70,70,70,70,70,70,70,70,70,70,70,70,70,70,70,70,70,70,70,70,70,70,70,70,70,70,70,70,70,70,70,70,70,75,75,75,75,75,75,75,75,75,75,75,75,75,75,75,75,75],"card_choices":[{"not_picked":["Infinite Blades","Underhanded Strike"],"picked":"Eviscerate","floor":1.0},{"not_picked":["Poisoned Stab","Deadly Poison"],"picked":"Reflex","floor":6.0},{"not_picked":["Deflect","Outmaneuver"],"picked":"Escape Plan","floor":8.0},{"not_picked":["Cloak And Dagger","Noxious Fumes","PiercingWail"],"picked":"SKIP","floor":11.0},{"not_picked":["Predator","Deflect"],"picked":"Concentrate","floor":12.0},{"not_picked":["Predator+1","Acrobatics"],"picked":"Tactician","floor":14.0},{"not_picked":["Setup","Dagger Spray+1"],"picked":"Slice+1","floor":18.0},{"not_picked":["Backflip","Deflect"],"picked":"All Out Attack+1","floor":19.0},{"not_picked":["Quick Slash+1","Catalyst+1","Blade Dance+1"],"picked":"SKIP","floor":23.0},{"not_picked":["Setup+1","Bouncing Flask+1","Envenom"],"picked":"SKIP","floor":25.0},{"not_picked":["Distraction+1","Deadly Poison+1"],"picked":"Terror+1","floor":27.0},{"not_picked":["Accuracy","Dagger Spray+1","Bane+1"],"picked":"SKIP","floor":28.0},{"not_picked":["Bouncing Flask+1","Cloak And Dagger+1"],"picked":"Escape Plan+1","floor":30.0},{"not_picked":["Dagger Spray+1","Terror+1","Cloak And Dagger+1"],"picked":"SKIP","floor":31.0},{"not_picked":["Corpse Explosion+1","Die Die Die+1"],"picked":"A Thousand Cuts","floor":33.0},{"not_picked":["Accuracy+1","Cloak And Dagger+1"],"picked":"Crippling Poison+1","floor":35.0},{"not_picked":["Dash+1","Skewer+1","Cloak And Dagger+1"],"picked":"SKIP","floor":36.0},{"not_picked":["Predator+1","Backflip+1"],"picked":"Underhanded Strike+1","floor":38.0},{"not_picked":["Flying Knee+1","Sucker Punch+1","Heel Hook+1"],"picked":"SKIP","floor":39.0},{"not_picked":["Crippling Poison+1","Riddle With Holes+1"],"picked":"Acrobatics+1","floor":40.0},{"not_picked":["Quick Slash+1","Caltrops+1"],"picked":"Escape Plan+1","floor":41.0},{"not_picked":["Finesse+1","Impatience+1"],"picked":"Panache","floor":42.0},{"not_picked":["Purity+1","Jack Of All Trades+1"],"picked":"Finesse+1","floor":42.0},{"not_picked":["Deep Breath+1","Dark Shackles+1"],"picked":"Bandage Up+1","floor":42.0},{"not_picked":["Blade Dance+1","Skewer+1","Well Laid Plans+1"],"picked":"SKIP","floor":44.0},{"not_picked":["Distraction+1","Slice+1","Terror+1"],"picked":"SKIP","floor":46.0},{"not_picked":["Corpse Explosion+1","Predator+1"],"picked":"Blur+1","floor":48.0},{"not_picked":["Well Laid Plans","Crippling Poison+1"],"picked":"Dodge and Roll+1","floor":54}],"player_experience":1176300,"relics_obtained":[{"floor":6.0,"key":"Pocketwatch"},{"floor":14.0,"key":"Molten Egg 2"},{"floor":23.0,"key":"Snake Skull"},{"floor":25.0,"key":"Smiling Mask"},{"floor":26.0,"key":"StoneCalendar"},{"floor":28.0,"key":"WingedGreaves"},{"floor":30.0,"key":"Calipers"},{"floor":40.0,"key":"Gambling Chip"},{"floor":41.0,"key":"HornCleat"},{"floor":43.0,"key":"PreservedInsect"},{"floor":46.0,"key":"White Beast Statue"},{"floor":48.0,"key":"Dream Catcher"},{"floor":54,"key":"Unceasing Top"}],"event_choices":[{"damage_healed":0.0,"max_hp_gain":0.0,"max_hp_loss":0.0,"gold_gain":0.0,"event_name":"Living Wall","player_choice":"Grow","floor":3.0,"gold_loss":0.0,"damage_taken":0.0,"cards_upgraded":["Eviscerate"]},{"cards_removed":["Defend_G"],"damage_healed":0.0,"max_hp_gain":0.0,"max_hp_loss":0.0,"gold_gain":0.0,"event_name":"The Cleric","player_choice":"Card Removal","floor":4.0,"gold_loss":50.0,"damage_taken":0.0},{"cards_removed":["Strike_G"],"damage_healed":0.0,"max_hp_gain":0.0,"max_hp_loss":0.0,"gold_gain":0.0,"event_name":"Golden Wing","player_choice":"Card Removal","floor":5.0,"gold_loss":0.0,"damage_taken":7.0},{"damage_healed":0.0,"max_hp_gain":0.0,"max_hp_loss":0.0,"gold_gain":0.0,"event_name":"The Mausoleum","player_choice":"Opened","floor":21.0,"gold_loss":0.0,"damage_taken":0.0,"relics_obtained":["Toxic Egg 2"]},{"damage_healed":0.0,"max_hp_gain":0.0,"max_hp_loss":0.0,"gold_gain":0.0,"event_name":"Addict","player_choice":"Obtained Relic","floor":22.0,"gold_loss":85.0,"damage_taken":0.0,"relics_obtained":["Vajra"]},{"cards_removed":["Strike_G"],"damage_healed":0.0,"max_hp_gain":0.0,"max_hp_loss":0.0,"gold_gain":0.0,"event_name":"Bonfire Elementals","player_choice":"Offered Basic","floor":24.0,"gold_loss":0.0,"damage_taken":0.0},{"damage_healed":0.0,"max_hp_gain":0.0,"max_hp_loss":0.0,"gold_gain":0.0,"event_name":"The Woman in Blue","player_choice":"Bought 0 Potions","floor":37.0,"gold_loss":0.0,"damage_taken":0.0},{"damage_healed":0.0,"max_hp_gain":0.0,"max_hp_loss":0.0,"gold_gain":0.0,"event_name":"SensoryStone","player_choice":"Memory 3","floor":42.0,"gold_loss":0.0,"damage_taken":10.0},{"damage_healed":0.0,"max_hp_gain":0.0,"max_hp_loss":0.0,"gold_gain":0.0,"event_name":"Tomb of Lord Red Mask","player_choice":"Paid","floor":45.0,"gold_loss":364.0,"damage_taken":0.0,"relics_obtained":["Red Mask"]},{"cards_removed":["A Thousand Cuts"],"damage_healed":0.0,"max_hp_gain":0.0,"max_hp_loss":0.0,"gold_gain":0.0,"event_name":"Falling","player_choice":"Removed Power","floor":47.0,"gold_loss":0.0,"damage_taken":0.0}],"is_beta":false,"boss_relics":[{"not_picked":["Ring of the Serpent","Busted Crown"],"picked":"WristBlade"},{"not_picked":["Philosopher\u0027s Stone","Cursed Key"],"picked":"Pandora\u0027s Box"}],"items_purged_floors":[20,29,53],"is_endless":false,"potions_floor_spawned":[1,11,14,16,18,19,28,33,35,39,41,46,48,54],"ascension_level":1}}