{"host":"o3b7ow6d1xe49css","time":1612777501,"event":{"mods":["Act Like it!","Aspiration","BaseMod","Bestiary","Better Altar","Better Match","Better Note","Better Sensory Stone","Better Skull","Better Third Choice","Colored Powertips","Conspire","Energized Spire","Force Act Four","GifTheSpireLib","Halation","Hermit","Hubris","Infinite Spire","Lobotomy","Minty Spire (QoL Compilation)","Quick Restart","Rare Cards Sparkle","Relic Filter Mod","Reliquary","Replay The Spire","Spicy Shops","Spikes Relics","Spire Arcade","StSLib","Stuff the Spire","The Blue Laboratory","Wandering Minibosses"],"gold_per_floor":[116,133,133,147,197,197,229,254,254,3,34,34,34,50,50,154,154,189,201,201,201,201,201,232,246,246,278,278,0,0,0,0,105,105,119,135,135,135,135,170,170,232,244,256,295,307,319,271,271,450,450,450,7,39,139],"floor_reached":56,"language":"ENG","playtime":2296,"items_purged":["hermit:Strike_Hermit","hermit:Strike_Hermit","Scorched","hermit:Strike_Hermit","hermit:DeadOrAlive"],"score":1681,"play_id":"600b33fc-3f2f-472e-84ba-59ecb257e1e4","local_time":"20210208004501","daily_mods":["Heirloom","Flight"],"is_ascension_mode":true,"campfire_choices":[{"data":"hermit:WideOpen","floor":6,"key":"SMITH"},{"data":"hermit:Snapshot","floor":6,"key":"SMITH"},{"floor":13,"key":"REST"},{"data":"StuffTheSpire:BrainWave","floor":15,"key":"SMITH"},{"data":"BlessedFruit","floor":15,"key":"SMITH"},{"data":"hermit:TakeAim","floor":23,"key":"SMITH"},{"data":"BlessedFruit","floor":23,"key":"SMITH"},{"floor":28,"key":"REST"},{"floor":30,"key":"RECALL"},{"floor":32,"key":"REST"},{"data":"Pot Of Greed","floor":41,"key":"SMITH"},{"data":"hermit:Brawl","floor":41,"key":"SMITH"},{"data":"infinitespire:Menacing","floor":44,"key":"SMITH"},{"data":"hermit:Adapt","floor":44,"key":"SMITH"},{"data":"hermit:WideOpen","floor":47,"key":"SMITH"},{"data":"hermit:Snipe","floor":47,"key":"SMITH"},{"data":"hermit:Ricochet","floor":52,"key":"SMITH"},{"data":"hermit:Headshot","floor":52,"key":"SMITH"}],"circlet_count":0,"master_deck":["hermit:Strike_Hermit","hermit:Defend_Hermit","hermit:Defend_Hermit","hermit:Defend_Hermit","hermit:Defend_Hermit","hermit:Snapshot+1","hermit:Covet","hermit:WideOpen+1","hermit:TakeAim+1","hermit:Snipe+1","hermit:GoldenBullet","BlessedFruit+1","BlessedFruit+1","hermit:Headshot+1","StuffTheSpire:BrainWave+1","hermit:Horror","infinitespire:Menacing+1","hermit:BlackWind","hermit:WideOpen+1","hermit:Brawl+1","hermit:Vantage+1","StuffTheSpire:BrainWave+1","hermit:HeroicBravado+1","hermit:Ricochet+1","Pot Of Greed+1","Pot Of Greed+1","Pot Of Greed+1","hermit:Adapt+1","hermit:Brawl","hermit:Dive","hermit:Roughhouse"],"relics":["hermit:ClaspedLocket","Ring of Chaos","halation:PenCase","CogitoBucket","aspiration:HatOfInfinitePower","ReplayTheSpireMod:TigerMarble","Mirror","Shuriken","HeavenlyBonsai","infinitespire:EmpoweringShard","reliquary:PartyBalloon","hubris:Towel","conspire:TopHat","Torii","Blood Vial","AspirationHeart","Vajra","Lizard Tail","PreservedInsect","Black Star","wanderingMiniBosses:Blackblade","Grinning Jar","The Courier","StuffTheSpire:DarkSteelAnvil","MawBank","reliquary:WeakTea","SkinProphecy","Membership Card","hubris:EmptyBottle","Bag of Preparation","RollingBoulder","SpikesRelics:DaevaFist","reliquary:Stiletto"],"acts_visited":["Exordium","TheCity","TheBeyond","Exordium","TheEnding"],"potions_floor_usage":[7,8,55,55,55,55,55],"damage_taken":[{"damage":1.0,"enemies":"Cultist","floor":1.0,"turns":3.0},{"damage":0.0,"enemies":"2 Louse","floor":2.0,"turns":1.0},{"damage":0,"enemies":"Small Slimes","floor":4,"turns":1},{"damage":0,"enemies":"Gremlin Nob","floor":7,"turns":2},{"damage":0,"enemies":"3 Sentries","floor":8,"turns":2},{"damage":35,"enemies":"Lagavulin","floor":11,"turns":6},{"damage":0,"enemies":"Exordium Wildlife","floor":14,"turns":1},{"damage":12,"enemies":"Fading Forest","floor":16,"turns":11},{"damage":11,"enemies":"2 Thieves","floor":18,"turns":3},{"damage":0,"enemies":"Chosen","floor":19,"turns":3},{"damage":62,"enemies":"Nightmare","floor":24,"turns":6},{"damage":2,"enemies":"Snecko","floor":25,"turns":4},{"damage":9,"enemies":"Slavers","floor":27,"turns":3},{"damage":17,"enemies":"Automaton","floor":33,"turns":6},{"damage":11,"enemies":"3 Darklings","floor":35,"turns":3},{"damage":31,"enemies":"Orb Walker","floor":36,"turns":7},{"damage":0,"enemies":"Nightmare","floor":40,"turns":4},{"damage":9,"enemies":"Giant Head","floor":42,"turns":3},{"damage":5,"enemies":"Writhing Mass","floor":45,"turns":10},{"damage":54,"enemies":"Donu and Deca","floor":50,"turns":6},{"damage":1,"enemies":"Shield and Spear","floor":54,"turns":4},{"damage":24,"enemies":"The Heart","floor":55,"turns":8}],"seed_played":"7646422300115629564","potions_obtained":[{"floor":2,"key":"DistilledChaos"},{"floor":4,"key":"blueLaboratory:FruitPunch"},{"floor":14,"key":"Elixir"},{"floor":19,"key":"Milkshake"},{"floor":24,"key":"blueLaboratory:AbyssPotion"},{"floor":40,"key":"blueLaboratory:BubblePotion"},{"floor":55,"key":"FearPotion"}],"is_trial":true,"path_per_floor":["M","M","$","M","T","R","E","E","T","$","E","?","R","M","R","B",null,"M","M","?","AVR","T","R","NM","M","T","E","R","$","R","?","R","B",null,"M","M","AVR","?","?","NM","R","E","T","R","M","?","R","$","R","B",null,"R","$","E","B",null],"character_chosen":"HERMIT","items_purchased":["aspiration:HatOfInfinitePower","Bronze Scales","infinitespire:EmpoweringShard","PreservedInsect","hermit:Brawl","hermit:Vantage+1","Membership Card","hermit:Brawl","hermit:Dive","hubris:EmptyBottle","Bag of Preparation","RollingBoulder"],"campfire_rested":3,"item_purchase_floors":[3,3,10,29,29,29,53,53,53,53,53,53],"current_hp_per_floor":[74,74,44,44,44,44,46,46,46,46,13,13,36,36,36,47,73,64,67,67,67,67,67,10,26,26,21,53,53,53,53,85,74,103,100,76,76,76,76,82,82,80,80,80,83,83,83,83,120,68,126,126,126,128,106],"gold":139,"neow_bonus":"","is_daily":false,"chose_seed":false,"campfire_upgraded":14,"win_rate":0.0,"timestamp":1612777501,"path_taken":["M","M","?","?","?","R","E","E","T","$","E","?","R","M","R","BOSS","M","M","?","AVR","?","R","NM","?","T","E","R","$","R","?","R","BOSS","M","M","AVR","?","?","NM","R","E","T","R","?","?","R","$","R","BOSS","R","$","E","BOSS"],"items_purchased_type":["Relic","Relic","Relic","Relic","Card","Card","Relic","Card","Card","Relic","Relic","Relic"],"build_version":"2020-12-22","purchased_purges":5,"victory":true,"max_hp_per_floor":[75,75,75,75,75,75,77,77,77,77,79,79,79,79,79,82,82,84,87,87,87,87,87,92,106,106,108,108,108,108,108,108,112,112,114,118,118,118,118,122,122,127,127,127,131,124,124,124,124,130,130,130,130,137,143],"card_choices":[{"not_picked":["hermit:Snipe","hermit:Showdown"],"picked":"hermit:WideOpen","floor":1.0},{"not_picked":["WallGazer","Wellcheers","FieryBird"],"picked":"Singing Bowl","floor":1.0},{"not_picked":["ShyLook","Bloodbath"],"picked":"Scorched","floor":1.0},{"not_picked":["hermit:Gambit","hermit:Misfire"],"picked":"hermit:TakeAim","floor":2},{"not_picked":["hermit:HoleUp","hermit:Grudge","hermit:SprayPray"],"picked":"SKIP","floor":4},{"not_picked":["hermit:Shortfuse","hermit:BodyArmor"],"picked":"hermit:Snipe","floor":7},{"not_picked":["hermit:Scavenge","hermit:LowProfile"],"picked":"hermit:GoldenBullet","floor":8},{"not_picked":["LittleHelper","WallGazer","PunishingBird"],"picked":"Singing Bowl","floor":8},{"not_picked":["hermit:Desperado","hermit:PistolWhip"],"picked":"hermit:Headshot","floor":11},{"not_picked":["Laetitia","WhitesApple","GreedKing"],"picked":"Singing Bowl","floor":11},{"not_picked":["StuffTheSpire:Rapture","StuffTheSpire:Brawn"],"picked":"StuffTheSpire:BrainWave","floor":12},{"not_picked":["hermit:Glare","hermit:Feint","hermit:DeadMansHand"],"picked":"SKIP","floor":14},{"not_picked":["hermit:FatalDesire","hermit:HighNoon"],"picked":"hermit:DeadOrAlive","floor":16},{"not_picked":["OSAHOGD","SpiderBud","Bloodbath"],"picked":"Singing Bowl","floor":16},{"not_picked":["PunishingBird","VoidDream","ShyLook"],"picked":"Singing Bowl","floor":18},{"not_picked":["hermit:HighCaliber","hermit:TrackingShot"],"picked":"hermit:Horror","floor":18},{"not_picked":["hermit:WideOpen","hermit:FatalDesire","hermit:Roulette"],"picked":"SKIP","floor":19},{"not_picked":["hermit:WideOpen","hermit:FatalDesire","hermit:Roulette"],"picked":"SKIP","floor":19},{"not_picked":["Replay:Fractal Strike","infinitespire:Oblivion"],"picked":"infinitespire:Menacing","floor":24},{"not_picked":["hermit:FullyLoaded","hermit:GoldenBullet"],"picked":"hermit:BlackWind","floor":24},{"not_picked":["hermit:ItchyTrigger","hermit:Quickdraw+1","hermit:WideOpen"],"picked":"SKIP","floor":25},{"not_picked":["hermit:LowProfile","hermit:Roulette"],"picked":"hermit:WideOpen","floor":27},{"not_picked":["hermit:HighNoon","hermit:Reprieve"],"picked":"hermit:HeroicBravado","floor":33},{"not_picked":["hermit:DeadMansHand+1","hermit:BodyArmor","hermit:Desperado"],"picked":"SKIP","floor":35},{"not_picked":["hermit:ItchyTrigger","hermit:SprayPray+1"],"picked":"hermit:Ricochet","floor":36},{"not_picked":["wanderingMiniBosses:FinaleOfPromise"],"picked":"SKIP","floor":36},{"not_picked":["hermit:Vantage+1","hermit:LoneWolf+1","hermit:RoundhouseKick"],"picked":"SKIP","floor":40},{"not_picked":["hermit:BigShot","hermit:WideOpen"],"picked":"hermit:Adapt","floor":42},{"not_picked":["hermit:Dive","hermit:HoleUp","hermit:Deadeye"],"picked":"SKIP","floor":45},{"not_picked":["hermit:Scavenge","hermit:Quickdraw+1"],"picked":"hermit:Roughhouse","floor":54}],"player_experience":1331811,"relics_obtained":[{"floor":5,"key":"ReplayTheSpireMod:TigerMarble"},{"floor":7,"key":"Mirror"},{"floor":8,"key":"Shuriken"},{"floor":9,"key":"HeavenlyBonsai"},{"floor":11,"key":"reliquary:PartyBalloon"},{"floor":22,"key":"Torii"},{"floor":24,"key":"Blood Vial"},{"floor":26,"key":"Vajra"},{"floor":27,"key":"Lizard Tail"},{"floor":36,"key":"wanderingMiniBosses:Blackblade"},{"floor":40,"key":"The Courier"},{"floor":40,"key":"StuffTheSpire:DarkSteelAnvil"},{"floor":42,"key":"MawBank"},{"floor":42,"key":"reliquary:WeakTea"},{"floor":54,"key":"SpikesRelics:DaevaFist"},{"floor":54,"key":"reliquary:Stiletto"}],"event_choices":[{"damage_healed":0,"gold_gain":0,"player_choice":"Copied","damage_taken":0,"max_hp_gain":0,"max_hp_loss":0,"event_name":"Duplicator","floor":31,"gold_loss":0,"cards_obtained":["StuffTheSpire:BrainWave"]},{"damage_healed":0,"gold_gain":0,"player_choice":"Upgraded","damage_taken":0,"max_hp_gain":0,"max_hp_loss":0,"event_name":"Upgrade Shrine","floor":39,"gold_loss":0,"cards_upgraded":["Pot Of Greed"]},{"damage_healed":0,"gold_gain":0,"player_choice":"Max HP","damage_taken":0,"max_hp_gain":0,"max_hp_loss":7,"event_name":"Winding Halls","floor":46,"gold_loss":0}],"is_beta":false,"boss_relics":[{"not_picked":["conspire:SeveredTorchhead","SacredBark"],"picked":"hermit:ClaspedLocket"},{"not_picked":["reliquary:Ember","conspire:RoyalGoblet"],"picked":"Black Star"},{"not_picked":["StuffTheSpire:ModemDavis","halation:MonkeysPaw","Snecko Eye"]}],"items_purged_floors":[21,37,48,53,53],"is_endless":true,"potions_floor_spawned":[2,4,14,19,24,25,40,45,50,55],"ascension_level":5}}