{"host":"s24sb66hw4a4sfft","time":1612784846,"event":{"mods":["AchievementEnabler","BaseMod","Colored Map","Colored Powertips","Googly Eyes","Hermit","Hubris","Minty Spire (QoL Compilation)","Quick Restart","Shop Mod","StSLib"],"gold_per_floor":[119,69,69,86,97,128,139,139,163,163,176,194,228,228,228,228,228],"floor_reached":16,"language":"ENG","playtime":710,"items_purged":[],"score":112,"play_id":"4683f1a3-350a-49c8-9e16-ab9c53d4e6fe","local_time":"20210208064726","is_ascension_mode":false,"campfire_choices":[{"data":"hermit:Enervate","floor":8,"key":"SMITH"},{"floor":10,"key":"RECALL"},{"floor":15,"key":"REST"}],"circlet_count":0,"master_deck":["hermit:Strike_Hermit","hermit:Strike_Hermit","hermit:Strike_Hermit","hermit:Strike_Hermit","hermit:Defend_Hermit","hermit:Defend_Hermit","hermit:Defend_Hermit","hermit:Snapshot","hermit:Covet","hermit:Strike_Hermit","hermit:SprayPray","hermit:Roulette","hermit:Enervate+1","hermit:Virtue+1"],"relics":["hermit:Momento","NeowsBlessing","Pen Nib","Lantern"],"acts_visited":["Exordium"],"potions_floor_usage":[],"damage_taken":[{"damage":0,"enemies":"2 Louse","floor":1,"turns":2},{"damage":0,"enemies":"Cultist","floor":4,"turns":1},{"damage":0,"enemies":"Small Slimes","floor":5,"turns":1},{"damage":17,"enemies":"3 Sentries","floor":6,"turns":7},{"damage":5,"enemies":"Looter","floor":7,"turns":3},{"damage":0,"enemies":"Lots of Slimes","floor":11,"turns":3},{"damage":0,"enemies":"Exordium Wildlife","floor":12,"turns":2},{"damage":31,"enemies":"Lagavulin","floor":13,"turns":4},{"damage":28,"enemies":"The Guardian","floor":16,"turns":5}],"seed_played":"9117000038690579736","potions_obtained":[{"floor":1,"key":"Dexterity Potion"},{"floor":6,"key":"FearPotion"},{"floor":7,"key":"hermit:Tonic"}],"is_trial":false,"path_per_floor":["M","?","?","M","M","E","M","R","T","R","M","M","E","?","R","B"],"character_chosen":"HERMIT","items_purchased":[],"campfire_rested":1,"item_purchase_floors":[],"current_hp_per_floor":[75,75,75,75,75,58,53,53,53,53,53,53,22,22,44,16,16],"gold":228,"neow_bonus":"THREE_ENEMY_KILL","is_daily":false,"chose_seed":false,"campfire_upgraded":1,"win_rate":0.0,"timestamp":1612784846,"path_taken":["M","?","?","?","M","E","M","R","T","R","M","M","E","?","R","BOSS"],"items_purchased_type":[],"build_version":"2020-12-22","purchased_purges":0,"victory":false,"max_hp_per_floor":[75,75,75,75,75,75,75,75,75,75,75,75,75,75,75,75,75],"card_choices":[{"not_picked":["hermit:Gestalt","hermit:Brawl","hermit:WideOpen"],"picked":"SKIP","floor":1},{"not_picked":["hermit:Misfire","hermit:Ricochet"],"picked":"hermit:Roulette","floor":4},{"not_picked":["hermit:Desperado","hermit:Midnight"],"picked":"hermit:Enervate","floor":5},{"not_picked":["hermit:BlackWind","hermit:SprayPray","hermit:Roulette"],"picked":"SKIP","floor":6},{"not_picked":["hermit:Misfire","hermit:Feint","hermit:BodyArmor"],"picked":"SKIP","floor":7},{"not_picked":["hermit:EyeOfTheStorm","hermit:Manifest","hermit:TrackingShot"],"picked":"SKIP","floor":11},{"not_picked":["hermit:GhostlyPresence","hermit:Desperado","hermit:LoneWolf"],"picked":"SKIP","floor":12},{"not_picked":["hermit:Misfire","hermit:LowProfile"],"picked":"hermit:Virtue","floor":13}],"player_experience":590879,"relics_obtained":[{"floor":6,"key":"Pen Nib"},{"floor":13,"key":"Lantern"}],"event_choices":[{"cards_removed":["hermit:Defend_Hermit"],"damage_healed":0,"gold_gain":0,"player_choice":"Card Removal","damage_taken":0,"max_hp_gain":0,"max_hp_loss":0,"event_name":"The Cleric","floor":2,"gold_loss":50},{"damage_healed":0,"gold_gain":0,"player_choice":"2 cards matched","damage_taken":0,"max_hp_gain":0,"max_hp_loss":0,"event_name":"Match and Keep!","floor":3,"gold_loss":0,"cards_obtained":["hermit:Strike_Hermit","hermit:SprayPray"]}],"is_beta":false,"boss_relics":[],"items_purged_floors":[],"is_endless":false,"potions_floor_spawned":[1,6,7],"killed_by":"The Guardian","ascension_level":0}}