{"host":"pi8b3ffzwvxqztac","time":1612800040,"event":{"mods":["BaseMod","Colored Map","Custom Start","Downfall","Minty Spire (QoL Compilation)","StSLib"],"gold_per_floor":[115,3,16,26,42,42,73,87,111,130,130,51,51,66,66,171,171,191,211,72,83,99,99,99,99,99,99,109,109,128,28,28,28,28],"floor_reached":33,"language":"ENG","playtime":1422,"items_purged":["Strike_R","Impatience"],"score":314,"play_id":"df988bce-b135-471f-a0aa-28ab4780549d","local_time":"20210209050040","is_ascension_mode":true,"campfire_choices":[{"data":"Perfected Strike","floor":6,"key":"SMITH"},{"data":"Rage","floor":11,"key":"SMITH"},{"data":"Flame Barrier","floor":13,"key":"SMITH"},{"data":"Twin Strike","floor":15,"key":"SMITH"},{"data":"Armaments","floor":23,"key":"SMITH"},{"data":"Bludgeon","floor":25,"key":"SMITH"},{"data":"Shrug It Off","floor":29,"key":"SMITH"},{"floor":32,"key":"REST"}],"circlet_count":0,"master_deck":["Strike_R+1","Strike_R+1","Strike_R+1","Strike_R+1","Defend_R+1","Defend_R+1","Defend_R+1","Defend_R+1","Bash+1","Shrug It Off+1","Flame Barrier+1","Perfected Strike+1","Rage+1","Twin Strike+1","Battle Trance","Pommel Strike","Bludgeon+1","Pommel Strike","Armaments+1","Perfected Strike+1","True Grit+1"],"relics":["Burning Blood","Boot","Nunchaku","Ancient Tea Set","Red Skull"],"acts_visited":["Exordium","TheCity"],"potions_floor_usage":[14,19,21,33,33],"damage_taken":[{"damage":1,"enemies":"Cultist","floor":1,"turns":3},{"damage":2,"enemies":"Small Slimes","floor":3,"turns":5},{"damage":0,"enemies":"2 Louse","floor":4,"turns":2},{"damage":0,"enemies":"Exordium Wildlife","floor":5,"turns":5},{"damage":29,"enemies":"Gremlin Nob","floor":7,"turns":4},{"damage":3,"enemies":"3 Louse","floor":8,"turns":7},{"damage":1,"enemies":"Looter","floor":10,"turns":3},{"damage":10,"enemies":"Gremlin Gang","floor":14,"turns":5},{"damage":24,"enemies":"The Guardian","floor":16,"turns":12},{"damage":0,"enemies":"3 Byrds","floor":18,"turns":3},{"damage":3,"enemies":"Shell Parasite","floor":19,"turns":5},{"damage":28,"enemies":"Shelled Parasite and Fungi","floor":21,"turns":9},{"damage":21,"enemies":"Snecko","floor":22,"turns":4},{"damage":4,"enemies":"Chosen and Byrds","floor":28,"turns":4},{"damage":0,"enemies":"Centurion and Healer","floor":30,"turns":4},{"damage":87,"enemies":"Collector","floor":33,"turns":7}],"seed_played":"7222232043189760937","potions_obtained":[{"floor":4,"key":"BlessingOfTheForge"},{"floor":5,"key":"Strength Potion"},{"floor":10,"key":"PowerPotion"},{"floor":18,"key":"EssenceOfSteel"},{"floor":28,"key":"Swift Potion"}],"is_trial":false,"path_per_floor":["M","$","M","M","M","R","E","M","T","M","R","$","R","M","R","B",null,"M","M","$","M","M","R","?","R","T","?","M","R","M","$","R","B"],"character_chosen":"IRONCLAD","items_purchased":["Flame Barrier","Battle Trance","Armaments","Impatience"],"campfire_rested":1,"item_purchase_floors":[2,12,20,20],"current_hp_per_floor":[80,80,80,80,80,80,57,60,60,65,65,65,65,61,61,43,71,77,80,80,58,43,43,43,43,43,43,45,45,51,51,75,0,0],"gold":28,"neow_bonus":"UPGRADE_CARD","is_daily":false,"chose_seed":false,"campfire_upgraded":7,"win_rate":0.0,"timestamp":1612800040,"path_taken":["M","$","M","?","M","R","E","M","T","M","R","?","R","M","R","BOSS","M","M","$","M","M","R","?","R","T","?","M","R","M","?","R","BOSS"],"items_purchased_type":["Card","Card","Card","Card"],"build_version":"2020-12-22","purchased_purges":2,"victory":false,"max_hp_per_floor":[80,80,80,80,80,80,80,80,80,80,80,80,80,80,80,80,80,80,80,80,80,80,80,80,80,80,80,80,80,80,80,80,80,80],"card_choices":[{"not_picked":["Flex","Sentinel"],"picked":"Shrug It Off","floor":1},{"not_picked":["Headbutt","Combust"],"picked":"Perfected Strike","floor":3},{"not_picked":["Clash","True Grit"],"picked":"Rage","floor":4},{"not_picked":["Body Slam","Clash"],"picked":"Twin Strike","floor":5},{"not_picked":["Iron Wave","Heavy Blade","Sword Boomerang"],"picked":"SKIP","floor":7},{"not_picked":["Sever Soul","Rupture","Carnage"],"picked":"SKIP","floor":8},{"not_picked":["Reckless Charge","Rampage","Corruption"],"picked":"SKIP","floor":10},{"not_picked":["Second Wind","Iron Wave"],"picked":"Pommel Strike","floor":14},{"not_picked":["Fiend Fire","Barricade"],"picked":"Bludgeon","floor":16},{"not_picked":["Sword Boomerang","Intimidate"],"picked":"Pommel Strike","floor":18},{"not_picked":["Dark Embrace","Uppercut","Clothesline"],"picked":"SKIP","floor":19},{"not_picked":["Power Through+1","Reckless Charge"],"picked":"Perfected Strike+1","floor":21},{"not_picked":["Twin Strike","Headbutt+1","Clothesline"],"picked":"SKIP","floor":22},{"not_picked":["Clash","Rage","Infernal Blade+1"],"picked":"SKIP","floor":28},{"not_picked":["Body Slam","Bloodletting"],"picked":"True Grit+1","floor":30}],"player_experience":725897,"relics_obtained":[{"floor":7,"key":"Boot"},{"floor":9,"key":"Nunchaku"},{"floor":26,"key":"Red Skull"}],"event_choices":[{"damage_healed":0,"gold_gain":0,"player_choice":"Opened","damage_taken":0,"relics_obtained":["Ancient Tea Set"],"max_hp_gain":0,"max_hp_loss":0,"event_name":"The Mausoleum","floor":24,"gold_loss":0},{"damage_healed":0,"gold_gain":0,"player_choice":"Simplicity","damage_taken":0,"max_hp_gain":0,"max_hp_loss":0,"event_name":"Back to Basics","floor":27,"gold_loss":0,"cards_upgraded":["Strike_R","Strike_R","Strike_R","Strike_R","Defend_R","Defend_R","Defend_R","Defend_R"]}],"is_beta":false,"boss_relics":[{"not_picked":["Fusion Hammer","bronze:MakeshiftBattery","Astrolabe"]}],"items_purged_floors":[2,31],"is_endless":false,"potions_floor_spawned":[4,5,10,18,28],"killed_by":"Collector","ascension_level":5}}