{"host":"r428wgyz1934czl7","time":1612793885,"event":{"mods":["100% Spire Juice","2.2 Compatiblity","Act Like it!","Aspiration","Bard","BaseMod","Beaked The Cultist","Bestiary","Better Altar","Better Match","Better Note","Better Sensory Stone","Better Skull","Better Third Choice","CCEM2","CapriCore","Conspire","Displayed Cursed Tome","Duelist Mod","Elementarium","Gensokyo","GifTheSpireLib","Hubris","Infinite Spire","Jedi Mod","Jorbs\u0027s Wanderer Trilogy","Menagerie","Minty Spire (QoL Compilation)","Permanent Neow","Prisma Mod","Reliquary","Replay The Spire","Robot Space Explorer","Spicy Shops","Spire Arcade","StSLib","Stuff the Spire","The Alterego","The Animator","The Dragon Tamer","The Gatherer","The Immortal","The Marked","The Poker Player","WarShipGirlsR/??¤Ö¤kR mod"],"gold_per_floor":[116,116,184,184,195,195,206,206,206,219,219,231,231,13,13,118,118,136,152,152,171,46,46,46,59,59,73,90,90,108,134,215,319,319,331,331,350,350,370,370,388,388,388,388],"floor_reached":42,"language":"ENG","playtime":1835,"items_purged":[],"score":586,"play_id":"65feea57-9128-4db3-8563-480dde223e65","local_time":"20210208221805","is_ascension_mode":true,"metric_token":2898,"campfire_choices":[{"data":"PokerPlayerMod:ClubShade","floor":6,"key":"SMITH"},{"data":"PokerPlayerMod:Mulligan","floor":11,"key":"SMITH"},{"floor":13,"key":"RECALL"},{"data":"PokerPlayerMod:Spade1","floor":23,"key":"SMITH"},{"data":"PokerPlayerMod:FillThePot","floor":40,"key":"SMITH"}],"circlet_count":0,"master_deck":["PokerPlayerMod:Diamond1","PokerPlayerMod:Diamond2","PokerPlayerMod:Diamond3","PokerPlayerMod:Diamond4","PokerPlayerMod:Diamond5","PokerPlayerMod:Spade2","PokerPlayerMod:Spade2","PokerPlayerMod:Spade3","PokerPlayerMod:Spade4","PokerPlayerMod:Club2","PokerPlayerMod:Club2","PokerPlayerMod:Heart2","PokerPlayerMod:TrumpStrike","PokerPlayerMod:BadJoker","PokerPlayerMod:Mulligan+1","PokerPlayerMod:CloakAndDiamond","PokerPlayerMod:ClubsClub","PokerPlayerMod:Club2","PokerPlayerMod:ClubShade+1","PokerPlayerMod:Club2","PokerPlayerMod:Club2","PokerPlayerMod:Spade4","PokerPlayerMod:Club8","PokerPlayerMod:Promotion","PokerPlayerMod:Heart3","PokerPlayerMod:MagicTrick+1","PokerPlayerMod:ClubStrike+1","PokerPlayerMod:Club8","StuffTheSpire:CelestialWarden","PokerPlayerMod:FillThePot+1","PokerPlayerMod:Club4","PokerPlayerMod:ClubShade","PokerPlayerMod:ThinkingTime","PokerPlayerMod:Club5","PokerPlayerMod:FillThePot+1","PokerPlayerMod:StackedDeck","PokerPlayerMod:FakeSymbols","PokerPlayerMod:Club6","PokerPlayerMod:MagicTrick+1","PokerPlayerMod:Club6"],"relics":["PokerPlayerMod:DeckCase","aspiration:TomeofQuesting","CCEMRelics:Apple","StuffTheSpire:Tea","jedi:hotpepper","hubris:BottledHeart","Akabeko","conspire:SpecialSausage","Du-Vu Doll"],"acts_visited":["Exordium","TheCity","TheBeyond"],"potions_floor_usage":[27,33,41,41,41],"damage_taken":[{"damage":3,"enemies":"2 Louse","floor":1,"turns":2},{"damage":0,"enemies":"Small Slimes","floor":5,"turns":2},{"damage":12,"enemies":"Jaw Worm","floor":7,"turns":2},{"damage":0,"enemies":"3 Louse","floor":10,"turns":3},{"damage":0,"enemies":"Blue Slaver","floor":12,"turns":3},{"damage":19,"enemies":"Hexaghost","floor":16,"turns":8},{"damage":11,"enemies":"2 Thieves","floor":18,"turns":3},{"damage":9,"enemies":"Spheric Guardian","floor":19,"turns":3},{"damage":0,"enemies":"conspire:HollyBat","floor":21,"turns":5},{"damage":0,"enemies":"Centurion and Healer","floor":25,"turns":3},{"damage":0,"enemies":"Snake Plant","floor":27,"turns":3},{"damage":0,"enemies":"conspire:HollyBat","floor":28,"turns":7},{"damage":0,"enemies":"Snecko","floor":30,"turns":3},{"damage":0,"enemies":"theDuelist:KaibaA2","floor":31,"turns":2},{"damage":0,"enemies":"Champ","floor":33,"turns":9},{"damage":0,"enemies":"Orb Walker","floor":35,"turns":2},{"damage":0,"enemies":"3 Shapes","floor":37,"turns":2},{"damage":0,"enemies":"Maw","floor":39,"turns":7},{"damage":0,"enemies":"Transient","floor":41,"turns":5},{"damage":15,"enemies":"Nemesis","floor":42,"turns":4}],"seed_played":"-615727409130295826","potions_obtained":[{"floor":1,"key":"AttackPotion"},{"floor":3,"key":"Block Potion"},{"floor":10,"key":"Elixir"},{"floor":12,"key":"GamblersBrew"},{"floor":19,"key":"Fire Potion"},{"floor":28,"key":"Adrenaline Potion"},{"floor":31,"key":"EntropicBrew"},{"floor":35,"key":"SkillPotion"}],"is_trial":false,"path_per_floor":["M","?","?","?","M","R","M","?","T","M","R","M","R","$","R","B",null,"M","M","?","M","$","R","?","M","T","M","M","?","M","E","R","B",null,"M","?","M","AVR","M","R","M","E"],"character_chosen":"THE_POKER_PLAYER","items_purchased":["PokerPlayerMod:Club8","PokerPlayerMod:Club8"],"campfire_rested":0,"item_purchase_floors":[14,22],"current_hp_per_floor":[49,49,36,36,39,39,34,49,49,49,49,52,52,52,52,37,39,28,29,1,1,1,1,1,1,1,1,1,1,1,1,1,1,1,1,1,1,1,1,1,1,0,0,0],"gold":388,"neow_bonus":"RANDOM_COMMON_RELIC","is_daily":false,"chose_seed":false,"campfire_upgraded":4,"win_rate":0.0,"timestamp":1612793885,"path_taken":["M","?","?","?","?","R","M","?","T","M","R","M","R","?","R","BOSS","M","M","?","M","$","R","?","?","T","M","M","?","M","E","R","BOSS","M","?","?","AVR","M","R","M","E"],"items_purchased_type":["Card","Card"],"build_version":"2020-12-22","purchased_purges":0,"victory":false,"max_hp_per_floor":[52,52,52,52,52,52,52,52,52,52,52,52,52,52,52,52,39,39,39,1,1,1,1,1,1,1,1,1,1,1,1,1,1,1,1,1,1,1,1,1,1,1,1,1],"card_choices":[{"not_picked":["PokerPlayerMod:Diamond2","PokerPlayerMod:CardBurn"],"picked":"PokerPlayerMod:CloakAndDiamond","floor":1},{"not_picked":["PokerPlayerMod:CardBurn","PokerPlayerMod:MagicTrick"],"picked":"PokerPlayerMod:ClubsClub","floor":3},{"not_picked":["PokerPlayerMod:Diamond5","PokerPlayerMod:Diamond3"],"picked":"PokerPlayerMod:Club2","floor":3},{"not_picked":["PokerPlayerMod:CardBurn","PokerPlayerMod:DiamondStrike"],"picked":"PokerPlayerMod:ClubShade","floor":5},{"not_picked":["PokerPlayerMod:Overdeal","PokerPlayerMod:Spade7"],"picked":"PokerPlayerMod:Club2","floor":7},{"not_picked":["PokerPlayerMod:Diamond3","PokerPlayerMod:Heart6"],"picked":"PokerPlayerMod:Club2","floor":10},{"not_picked":["PokerPlayerMod:Diamond3","PokerPlayerMod:Diamond1"],"picked":"PokerPlayerMod:Spade4","floor":12},{"not_picked":["PokerPlayerMod:FakeSymbols","PokerPlayerMod:VarietyAttack"],"picked":"PokerPlayerMod:Promotion","floor":16},{"not_picked":["PokerPlayerMod:Club1","PokerPlayerMod:Spade3"],"picked":"PokerPlayerMod:Heart3","floor":18},{"not_picked":["PokerPlayerMod:DamnStraight+1","PokerPlayerMod:Sharpen"],"picked":"PokerPlayerMod:MagicTrick+1","floor":19},{"not_picked":["PokerPlayerMod:Raise","PokerPlayerMod:Spade1"],"picked":"PokerPlayerMod:ClubStrike+1","floor":21},{"not_picked":["StuffTheSpire:BrainWave","StuffTheSpire:Harmony"],"picked":"StuffTheSpire:CelestialWarden","floor":24},{"not_picked":["PokerPlayerMod:Club1","PokerPlayerMod:DartThrow"],"picked":"PokerPlayerMod:FillThePot","floor":25},{"not_picked":["PokerPlayerMod:Fold","PokerPlayerMod:ClubsClub"],"picked":"PokerPlayerMod:Club4","floor":27},{"not_picked":["PokerPlayerMod:Fold","PokerPlayerMod:Club2"],"picked":"PokerPlayerMod:ClubShade","floor":28},{"not_picked":["PokerPlayerMod:FillThePot","PokerPlayerMod:RoyalStrike"],"picked":"PokerPlayerMod:Club5","floor":30},{"not_picked":["PokerPlayerMod:Club3","PokerPlayerMod:Spade9"],"picked":"PokerPlayerMod:FillThePot+1","floor":31},{"not_picked":["PokerPlayerMod:Diamond9","PokerPlayerMod:Spade7"],"picked":"PokerPlayerMod:StackedDeck","floor":33},{"not_picked":["PokerPlayerMod:Club3","PokerPlayerMod:Fold+1","PokerPlayerMod:MagicTrick"],"picked":"SKIP","floor":35},{"not_picked":[],"picked":"PokerPlayerMod:FakeSymbols","floor":36},{"not_picked":["PokerPlayerMod:DiamondStrike+1","PokerPlayerMod:CloakAndDiamond+1"],"picked":"PokerPlayerMod:Club6","floor":37},{"not_picked":["PokerPlayerMod:Spade4","PokerPlayerMod:ClubsClub"],"picked":"PokerPlayerMod:MagicTrick+1","floor":39},{"not_picked":["PokerPlayerMod:Configure+1","PokerPlayerMod:Club4"],"picked":"PokerPlayerMod:Club6","floor":41}],"player_experience":189733,"relics_obtained":[{"floor":3,"key":"aspiration:TomeofQuesting"},{"floor":9,"key":"CCEMRelics:Apple"},{"floor":31,"key":"Akabeko"}],"event_choices":[{"damage_healed":0,"gold_gain":0,"player_choice":"Gave Potion","damage_taken":0,"relics_obtained":["StuffTheSpire:Tea"],"max_hp_gain":0,"max_hp_loss":0,"event_name":"WeMeetAgain","floor":15,"gold_loss":0},{"damage_healed":0,"gold_gain":0,"player_choice":"Think Hard","damage_taken":0,"max_hp_gain":0,"max_hp_loss":0,"event_name":"PokerPlayerMod:Vampires","floor":29,"gold_loss":0,"cards_obtained":["PokerPlayerMod:ThinkingTime"]}],"is_beta":false,"boss_relics":[{"not_picked":["aspiration:SilentSkillbook","Ring of Chaos"],"picked":"jedi:hotpepper"},{"not_picked":["StuffTheSpire:RunicConfusion","StuffTheSpire:ModemDavis"],"picked":"conspire:SpecialSausage"}],"items_purged_floors":[],"is_endless":false,"potions_floor_spawned":[1,10,12,19,28,30,31,35,37],"killed_by":"Nemesis","ascension_level":2}}