{"host":"chv1qanoipyt46jc","time":1612764327,"event":{"mods":["2.2 Compatiblity","AchievementEnabler","BaseMod","BetterRewards","CapriCore","Card Filter","Evolution","Gold Saver","Grow up Mod","Kratos Character Expansion","Minty Spire (QoL Compilation)","Rare Cards Sparkle","Relic Filter","Remove Card Discount Mod","Reorder Act Four","StSLib","The Poker Player"],"gold_per_floor":[971,986,986,1006,1025,1025,1036,1068,1092,1267,1267,1267,1277,1312,1312,1411,1411,1425,1425,1423,1443,1460,1489,1337,1364,1364,1379,1390,1404,1404,1424,1424,1521,1521,1536,1546,1557,1557,1570,1570,1584,1595,1595,1593,1593,1625,1640,1659,1659,1659,1659,1659,1659,1684,1684],"floor_reached":56,"language":"ENG","playtime":1027,"items_purged":["KratosMod:BladeWhip","KratosMod:Defend_K","KratosMod:Defend_K","KratosMod:Defend_K","KratosMod:Defend_K","KratosMod:BladeWhip","Doubt","KratosMod:Tempor+1"],"score":1587,"play_id":"56892dca-b545-44d6-a0cc-be06a5fc5af3","local_time":"20210208000527","is_ascension_mode":false,"campfire_choices":[{"data":"KratosMod:BladeWhip","floor":6,"key":"SMITH"},{"data":"KratosMod:BladeWhip","floor":12,"key":"SMITH"},{"floor":15,"key":"RECALL"},{"floor":32,"key":"REST"},{"data":"KratosMod:Revenge","floor":40,"key":"SMITH"}],"circlet_count":0,"master_deck":["KratosMod:BladeWhip+1","KratosMod:BladeWhip+1","KratosMod:AthenaBane","KratosMod:Revenge+1"],"relics":["KratosMod:eagle","EVO:Axolotl","Shuriken","Gremlin Horn","Singing Bowl","Strawberry","Black Star","Omamori","Ancient Tea Set","Medical Kit","Darkstone Periapt","Blood Vial","Blue Candle","Coffee Dripper","Anchor","War Paint","InkBottle","KratosMod:minohorn","Art of War"],"acts_visited":["Exordium","TheCity","TheBeyond","TheEnding"],"potions_floor_usage":[55,55,55],"damage_taken":[{"damage":12,"enemies":"2 Louse","floor":1,"turns":2},{"damage":10,"enemies":"Small Slimes","floor":2,"turns":2},{"damage":0,"enemies":"Cultist","floor":4,"turns":2},{"damage":0,"enemies":"Large Slime","floor":5,"turns":2},{"damage":0,"enemies":"2 Fungi Beasts","floor":7,"turns":1},{"damage":0,"enemies":"Lagavulin","floor":8,"turns":2},{"damage":10,"enemies":"Exordium Thugs","floor":13,"turns":2},{"damage":9,"enemies":"3 Sentries","floor":14,"turns":2},{"damage":66,"enemies":"Hexaghost","floor":16,"turns":3},{"damage":0,"enemies":"Spheric Guardian","floor":18,"turns":2},{"damage":10,"enemies":"Shell Parasite","floor":21,"turns":2},{"damage":0,"enemies":"Shelled Parasite and Fungi","floor":22,"turns":1},{"damage":20,"enemies":"Slavers","floor":23,"turns":2},{"damage":0,"enemies":"Gremlin Leader","floor":25,"turns":2},{"damage":12,"enemies":"Centurion and Healer","floor":27,"turns":2},{"damage":0,"enemies":"Snake Plant","floor":28,"turns":2},{"damage":0,"enemies":"Sentry and Sphere","floor":29,"turns":2},{"damage":10,"enemies":"Cultist and Chosen","floor":31,"turns":2},{"damage":15,"enemies":"Automaton","floor":33,"turns":3},{"damage":15,"enemies":"Orb Walker","floor":35,"turns":2},{"damage":8,"enemies":"3 Darklings","floor":36,"turns":2},{"damage":35,"enemies":"Maw","floor":37,"turns":4},{"damage":0,"enemies":"Spire Growth","floor":39,"turns":2},{"damage":10,"enemies":"3 Darklings","floor":41,"turns":2},{"damage":5,"enemies":"Maw","floor":42,"turns":3},{"damage":19,"enemies":"Nemesis","floor":46,"turns":3},{"damage":0,"enemies":"Jaw Worm Horde","floor":47,"turns":1},{"damage":1,"enemies":"Transient","floor":48,"turns":3},{"damage":12,"enemies":"Time Eater","floor":50,"turns":2},{"damage":17,"enemies":"Shield and Spear","floor":54,"turns":2},{"damage":68,"enemies":"The Heart","floor":55,"turns":3}],"seed_played":"4589165477017893043","potions_obtained":[{"floor":4,"key":"AttackPotion"},{"floor":7,"key":"Strength Potion"},{"floor":8,"key":"SpeedPotion"}],"is_trial":false,"path_per_floor":["M","M","$","M","M","R","M","E","T","?","?","R","M","E","R","B",null,"M","?","$","M","M","E","$","E","T","M","M","M","$","M","R","B",null,"M","M","M","?","M","R","M","M","T","$","R","E","M","M","R","B",null,"$","R","E","B",null],"character_chosen":"KRATOS","items_purchased":["Shuriken","Gremlin Horn","KratosMod:Tempor","Medical Kit"],"campfire_rested":1,"item_purchase_floors":[0,0,0,24],"current_hp_per_floor":[40,40,50,60,70,80,90,102,112,122,94,104,106,116,126,72,275,287,297,307,309,321,313,323,335,345,347,361,375,385,389,443,440,465,462,466,445,455,469,479,483,492,502,512,522,517,531,544,554,554,651,661,671,666,610],"gold":1684,"neow_bonus":"","is_daily":false,"chose_seed":false,"campfire_upgraded":3,"win_rate":0.0,"timestamp":1612764327,"path_taken":["M","M","$","M","M","R","M","E","T","?","?","R","M","E","R","BOSS","M","?","$","M","M","E","$","E","T","M","M","?","$","M","R","BOSS","M","M","M","?","M","R","M","M","T","$","R","E","M","M","R","BOSS","$","R","E","BOSS"],"items_purchased_type":["Relic","Relic","Card","Relic"],"build_version":"2020-12-22","purchased_purges":8,"victory":true,"max_hp_per_floor":[100,110,120,130,140,150,160,172,182,192,202,212,224,243,253,265,275,287,297,307,319,331,343,353,365,375,387,399,411,421,433,443,455,465,477,487,499,509,521,531,543,555,565,575,585,597,609,621,631,641,651,661,671,683,693],"card_choices":[{"not_picked":["KratosMod:SmashStone","KratosMod:ShieldBash","KratosMod:Endure"],"picked":"SKIP","floor":1},{"not_picked":["KratosMod:SmashStone","KratosMod:BladeWhip","KratosMod:Endure"],"picked":"SKIP","floor":2},{"not_picked":["KratosMod:conjuresoul","KratosMod:Endure","KratosMod:SmashStone"],"picked":"SKIP","floor":4},{"not_picked":["KratosMod:clawsofhades","KratosMod:BladeWhip","KratosMod:Roll"],"picked":"SKIP","floor":5},{"not_picked":["KratosMod:styx","KratosMod:conjuresoul","KratosMod:settle"],"picked":"SKIP","floor":7},{"not_picked":["KratosMod:Roll","KratosMod:settle","KratosMod:SmashStone"],"picked":"Singing Bowl","floor":8},{"not_picked":["KratosMod:settle","KratosMod:Roll","KratosMod:Endure"],"picked":"Singing Bowl","floor":13},{"not_picked":["KratosMod:SmashStone","KratosMod:ablockalypse","KratosMod:settle"],"picked":"Singing Bowl","floor":14},{"not_picked":["KratosMod:blades","KratosMod:ablockalypse","KratosMod:tartarusrage"],"picked":"Singing Bowl","floor":16},{"not_picked":["KratosMod:ShieldBash+1","KratosMod:rattle","KratosMod:conjuresoul"],"picked":"Singing Bowl","floor":18},{"not_picked":["KratosMod:Tempor","KratosMod:Roll+1","KratosMod:ShieldBash"],"picked":"Singing Bowl","floor":21},{"not_picked":["KratosMod:ShieldBash","KratosMod:BladeWhip+1","KratosMod:SmashStone"],"picked":"Singing Bowl","floor":22},{"not_picked":["KratosMod:BladeWhip","KratosMod:kBerserk","KratosMod:ShieldBash"],"picked":"Singing Bowl","floor":23},{"not_picked":["KratosMod:Endure+1","KratosMod:BladeWhip","KratosMod:Roll"],"picked":"Singing Bowl","floor":25},{"not_picked":["KratosMod:settle","KratosMod:BladeWhip+1","KratosMod:ShieldBash"],"picked":"Singing Bowl","floor":27},{"not_picked":["KratosMod:ShieldBash","KratosMod:Roll","KratosMod:BladeWhip"],"picked":"Singing Bowl","floor":28},{"not_picked":["KratosMod:BladeWhip","KratosMod:Tempor","KratosMod:styx"],"picked":"Singing Bowl","floor":29},{"not_picked":["KratosMod:SmashStone+1","KratosMod:conjuresoul+1","KratosMod:settle"],"picked":"Singing Bowl","floor":31},{"not_picked":["KratosMod:styx","KratosMod:kBerserk","KratosMod:ablockalypse"],"picked":"Singing Bowl","floor":33},{"not_picked":["KratosMod:Endure+1","KratosMod:settle","KratosMod:ShieldBash+1"],"picked":"Singing Bowl","floor":35},{"not_picked":["KratosMod:Roll","KratosMod:conjuresoul+1"],"picked":"KratosMod:Revenge","floor":36},{"not_picked":["KratosMod:BladeWhip+1","KratosMod:conjuresoul","KratosMod:Endure+1"],"picked":"Singing Bowl","floor":37},{"not_picked":["KratosMod:Roll+1","KratosMod:Tempor+1","KratosMod:ShieldBash"],"picked":"Singing Bowl","floor":39},{"not_picked":["KratosMod:SmashStone","KratosMod:Tempor","KratosMod:settle+1"],"picked":"Singing Bowl","floor":41},{"not_picked":["KratosMod:Roll+1","KratosMod:Endure","KratosMod:ShieldBash"],"picked":"Singing Bowl","floor":42},{"not_picked":["KratosMod:conjuresoul","KratosMod:ShieldBash","KratosMod:settle+1"],"picked":"Singing Bowl","floor":46},{"not_picked":["KratosMod:SmashStone","KratosMod:rattle","KratosMod:ShieldBash"],"picked":"Singing Bowl","floor":47},{"not_picked":["KratosMod:Tempor","KratosMod:settle","KratosMod:Endure"],"picked":"Singing Bowl","floor":48},{"not_picked":["KratosMod:BladeWhip","KratosMod:settle+1","KratosMod:ShieldBash+1"],"picked":"Singing Bowl","floor":54}],"player_experience":399052,"relics_obtained":[{"floor":8,"key":"Singing Bowl"},{"floor":14,"key":"Strawberry"},{"floor":23,"key":"Omamori"},{"floor":23,"key":"Ancient Tea Set"},{"floor":25,"key":"Darkstone Periapt"},{"floor":25,"key":"Blood Vial"},{"floor":26,"key":"Blue Candle"},{"floor":43,"key":"Anchor"},{"floor":46,"key":"War Paint"},{"floor":46,"key":"InkBottle"},{"floor":54,"key":"KratosMod:minohorn"},{"floor":54,"key":"Art of War"}],"event_choices":[{"damage_healed":0,"gold_gain":175,"player_choice":"AGREE","damage_taken":0,"max_hp_gain":0,"max_hp_loss":0,"event_name":"Liars Game","floor":10,"gold_loss":0,"cards_obtained":["Doubt"]},{"damage_healed":0,"gold_gain":0,"player_choice":"Entered Light","damage_taken":38,"max_hp_gain":0,"max_hp_loss":0,"event_name":"Shining Light","floor":11,"gold_loss":0,"cards_upgraded":["KratosMod:Tempor","KratosMod:cyclone"]},{"damage_healed":0,"gold_gain":0,"player_choice":"Ignored","damage_taken":0,"max_hp_gain":0,"max_hp_loss":0,"event_name":"Upgrade Shrine","floor":19,"gold_loss":0},{"cards_removed":["KratosMod:cyclone"],"damage_healed":0,"gold_gain":0,"player_choice":"Removed Attack","damage_taken":0,"max_hp_gain":0,"max_hp_loss":0,"event_name":"Falling","floor":38,"gold_loss":0}],"is_beta":false,"boss_relics":[{"not_picked":["Astrolabe","Sozu"],"picked":"Black Star"},{"not_picked":["SacredBark","Tiny House"],"picked":"Coffee Dripper"}],"items_purged_floors":[0,0,0,0,0,0,20,44],"is_endless":false,"potions_floor_spawned":[4,7,8,13,18,28,29,33,36,37,39,46,48],"ascension_level":0}}