{"host":"3z4ju2qnfrhpg6py","time":1612784919,"event":{"mods":["Act Like it!","Arknights","BaseMod","Colored Powertips","Minty Spire (QoL Compilation)","Spicy Shops","StSLib","UnlockEverythingMod","Wide Potions","noobMod","¡¾ÒÅÎï¿¨ÅÆ¡¿REMEMod"],"gold_per_floor":[113,73,85,104,119,147,157,192,192,48,61,61,87,52,52,154,154,173,173,193,206,206,235,235,267,320,333,31,58,58,70,70,167,167,181,199,199,214,54,289,305,335,335,335,361,371,385,400,400,400,400,400,12,44,44],"floor_reached":56,"language":"ZHS","playtime":2285,"items_purged":["ats:Defend","ats:Defend"],"score":1601,"play_id":"2e19bb12-d21e-43ee-a6cf-81b96cc38a27","local_time":"20210208194839","is_ascension_mode":true,"campfire_choices":[{"data":"ats:Emotion Absorption","floor":12,"key":"SMITH"},{"data":"ats:Overload","floor":15,"key":"SMITH"},{"data":"ats:Durian","floor":24,"key":"SMITH"},{"data":"ats:Poison Spread","floor":32,"key":"SMITH"},{"data":"ats:Rapid Magazine","floor":44,"key":"SMITH"},{"floor":49,"key":"RECALL"},{"data":"Apotheosis","floor":52,"key":"SMITH"}],"circlet_count":0,"master_deck":["ats:Strike C","ats:Strike G","ats:Strike S","ats:Strike V","ats:Armor Crushing Shot","ats:Defend","ats:Emotion Absorption+1","Finesse","ats:Rapid Magazine+1","ats:Overload+1","ats:Poison Spread","ats:Demon Strength","ats:Curse Doll","ats:Poison Spread","ats:Support Order","ats:Magnetic Hammer","ats:Durian+1","ats:Flexible Camouflage","ats:Powerful Strike","ats:Poison Spread","ats:Leaping Hammer","ats:Apocalypse","ats:Consecutive Shot Auto","ats:Poison Spread+1","ats:Ambush","ats:Curse Doll+1","Apotheosis+1","Doubt","ats:Phantom+1","ats:Poison Spread","ats:Curse Doll+1","ats:Absolute Focus+1","ats:Poison Spread"],"relics":["ats:Sanity Plus","REME_ComplimentaryCards","ice","NeowsBlessing","ats:Originium","Singing Bowl","Potion Belt","MealTicket","Art of War","Bird Faced Urn","Pocketwatch","Blood Vial","Membership Card","Nunchaku","Ancient Tea Set","Enchiridion","REME_DemonsWealth","Pen Nib","Strawberry","Gremlin Horn","Ornamental Fan","FossilizedHelix","ats:Snipe","Happy Flower","Boot","Bag of Preparation","ats:Defend","ats:Spiritual Recovery"],"acts_visited":["Exordium","TheCity","TheBeyond","TheEnding"],"potions_floor_usage":[55,55,55,55,55,55,55,55,55,55],"damage_taken":[{"damage":0,"enemies":"2 Louse","floor":1,"turns":1},{"damage":0,"enemies":"Cultist","floor":3,"turns":1},{"damage":0,"enemies":"ats:Genji","floor":4,"turns":1},{"damage":7,"enemies":"Large Slime","floor":5,"turns":5},{"damage":42,"enemies":"Lagavulin","floor":6,"turns":6},{"damage":19,"enemies":"Exordium Wildlife","floor":7,"turns":5},{"damage":18,"enemies":"3 Sentries","floor":8,"turns":6},{"damage":0,"enemies":"2 Fungi Beasts","floor":11,"turns":2},{"damage":13,"enemies":"Lagavulin","floor":13,"turns":4},{"damage":29,"enemies":"Hexaghost","floor":16,"turns":6},{"damage":30,"enemies":"Spheric Guardian","floor":18,"turns":5},{"damage":21,"enemies":"3 Byrds","floor":20,"turns":5},{"damage":18,"enemies":"Snecko","floor":21,"turns":5},{"damage":46,"enemies":"REME_1_Revenger","floor":23,"turns":4},{"damage":5,"enemies":"Book of Stabbing","floor":25,"turns":3},{"damage":0,"enemies":"Centurion and Healer","floor":27,"turns":3},{"damage":18,"enemies":"Slavers","floor":29,"turns":3},{"damage":6,"enemies":"Shelled Parasite and Fungi","floor":31,"turns":2},{"damage":10,"enemies":"Automaton","floor":33,"turns":4},{"damage":5,"enemies":"3 Shapes","floor":35,"turns":2},{"damage":12,"enemies":"3 Darklings","floor":36,"turns":2},{"damage":11,"enemies":"Jaw Worm Horde","floor":38,"turns":3},{"damage":4,"enemies":"Nemesis","floor":40,"turns":3},{"damage":0,"enemies":"Transient","floor":41,"turns":5},{"damage":5,"enemies":"Giant Head","floor":42,"turns":4},{"damage":66,"enemies":"Reptomancer","floor":45,"turns":4},{"damage":0,"enemies":"Spire Growth","floor":46,"turns":2},{"damage":14,"enemies":"3 Darklings","floor":47,"turns":3},{"damage":5,"enemies":"Transient","floor":48,"turns":5},{"damage":63,"enemies":"Awakened One","floor":50,"turns":7},{"damage":19,"enemies":"Shield and Spear","floor":54,"turns":4},{"damage":35,"enemies":"The Heart","floor":55,"turns":6}],"seed_played":"3262954661174484281","potions_obtained":[{"floor":2,"key":"EntropicBrew"},{"floor":2,"key":"ats:Flame Arts Potion"},{"floor":2,"key":"SteroidPotion"},{"floor":11,"key":"SpeedPotion"},{"floor":20,"key":"Block Potion"},{"floor":23,"key":"DuplicationPotion"},{"floor":29,"key":"SpeedPotion"},{"floor":33,"key":"Regen Potion"}],"is_trial":false,"path_per_floor":["M","?","M","M","M","E","M","E","T","$","M","R","E","$","R","B",null,"M","?","M","M","?","E","R","E","T","M","$","E","?","M","R","B",null,"M","M","?","M","$","E","M","E","T","R","E","M","M","M","R","B",null,"R","$","E","B",null],"character_chosen":"DOCTOR_CLASS","items_purchased":["MealTicket","ats:Curse Doll","ats:Magnetic Hammer","ats:Consecutive Shot Auto","Membership Card","Nunchaku","Apotheosis","Pen Nib","ats:Snipe","Happy Flower","Boot","Bag of Preparation","ats:Defend"],"campfire_rested":0,"item_purchase_floors":[10,10,14,28,28,28,39,39,53,53,53,53,53],"current_hp_per_floor":[72,72,72,72,65,25,6,58,58,58,58,58,45,60,60,31,90,60,60,41,23,23,107,107,104,104,110,125,113,97,98,98,106,153,150,144,144,149,162,167,179,184,184,184,126,138,134,151,151,104,213,213,213,200,213],"gold":44,"neow_bonus":"THREE_ENEMY_KILL","is_daily":false,"chose_seed":false,"campfire_upgraded":6,"win_rate":0.0,"timestamp":1612784919,"path_taken":["M","?","?","M","M","E","M","E","T","$","M","R","E","?","R","BOSS","M","?","M","M","?","E","R","E","T","M","?","E","?","?","R","BOSS","M","M","?","M","$","E","M","E","T","R","E","M","?","M","R","BOSS","R","$","E","BOSS"],"items_purchased_type":["Relic","Card","Card","Card","Relic","Relic","Card","Relic","Relic","Relic","Relic","Relic","Card"],"build_version":"2020-12-22","purchased_purges":2,"victory":true,"max_hp_per_floor":[72,72,72,72,72,74,74,79,79,79,79,79,80,80,80,90,90,94,94,126,129,129,134,134,139,139,140,140,147,147,148,148,153,153,156,158,158,162,162,175,182,184,184,184,192,192,196,201,201,213,213,213,213,222,279],"card_choices":[{"not_picked":["ats:Very Hot Blade","ats:Ignite"],"picked":"ats:Rapid Magazine","floor":1},{"not_picked":["ats:Burning Ground","ats:Hammer On","ats:Guard Mode"],"picked":"SKIP","floor":3},{"not_picked":["ats:Hammer On","ats:Flexible Camouflage"],"picked":"ats:Overload","floor":4},{"not_picked":["ats:Absolute Focus","ats:Very Hot Blade"],"picked":"ats:Poison Spread","floor":5},{"not_picked":["ats:Sword Rain","ats:Calcification","ats:Absolute Focus"],"picked":"Singing Bowl","floor":6},{"not_picked":["ats:Absolute Focus","ats:Flexible Camouflage"],"picked":"ats:Demon Strength","floor":7},{"not_picked":["ats:Revitalization","ats:Volcano","ats:Guardian Obelisk"],"picked":"Singing Bowl","floor":8},{"not_picked":["ats:Very Hot Blade","ats:Ignite"],"picked":"ats:Poison Spread","floor":11},{"not_picked":["ats:Healing Drone","ats:Counter Healing Mode"],"picked":"ats:Support Order","floor":13},{"not_picked":["ats:Disruption Kick","ats:Roar Of Ursus"],"picked":"ats:Durian","floor":16},{"not_picked":["ats:Part Time Job","ats:Curse Doll"],"picked":"ats:Flexible Camouflage","floor":18},{"not_picked":["ats:Very Hot Blade+1","ats:Sunburst+1","ats:Cat Scratch"],"picked":"Singing Bowl","floor":20},{"not_picked":["ats:Absolute Focus","ats:Serious Mode"],"picked":"ats:Powerful Strike","floor":21},{"not_picked":["ats:Hammer On","ats:Blood Oath"],"picked":"ats:Poison Spread","floor":23},{"not_picked":["ats:Flame Of Heaven","ats:LN2 Cannon"],"picked":"ats:Leaping Hammer","floor":25},{"not_picked":["ats:Leaping Hammer","ats:Encircling Forest"],"picked":"ats:Apocalypse","floor":27},{"not_picked":["ats:Blood Oath+1","ats:Assault Order+1","ats:Rapid Magazine"],"picked":"Singing Bowl","floor":29},{"not_picked":["ats:Flexible Camouflage","ats:Mental Burst"],"picked":"ats:Poison Spread","floor":31},{"not_picked":["ats:Soul Rend","ats:Nebulous Foxfire"],"picked":"ats:Ambush","floor":33},{"not_picked":["ats:Flexible Camouflage","ats:Hammer On+1","ats:Beaten Up","Decay"],"picked":"Singing Bowl","floor":35},{"not_picked":["ats:Shell Defense+1","ats:Echo Reverb","Normality"],"picked":"ats:Curse Doll+1","floor":36},{"not_picked":["ats:Magnetic Hammer","ats:Hammer On","ats:Revitalization+1","Doubt"],"picked":"Singing Bowl","floor":38},{"not_picked":["ats:Curse Doll","ats:Charging Defense","ats:Blood Oath+1"],"picked":"Doubt","floor":40},{"not_picked":["ats:Leaping Hammer","ats:Beaten Up","ats:Charging Defense","Regret"],"picked":"Singing Bowl","floor":41},{"not_picked":["ats:Charging Defense","ats:Curse Doll+1","Regret"],"picked":"ats:Phantom+1","floor":42},{"not_picked":["ats:Closed Bolt Burst Fire+1","ats:Flexible Camouflage","Clumsy"],"picked":"ats:Poison Spread","floor":45},{"not_picked":["ats:Serious Mode","ats:Apocalypse","Doubt"],"picked":"ats:Curse Doll+1","floor":46},{"not_picked":["ats:Red Shift","ats:Shell Defense+1","Decay"],"picked":"ats:Absolute Focus+1","floor":47},{"not_picked":["ats:Explosion Area Strengthen","ats:Mental Burst","Normality"],"picked":"ats:Poison Spread","floor":48},{"not_picked":["ats:Explosion Area Strengthen+1","ats:Blood Oath","ats:Sunburst","Decay"],"picked":"Singing Bowl","floor":54}],"player_experience":9488,"relics_obtained":[{"floor":6,"key":"ats:Originium"},{"floor":6,"key":"Singing Bowl"},{"floor":8,"key":"ats:Originium"},{"floor":8,"key":"Potion Belt"},{"floor":13,"key":"ats:Originium"},{"floor":13,"key":"Art of War"},{"floor":23,"key":"ats:Originium"},{"floor":23,"key":"Bird Faced Urn"},{"floor":25,"key":"ats:Originium"},{"floor":25,"key":"Pocketwatch"},{"floor":26,"key":"Blood Vial"},{"floor":29,"key":"Ancient Tea Set"},{"floor":30,"key":"Enchiridion"},{"floor":40,"key":"Strawberry"},{"floor":42,"key":"Gremlin Horn"},{"floor":43,"key":"Ornamental Fan"},{"floor":45,"key":"FossilizedHelix"},{"floor":54,"key":"ats:Spiritual Recovery"}],"event_choices":[{"damage_healed":0,"gold_gain":0,"player_choice":"Bought 3 Potions","damage_taken":0,"max_hp_gain":0,"max_hp_loss":0,"event_name":"The Woman in Blue","floor":2,"gold_loss":0},{"damage_healed":0,"gold_gain":0,"player_choice":"Ignored","damage_taken":0,"max_hp_gain":0,"max_hp_loss":0,"event_name":"Ghosts","floor":19,"gold_loss":0},{"damage_healed":0,"gold_gain":0,"player_choice":"Ignored","damage_taken":0,"max_hp_gain":0,"max_hp_loss":0,"event_name":"Vampires","floor":22,"gold_loss":0},{"damage_healed":0,"gold_gain":0,"player_choice":"Obtained Book","damage_taken":16,"max_hp_gain":0,"max_hp_loss":0,"event_name":"Cursed Tome","floor":30,"gold_loss":0},{"cards_removed":["ats:Defend"],"damage_healed":0,"gold_gain":0,"player_choice":"Purged","damage_taken":0,"max_hp_gain":0,"max_hp_loss":0,"event_name":"Purifier","floor":37,"gold_loss":0}],"is_beta":false,"boss_relics":[{"not_picked":["Runic Dome","Runic Pyramid"],"picked":"ats:Sanity Plus"},{"not_picked":["Fusion Hammer","Snecko Eye"],"picked":"REME_DemonsWealth"}],"items_purged_floors":[28,53],"is_endless":false,"potions_floor_spawned":[4,5,6,11,20,23,29,31,33,38,45,54],"ascension_level":2}}