{"host":"v3qphhcqhwfpabne","time":1612786455,"event":{"mods":["100% Spire Juice","2.2 Compatiblity","AchievementEnabler","BaseMod","CapriCore","DeckTracker","KinomotoSakuraMod(ÙÊñýÜâ?)","Koishi","Marisa£¨Ùöéë¡¡Øª×âÞÞ£©","Minty Spire (QoL Compilation)","Permanent Neow","Prisma Mod","StSLib","Td1madao Mod","The Bug Knight","The Cursed","The Immortal","The Runesmith","WarShipGirlsR/??á´Ò³R mod"],"gold_per_floor":[361,31,31,31,45,89,102,102,102],"floor_reached":8,"language":"KOR","playtime":782,"items_purged":[],"score":62,"play_id":"9654fc5c-8837-4be6-bba0-725f92772e25","local_time":"20210208211415","is_ascension_mode":true,"campfire_choices":[],"circlet_count":0,"master_deck":["Strike_R","Strike_R","Strike_R","Strike_R","Strike_R","Defend_R","Defend_R","Defend_R","Defend_R","Bash","Heavy Blade","Secret Weapon","Pommel Strike","Bludgeon","Headbutt","Warcry"],"relics":["Burning Blood","Blood Vial","Golden Idol","Turnip"],"acts_visited":["Exordium"],"potions_floor_usage":[6,8],"damage_taken":[{"damage":15,"enemies":"Cultist","floor":1,"turns":5},{"damage":8,"enemies":"Small Slimes","floor":5,"turns":3},{"damage":21,"enemies":"Lagavulin","floor":6,"turns":5},{"damage":6,"enemies":"2 Louse","floor":7,"turns":2},{"damage":27,"enemies":"3 Sentries","floor":8,"turns":4}],"seed_played":"-7721434578484064550","potions_obtained":[{"floor":1,"key":"Weak Potion"},{"floor":7,"key":"SkillPotion"}],"is_trial":false,"path_per_floor":["M","$","?","?","M","E","M","E"],"character_chosen":"IRONCLAD","items_purchased":["Secret Weapon","Blood Vial"],"campfire_rested":0,"item_purchase_floors":[2,2],"current_hp_per_floor":[63,63,45,45,45,32,34,9,9],"gold":102,"neow_bonus":"TWO_FIFTY_GOLD","is_daily":false,"chose_seed":false,"campfire_upgraded":0,"win_rate":0.0,"timestamp":1612786455,"path_taken":["M","$","?","?","?","E","M","E"],"items_purchased_type":["Card","Relic"],"build_version":"2020-12-22","purchased_purges":0,"victory":false,"max_hp_per_floor":[72,72,72,72,72,72,72,72,72],"card_choices":[{"not_picked":["Pommel Strike","Warcry"],"picked":"Heavy Blade","floor":1},{"not_picked":["Clothesline","Evolve"],"picked":"Headbutt","floor":5},{"not_picked":["Combust","Feel No Pain","Flame Barrier"],"picked":"SKIP","floor":6},{"not_picked":["Cleave","Metallicize"],"picked":"Warcry","floor":7}],"player_experience":111089,"relics_obtained":[{"floor":6,"key":"Turnip"}],"event_choices":[{"damage_healed":0,"gold_gain":0,"player_choice":"Take Damage","damage_taken":18,"relics_obtained":["Golden Idol"],"max_hp_gain":0,"max_hp_loss":0,"event_name":"Golden Idol","floor":3,"gold_loss":0},{"damage_healed":0,"gold_gain":0,"player_choice":"2 cards matched","damage_taken":0,"max_hp_gain":0,"max_hp_loss":0,"event_name":"Match and Keep!","floor":4,"gold_loss":0,"cards_obtained":["Pommel Strike","Bludgeon"]}],"is_beta":false,"boss_relics":[],"items_purged_floors":[],"is_endless":false,"potions_floor_spawned":[1,7],"killed_by":"3 Sentries","ascension_level":2}}