{"host":"sygfylmorsvdndbx","time":1612752753,"event":{"mods":["AchievementEnabler","BaseMod","Bestiary","Highlight Path","Minty Spire (QoL Compilation)","Permanent Neow","Quick Restart","Relic Stats"],"gold_per_floor":[212,162,176,186,204,236,236,5,5,39,57,72,82,94,94,192,192,204,214,214,214,214,214,225,225,280,310,329,354,74,91,91,191,191,206,219,236,252,10,41,41,75,100,125,125,125,125,125,125,125,125,125,0,29,29,29],"floor_reached":55,"language":"ENG","playtime":5164,"items_purged":["Strike_G","Strike_G","Pain"],"score":1339,"play_id":"d6b2abc5-36e0-4f27-bcc4-aa023170ca06","local_time":"20210207215233","is_ascension_mode":true,"campfire_choices":[{"data":"Dagger Spray","floor":7.0,"key":"SMITH"},{"data":"Finisher","floor":15.0,"key":"SMITH"},{"floor":23.0,"key":"REST"},{"data":"RitualDagger","floor":25.0,"key":"SMITH"},{"data":"Blade Dance","floor":32,"key":"SMITH"},{"data":"Wraith Form v2","floor":41,"key":"SMITH"},{"data":"Tools of the Trade","floor":45,"key":"SMITH"},{"data":"Blade Dance","floor":47,"key":"SMITH"},{"floor":49,"key":"RECALL"},{"data":"Blade Dance","floor":52,"key":"SMITH"}],"circlet_count":0,"master_deck":["AscendersBane","Strike_G+1","Strike_G","Defend_G","Defend_G","Defend_G","Survivor","Neutralize","Blade Dance+1","Backflip","Dash+1","Dagger Spray+1","PiercingWail","Noxious Fumes","Finisher+1","After Image","Night Terror+1","Dagger Throw+1","Prepared+1","Underhanded Strike+1","RitualDagger+1","Blade Dance+1","After Image","Blade Dance+1","Blur","Backstab+1","Wraith Form v2+1","Deflect+1","Backflip+1","Tools of the Trade+1","Backflip+1","Blade Dance"],"relics":["Ring of the Snake","Pen Nib","Toolbox","Singing Bowl","HornCleat","Astrolabe","Enchiridion","Blood Vial","Kunai","Shuriken","Orrery","WristBlade","Eternal Feather","Toy Ornithopter","Whetstone","Centennial Puzzle","WarpedTongs","Unceasing Top"],"acts_visited":["Exordium","TheCity","TheBeyond","TheEnding"],"potions_floor_usage":[27,29,40,55],"damage_taken":[{"damage":6.0,"enemies":"Jaw Worm","floor":1.0,"turns":7.0},{"damage":1.0,"enemies":"Small Slimes","floor":3.0,"turns":4.0},{"damage":1.0,"enemies":"2 Louse","floor":4.0,"turns":3.0},{"damage":0.0,"enemies":"Blue Slaver","floor":5.0,"turns":5.0},{"damage":18.0,"enemies":"Gremlin Nob","floor":6.0,"turns":3.0},{"damage":5.0,"enemies":"Lagavulin","floor":10.0,"turns":6.0},{"damage":0.0,"enemies":"Lots of Slimes","floor":11.0,"turns":1.0},{"damage":1.0,"enemies":"Large Slime","floor":12.0,"turns":6.0},{"damage":0.0,"enemies":"Blue Slaver","floor":13.0,"turns":4.0},{"damage":0.0,"enemies":"Exordium Wildlife","floor":14.0,"turns":5.0},{"damage":24.0,"enemies":"Slime Boss","floor":16.0,"turns":7.0},{"damage":19.0,"enemies":"2 Thieves","floor":18.0,"turns":2.0},{"damage":0.0,"enemies":"Spheric Guardian","floor":19.0,"turns":3.0},{"damage":18.0,"enemies":"Cultist and Chosen","floor":24.0,"turns":7.0},{"damage":22,"enemies":"Slavers","floor":27,"turns":4},{"damage":0,"enemies":"Snake Plant","floor":28,"turns":3},{"damage":2,"enemies":"Book of Stabbing","floor":29,"turns":3},{"damage":0,"enemies":"Centurion and Healer","floor":31,"turns":5},{"damage":25,"enemies":"Champ","floor":33,"turns":7},{"damage":1,"enemies":"Orb Walker","floor":35,"turns":4},{"damage":2,"enemies":"3 Shapes","floor":36,"turns":3},{"damage":18,"enemies":"Transient","floor":37,"turns":5},{"damage":14,"enemies":"Spire Growth","floor":38,"turns":5},{"damage":0,"enemies":"Reptomancer","floor":40,"turns":3},{"damage":21,"enemies":"Nemesis","floor":42,"turns":3},{"damage":0,"enemies":"Giant Head","floor":44,"turns":7},{"damage":27,"enemies":"Awakened One","floor":50,"turns":10},{"damage":0,"enemies":"Shield and Spear","floor":54,"turns":4},{"damage":145,"enemies":"The Heart","floor":55,"turns":6}],"seed_played":"6671719065772763553","potions_obtained":[{"floor":1.0,"key":"FearPotion"},{"floor":4.0,"key":"ColorlessPotion"},{"floor":5.0,"key":"ColorlessPotion"},{"floor":11.0,"key":"Regen Potion"},{"floor":19.0,"key":"SmokeBomb"},{"floor":24.0,"key":"FairyPotion"},{"floor":28,"key":"Swift Potion"},{"floor":31,"key":"PowerPotion"},{"floor":35,"key":"Regen Potion"}],"is_trial":false,"path_per_floor":["M","$","M","M","M","E","R","$","T","E","M","M","M","M","R","B",null,"M","M","?","?","?","R","M","R","T","E","M","E","$","M","R","B",null,"M","M","M","M","$","E","R","E","T","E","R","?","R","?","R","B",null,"R","$","E","B"],"character_chosen":"THE_SILENT","items_purchased":["Blade Dance","Toolbox","Orrery","Blur","Eternal Feather"],"campfire_rested":1,"item_purchase_floors":[2,8,30,30,39],"current_hp_per_floor":[57,57,56,55,55,37,37,37,37,34,36,35,35,37,37,28,64,45,47,47,41,25,48,32,32,32,12,16,18,24,26,26,3,68,71,71,55,45,45,47,65,48,48,50,68,68,86,86,96,69,89,96,96,96,0,0],"gold":29,"neow_bonus":"HUNDRED_GOLD","is_daily":false,"chose_seed":false,"campfire_upgraded":8,"win_rate":0.0,"timestamp":1612752753,"path_taken":["M","$","M","M","M","E","R","$","T","E","M","M","M","M","R","BOSS","M","M","?","?","?","R","M","R","T","E","M","E","$","M","R","BOSS","M","M","M","M","$","E","R","E","T","E","R","?","R","?","R","BOSS","R","$","E","BOSS"],"items_purchased_type":["Card","Relic","Relic","Card","Relic"],"build_version":"2020-12-22","purchased_purges":3,"victory":false,"max_hp_per_floor":[70,70,70,70,70,70,70,70,70,72,74,74,74,76,76,76,76,76,78,78,78,78,78,80,80,80,80,82,84,90,90,90,90,90,92,92,92,94,94,94,94,96,96,96,96,96,96,96,96,96,96,96,96,96,96,96],"relic_stats":{"Singing Bowl":26,"counters":[29,135],"Astrolabe":["Night Terror","Dagger Throw","Prepared"],"Eternal Feather":71,"Pen Nib":[33],"Whetstone":["Strike_G","Dash"],"WarpedTongs":[13],"Blood Vial":24,"Centennial Puzzle":[5],"Shuriken":[53],"Kunai":[57],"obtain_stats":[{"Singing Bowl":9,"Astrolabe":17,"Enchiridion":22,"Eternal Feather":39,"Pen Nib":6,"Whetstone":42,"WarpedTongs":48,"Blood Vial":26,"Centennial Puzzle":44,"HornCleat":10,"WristBlade":34,"Shuriken":29,"Toolbox":8,"Orrery":30,"Kunai":27,"Toy Ornithopter":40,"Unceasing Top":54,"Ring of the Snake":0},{"Singing Bowl":5,"Astrolabe":11,"Enchiridion":13,"Eternal Feather":23,"Pen Nib":5,"Whetstone":25,"WarpedTongs":26,"Blood Vial":14,"Centennial Puzzle":26,"HornCleat":6,"WristBlade":19,"Shuriken":17,"Toolbox":5,"Orrery":17,"Kunai":15,"Toy Ornithopter":24,"Unceasing Top":28,"Ring of the Snake":0},{"Singing Bowl":22,"Astrolabe":51,"Enchiridion":56,"Eternal Feather":102,"Pen Nib":22,"Whetstone":108,"WarpedTongs":115,"Blood Vial":63,"Centennial Puzzle":115,"HornCleat":28,"WristBlade":85,"Shuriken":73,"Toolbox":22,"Orrery":73,"Kunai":67,"Toy Ornithopter":105,"Unceasing Top":129,"Ring of the Snake":0}],"Toy Ornithopter":5,"Unceasing Top":[0],"Ring of the Snake":[58]},"card_choices":[{"not_picked":["Flechettes","Quick Slash"],"picked":"Well Laid Plans","floor":1.0},{"not_picked":["Slice","Dagger Throw"],"picked":"Backflip","floor":3.0},{"not_picked":["Accuracy","Poisoned Stab"],"picked":"Dash","floor":4.0},{"not_picked":["Tactician","Quick Slash"],"picked":"Dagger Spray","floor":5.0},{"not_picked":["Crippling Poison","Quick Slash"],"picked":"PiercingWail","floor":6.0},{"not_picked":["Accuracy","Dodge and Roll","Prepared"],"picked":"Singing Bowl","floor":10.0},{"not_picked":["Tactician","Deflect","Underhanded Strike"],"picked":"Singing Bowl","floor":11.0},{"not_picked":["Quick Slash","Infinite Blades"],"picked":"Noxious Fumes","floor":12.0},{"not_picked":["Underhanded Strike","Prepared"],"picked":"Finisher","floor":13.0},{"not_picked":["Slice","Sucker Punch","Prepared"],"picked":"Singing Bowl","floor":14.0},{"not_picked":["Doppelganger","Storm of Steel"],"picked":"After Image","floor":16.0},{"not_picked":["Dagger Spray","PiercingWail"],"picked":"Underhanded Strike+1","floor":18.0},{"not_picked":["Reflex","Cloak And Dagger","Quick Slash+1"],"picked":"Singing Bowl","floor":19.0},{"not_picked":["Quick Slash","Endless Agony","Cloak And Dagger"],"picked":"Singing Bowl","floor":24.0},{"not_picked":["Riddle With Holes","Quick Slash+1"],"picked":"Blade Dance","floor":27},{"not_picked":["Backstab","Outmaneuver","Bane"],"picked":"Singing Bowl","floor":28},{"not_picked":["Dagger Throw","Flying Knee","PiercingWail"],"picked":"Singing Bowl","floor":29},{"not_picked":["PiercingWail","Poisoned Stab"],"picked":"After Image","floor":30},{"not_picked":["Dagger Throw","Flying Knee+1"],"picked":"Blade Dance","floor":30},{"not_picked":["Setup+1","Dagger Spray","Bane"],"picked":"Singing Bowl","floor":30},{"not_picked":["Poisoned Stab","Cloak And Dagger","Prepared"],"picked":"Singing Bowl","floor":30},{"not_picked":["Unload","Finisher","Quick Slash"],"picked":"Singing Bowl","floor":30},{"not_picked":["Slice+1","Masterful Stab"],"picked":"Backstab+1","floor":31},{"not_picked":["Grand Finale","Tools of the Trade"],"picked":"Wraith Form v2","floor":33},{"not_picked":["Distraction+1","Outmaneuver","Prepared+1"],"picked":"Singing Bowl","floor":35},{"not_picked":["Skewer","Distraction"],"picked":"Deflect+1","floor":36},{"not_picked":["Dash","Blade Dance"],"picked":"Backflip+1","floor":37},{"not_picked":["Infinite Blades+1","Bane+1","Well Laid Plans+1"],"picked":"Singing Bowl","floor":38},{"not_picked":["Calculated Gamble+1","Heel Hook+1"],"picked":"Tools of the Trade","floor":40},{"not_picked":["All Out Attack","Tools of the Trade","Leg Sweep"],"picked":"Singing Bowl","floor":42},{"not_picked":["Cloak And Dagger","Flechettes+1"],"picked":"Backflip+1","floor":44},{"not_picked":["Dagger Spray+1","Poisoned Stab+1"],"picked":"Blade Dance","floor":54}],"player_experience":440363,"relics_obtained":[{"floor":6.0,"key":"Pen Nib"},{"floor":9.0,"key":"Singing Bowl"},{"floor":10.0,"key":"HornCleat"},{"floor":22.0,"key":"Enchiridion"},{"floor":26.0,"key":"Blood Vial"},{"floor":27,"key":"Kunai"},{"floor":29,"key":"Shuriken"},{"floor":40,"key":"Toy Ornithopter"},{"floor":42,"key":"Whetstone"},{"floor":44,"key":"Centennial Puzzle"},{"floor":54,"key":"Unceasing Top"}],"event_choices":[{"damage_healed":0.0,"max_hp_gain":0.0,"max_hp_loss":0.0,"gold_gain":0.0,"event_name":"Vampires","player_choice":"Ignored","floor":20.0,"gold_loss":0.0,"damage_taken":0.0},{"damage_healed":0.0,"max_hp_gain":0.0,"max_hp_loss":0.0,"gold_gain":0.0,"event_name":"Nest","player_choice":"Joined the Cult","floor":21.0,"gold_loss":0.0,"damage_taken":6.0,"cards_obtained":["RitualDagger"]},{"damage_healed":0.0,"max_hp_gain":0.0,"max_hp_loss":0.0,"gold_gain":0.0,"event_name":"Cursed Tome","player_choice":"Obtained Book","floor":22.0,"gold_loss":0.0,"damage_taken":16.0},{"cards_removed":["Well Laid Plans"],"damage_healed":0,"gold_gain":0,"player_choice":"Removed Power","damage_taken":0,"max_hp_gain":0,"max_hp_loss":0,"event_name":"Falling","floor":46,"gold_loss":0},{"damage_healed":0,"gold_gain":0,"player_choice":"Rummage","damage_taken":0,"relics_obtained":["WarpedTongs"],"max_hp_gain":0,"max_hp_loss":0,"event_name":"Accursed Blacksmith","floor":48,"gold_loss":0,"cards_obtained":["Pain"]}],"is_beta":false,"boss_relics":[{"not_picked":["Empty Cage","SlaversCollar"],"picked":"Astrolabe"},{"not_picked":["Velvet Choker","Ring of the Serpent"],"picked":"WristBlade"}],"items_purged_floors":[8,30,53],"is_endless":false,"potions_floor_spawned":[1,4,5,11,19,24,28,31,35,37],"killed_by":"The Heart","ascension_level":10}}