{"host":"sav7uxregyirlf69","time":1612768106,"event":{"mods":["AchievementEnabler","BaseMod","Colored Map","DeckTracker","Keyboard Shortcuts","Minty Spire (QoL Compilation)","READ ME - Guardian Mod","StSLib","SuperFastMode"],"gold_per_floor":[115,115,115,10,10,10,40,63,114,149,159,159,173,185,185,256,256,275,9,9,24,43,43,43,57,137,147,147,147],"floor_reached":28,"language":"KOR","playtime":394,"items_purged":["Defend_G","Strike_G"],"score":506,"play_id":"5d5fceb0-1f3d-46b8-a716-908f03298c64","local_time":"20210208160826","is_ascension_mode":true,"campfire_choices":[{"data":"Dagger Spray","floor":6.0,"key":"SMITH"},{"data":"Bouncing Flask","floor":12,"key":"SMITH"},{"data":"Neutralize","floor":15,"key":"SMITH"},{"floor":23,"key":"REST"}],"circlet_count":0,"master_deck":["AscendersBane","Strike_G+1","Strike_G+1","Defend_G","Defend_G","Defend_G","Defend_G","Survivor","Neutralize+1","Acrobatics","Dagger Spray+1","Footwork","Masterful Stab","Bouncing Flask+1","PiercingWail","Corpse Explosion","Tactician","Concentrate","Calculated Gamble"],"relics":["Ring of the Snake","NeowsBlessing","Smiling Mask","Pear","Odd Mushroom","Whetstone","Bronze Scales","Philosopher\u0027s Stone","Membership Card","Frozen Egg 2"],"acts_visited":["Exordium","TheCity"],"potions_floor_usage":[16,18,25,25,28],"damage_taken":[{"damage":0.0,"enemies":"2 Louse","floor":1.0,"turns":1.0},{"damage":0.0,"enemies":"3 Sentries","floor":7.0,"turns":1.0},{"damage":0,"enemies":"The Mushroom Lair","floor":8,"turns":1},{"damage":18,"enemies":"Gremlin Nob","floor":10,"turns":4},{"damage":0,"enemies":"Small Slimes","floor":11,"turns":1},{"damage":4,"enemies":"Jaw Worm","floor":13,"turns":2},{"damage":1,"enemies":"Looter","floor":14,"turns":3},{"damage":4,"enemies":"The Guardian","floor":16,"turns":8},{"damage":13,"enemies":"3 Byrds","floor":18,"turns":4},{"damage":21,"enemies":"2 Thieves","floor":21,"turns":2},{"damage":14,"enemies":"Snake Plant","floor":22,"turns":4},{"damage":5,"enemies":"Centurion and Healer","floor":25,"turns":5},{"damage":21,"enemies":"Sentry and Sphere","floor":27,"turns":5},{"damage":14,"enemies":"Colosseum Slavers","floor":28,"turns":1}],"seed_played":"-5925782666770875865","potions_obtained":[{"floor":7,"key":"ColorlessPotion"},{"floor":10,"key":"BlessingOfTheForge"},{"floor":16,"key":"CunningPotion"},{"floor":18,"key":"AttackPotion"},{"floor":22,"key":"Dexterity Potion"},{"floor":27,"key":"PowerPotion"}],"is_trial":false,"path_per_floor":["M","?","?","$","T","R","E","?","T","E","M","R","M","M","R","B",null,"M","$","?","M","M","R","?","M","T","M","?"],"character_chosen":"THE_SILENT","items_purchased":["Dagger Spray","Membership Card","Tactician"],"campfire_rested":1,"item_purchase_floors":[4,19,19],"current_hp_per_floor":[59,59,54,54,64,64,64,64,64,46,46,46,42,41,41,37,66,53,53,53,32,18,40,40,35,35,14,0,0],"gold":147,"neow_bonus":"THREE_ENEMY_KILL","is_daily":false,"chose_seed":false,"campfire_upgraded":3,"win_rate":0.0,"timestamp":1612768106,"path_taken":["M","?","?","$","?","R","E","?","T","E","?","R","?","M","R","BOSS","M","$","?","M","M","R","?","M","T","M","?"],"items_purchased_type":["Card","Relic","Card"],"build_version":"2020-12-22","purchased_purges":2,"victory":false,"max_hp_per_floor":[66,66,66,66,76,76,76,76,76,76,76,76,76,76,76,76,76,76,76,76,76,76,76,76,76,76,76,76,76],"card_choices":[{"not_picked":["Sucker Punch","Prepared"],"picked":"Acrobatics","floor":1.0},{"not_picked":["Dagger Throw","Masterful Stab"],"picked":"Footwork","floor":7},{"not_picked":["Calculated Gamble","Dagger Throw"],"picked":"Masterful Stab","floor":8},{"not_picked":["Leg Sweep","Dagger Throw"],"picked":"Bouncing Flask","floor":10},{"not_picked":["Poisoned Stab","Bane","Infinite Blades"],"picked":"SKIP","floor":11},{"not_picked":["Prepared","Dagger Throw"],"picked":"PiercingWail","floor":13},{"not_picked":["Reflex","Distraction","Predator"],"picked":"SKIP","floor":14},{"not_picked":["Envenom","Glass Knife"],"picked":"Corpse Explosion","floor":16},{"not_picked":["Dagger Throw","Bane+1","Finisher"],"picked":"SKIP","floor":18},{"not_picked":["Endless Agony","Deflect","Outmaneuver"],"picked":"SKIP","floor":21},{"not_picked":["Deadly Poison","Terror+1","Predator"],"picked":"SKIP","floor":22},{"not_picked":["Deadly Poison","Poisoned Stab","Infinite Blades"],"picked":"SKIP","floor":25},{"not_picked":["Bane","Slice","Dodge and Roll"],"picked":"SKIP","floor":27}],"player_experience":1521304,"relics_obtained":[{"floor":5.0,"key":"Pear"},{"floor":8,"key":"Odd Mushroom"},{"floor":9,"key":"Whetstone"},{"floor":10,"key":"Bronze Scales"},{"floor":26,"key":"Frozen Egg 2"}],"event_choices":[{"damage_healed":0.0,"max_hp_gain":0.0,"max_hp_loss":0.0,"gold_gain":0.0,"cards_transformed":["Strike_G"],"event_name":"Living Wall","player_choice":"Change","floor":2.0,"gold_loss":0.0,"damage_taken":0.0,"cards_obtained":["Poisoned Stab"]},{"damage_healed":0.0,"max_hp_gain":0.0,"max_hp_loss":0.0,"gold_gain":0.0,"event_name":"Scrap Ooze","player_choice":"Success","floor":3.0,"gold_loss":0.0,"damage_taken":5.0,"relics_obtained":["Smiling Mask"]},{"damage_healed":0,"gold_gain":0,"player_choice":"Fought Mushrooms","damage_taken":0,"max_hp_gain":0,"max_hp_loss":0,"event_name":"Mushrooms","floor":8,"gold_loss":0},{"damage_healed":0,"gold_gain":0,"cards_transformed":["Strike_G","Poisoned Stab"],"player_choice":"Became Test Subject","damage_taken":0,"max_hp_gain":0,"max_hp_loss":0,"event_name":"Drug Dealer","floor":24,"gold_loss":0,"cards_obtained":["Concentrate","Calculated Gamble"]},{"damage_healed":0,"gold_gain":0,"player_choice":"Fight","damage_taken":0,"max_hp_gain":0,"max_hp_loss":0,"event_name":"Colosseum","floor":28,"gold_loss":0}],"is_beta":false,"boss_relics":[{"not_picked":["Black Star","WristBlade"],"picked":"Philosopher\u0027s Stone"}],"items_purged_floors":[4,19],"is_endless":false,"potions_floor_spawned":[7,10,16,18,22,27],"killed_by":"Colosseum Slavers","ascension_level":20}}