{"host":"7ap89n2sm7vm35bt","time":1612792372,"event":{"mods":["AchievementEnabler","Aspiration","BaseMod","Minty Spire (QoL Compilation)","StSLib","[IsaacMod]ÒÔÈö¼âËþ"],"gold_per_floor":[114,114,114,39,51,51,78,78,102,120,120,39,39,59,59,154,154,174,74,85,85,85,111,126,126,126,153,167,193,200,220,220,330,330,370,245,268,268,268,268,268,279,279,279,279,306,359,377,377,384],"floor_reached":51,"language":"ZHS","playtime":1749,"items_purged":["Strike_R","Strike_R","Searing Blow+1"],"score":1041,"play_id":"34e6724d-e8a1-4bed-8aa4-399af647c9aa","local_time":"20210208215251","is_ascension_mode":false,"campfire_choices":[{"data":"Bash","floor":6.0,"key":"SMITH"},{"data":"Shrug It Off","floor":8.0,"key":"SMITH"},{"data":"Ghostly Armor","floor":11.0,"key":"SMITH"},{"data":"True Grit","floor":15.0,"key":"SMITH"},{"data":"Strike_R","floor":25.0,"key":"SMITH"},{"floor":32.0,"key":"REST"},{"floor":40.0,"key":"RECALL"},{"floor":49,"key":"REST"}],"circlet_count":0,"master_deck":["Strike_R+1","Defend_R+1","Defend_R+1","Bash+1","Ghostly Armor+1","Shrug It Off+1","Clash+1","Dropkick+1","True Grit+1","Reaper+1","Pummel+1","Double Tap+1","Body Slam+1","PanicButton+1","Flex+1","Finesse+1","Seeing Red+1"],"relics":["Burning Blood","HushsDoor","NeowsBlessing","BookOfRevelations","Molten Egg 2","Tiny Chest","Busted Crown","aspiration:RitualStick","TheBean","Toxic Egg 2","SalivaCoin","Astrolabe","GuppysCollar","Vajra","BelialBook","Shuriken","aspiration:SeaSaltIceCream","aspiration:Nostalgia","PureWater"],"acts_visited":["Exordium","TheCity","TheBeyond"],"potions_floor_usage":[50,50,50],"damage_taken":[{"damage":0.0,"enemies":"Small Slimes","floor":1.0,"turns":1.0},{"damage":0.0,"enemies":"Cultist","floor":5.0,"turns":1.0},{"damage":0.0,"enemies":"Lagavulin","floor":7.0,"turns":1.0},{"damage":1.0,"enemies":"Jaw Worm","floor":10.0,"turns":3.0},{"damage":2.0,"enemies":"Looter","floor":14.0,"turns":3.0},{"damage":0.0,"enemies":"The Guardian","floor":16.0,"turns":9.0},{"damage":0.0,"enemies":"Shell Parasite","floor":18.0,"turns":4.0},{"damage":4.0,"enemies":"Spheric Guardian","floor":20.0,"turns":7.0},{"damage":20.0,"enemies":"Book of Stabbing","floor":23.0,"turns":6.0},{"damage":0.0,"enemies":"Snake Plant","floor":24.0,"turns":2.0},{"damage":20.0,"enemies":"Colosseum Slavers","floor":28.0,"turns":5.0},{"damage":12.0,"enemies":"Centurion and Healer","floor":29.0,"turns":6.0},{"damage":5.0,"enemies":"Snecko","floor":31.0,"turns":8.0},{"damage":0.0,"enemies":"Collector","floor":33.0,"turns":10.0},{"damage":7.0,"enemies":"3 Shapes","floor":35.0,"turns":6.0},{"damage":0.0,"enemies":"Orb Walker","floor":42.0,"turns":2.0},{"damage":17.0,"enemies":"Maw","floor":46.0,"turns":7.0},{"damage":57.0,"enemies":"Reptomancer","floor":47.0,"turns":6.0},{"damage":2,"enemies":"4 Shapes","floor":48,"turns":6},{"damage":0,"enemies":"Donu and Deca","floor":50,"turns":9}],"seed_played":"-4613119540520843790","potions_obtained":[{"floor":5.0,"key":"CultistPotion"},{"floor":7.0,"key":"Ancient Potion"},{"floor":18.0,"key":"Fire Potion"},{"floor":29.0,"key":"Explosive Potion"},{"floor":31.0,"key":"ColorlessPotion"},{"floor":39.0,"key":"Fruit Juice"},{"floor":39.0,"key":"Fruit Juice"},{"floor":39.0,"key":"Regen Potion"},{"floor":42.0,"key":"Weak Potion"},{"floor":46.0,"key":"PowerPotion"},{"floor":47.0,"key":"EssenceOfSteel"}],"is_trial":false,"path_per_floor":["M","?","?","$","M","R","E","R","T","M","R","$","?","M","R","B",null,"M","$","M","?","$","E","M","R","T","T","?","M","?","M","R","B",null,"M","$","T","?","?","R","?","M","T","T","?","M","E","M","R","B",null],"character_chosen":"IRONCLAD","items_purchased":["Dropkick+1","GuppysCollar"],"campfire_rested":2,"item_purchase_floors":[12,34],"current_hp_per_floor":[80,73,73,73,79,79,87,87,87,87,87,87,87,87,87,87,87,87,87,87,70,70,63,69,69,69,69,67,73,56,64,91,92,79,79,79,79,79,89,89,89,89,89,89,89,78,60,89,89,89],"gold":384,"neow_bonus":"THREE_ENEMY_KILL","is_daily":false,"chose_seed":false,"campfire_upgraded":5,"win_rate":0.0,"timestamp":1612792371,"path_taken":["M","?","?","$","M","R","E","R","T","?","R","$","?","M","R","BOSS","M","$","M","?","$","E","M","R","T","?","?","?","?","M","R","BOSS","M","$","?","?","?","R","?","M","T","?","?","M","E","M","R","BOSS"],"items_purchased_type":["Card","Relic"],"build_version":"2020-12-22","purchased_purges":3,"victory":true,"max_hp_per_floor":[80,80,80,80,80,80,87,87,87,87,87,87,87,87,87,87,87,87,87,87,87,87,87,87,87,87,87,87,87,92,92,92,92,79,79,79,79,79,89,89,89,89,89,89,89,89,89,89,89,89],"card_choices":[{"not_picked":["Havoc","Rupture","Sword Boomerang"],"picked":"SKIP","floor":1.0},{"not_picked":["Sword Boomerang+1","Heavy Blade+1"],"picked":"Ghostly Armor","floor":5.0},{"not_picked":["Rupture","Wild Strike+1"],"picked":"Shrug It Off","floor":7.0},{"not_picked":["Rage","Sword Boomerang+1"],"picked":"Clash+1","floor":10.0},{"not_picked":["Intimidate","Hemokinesis+1"],"picked":"True Grit","floor":14.0},{"not_picked":["Offering","Brutality"],"picked":"Reaper+1","floor":16.0},{"not_picked":["Clash+1"],"picked":"SKIP","floor":18.0},{"not_picked":["Shrug It Off"],"picked":"SKIP","floor":20.0},{"not_picked":["Shrug It Off"],"picked":"SKIP","floor":23.0},{"not_picked":["Evolve"],"picked":"SKIP","floor":24.0},{"not_picked":["Perfected Strike+1"],"picked":"SKIP","floor":29.0},{"not_picked":[],"picked":"Pummel+1","floor":31.0},{"not_picked":[],"picked":"Double Tap+1","floor":33.0},{"not_picked":["True Grit+1"],"picked":"SKIP","floor":35.0},{"not_picked":[],"picked":"PanicButton+1","floor":41.0},{"not_picked":["Armaments+1"],"picked":"SKIP","floor":42.0},{"not_picked":["Twin Strike+1"],"picked":"SKIP","floor":46.0},{"not_picked":[],"picked":"Seeing Red+1","floor":47.0},{"not_picked":["Anger+1"],"picked":"SKIP","floor":48}],"player_experience":259570,"relics_obtained":[{"floor":7.0,"key":"Strawberry"},{"floor":9.0,"key":"Tiny Chest"},{"floor":23.0,"key":"TheBean"},{"floor":26.0,"key":"Toxic Egg 2"},{"floor":27.0,"key":"SalivaCoin"},{"floor":37.0,"key":"Vajra"},{"floor":43.0,"key":"BelialBook"},{"floor":44.0,"key":"Shuriken"},{"floor":47.0,"key":"aspiration:SeaSaltIceCream"}],"event_choices":[{"damage_healed":0.0,"max_hp_gain":0.0,"max_hp_loss":0.0,"gold_gain":0.0,"event_name":"Scrap Ooze","player_choice":"Success","floor":2.0,"gold_loss":0.0,"damage_taken":7.0,"relics_obtained":["Molten Egg 2"]},{"cards_removed":["Strike_R"],"damage_healed":0.0,"max_hp_gain":0.0,"max_hp_loss":0.0,"gold_gain":0.0,"event_name":"Purifier","player_choice":"Purged","floor":3.0,"gold_loss":0.0,"damage_taken":0.0},{"damage_healed":0.0,"max_hp_gain":0.0,"max_hp_loss":0.0,"gold_gain":0.0,"event_name":"Colosseum","player_choice":"Fight","floor":28.0,"gold_loss":0.0,"damage_taken":0.0},{"damage_healed":0.0,"max_hp_gain":0.0,"max_hp_loss":0.0,"gold_gain":0.0,"event_name":"Colosseum","player_choice":"Fled From Nobs","floor":28.0,"gold_loss":0.0,"damage_taken":0.0},{"damage_healed":0.0,"max_hp_gain":5.0,"max_hp_loss":0.0,"gold_gain":0.0,"event_name":"Forgotten Altar","player_choice":"Shed Blood","floor":30.0,"gold_loss":0.0,"damage_taken":22.0},{"cards_removed":["Exhume"],"damage_healed":0.0,"max_hp_gain":0.0,"max_hp_loss":0.0,"gold_gain":0.0,"event_name":"Falling","player_choice":"Removed Skill","floor":38.0,"gold_loss":0.0,"damage_taken":0.0},{"damage_healed":0.0,"max_hp_gain":0.0,"max_hp_loss":0.0,"gold_gain":0.0,"event_name":"Lab","player_choice":"Got Potions","floor":39.0,"gold_loss":0.0,"damage_taken":0.0},{"damage_healed":0.0,"max_hp_gain":0.0,"max_hp_loss":0.0,"gold_gain":0.0,"event_name":"SensoryStone","player_choice":"Memory 1","floor":41.0,"gold_loss":0.0,"damage_taken":0.0},{"damage_healed":0.0,"max_hp_gain":0.0,"max_hp_loss":0.0,"gold_gain":0.0,"event_name":"Match and Keep!","player_choice":"2 cards matched","floor":45.0,"gold_loss":0.0,"damage_taken":0.0,"cards_obtained":["Flex","Finesse"]}],"is_beta":false,"boss_relics":[{"not_picked":["Calling Bell","aspiration:DefectSkillbook"],"picked":"Busted Crown"},{"not_picked":[]},{"not_picked":["Cursed Key","Runic Cube"],"picked":"Astrolabe"},{"not_picked":[]}],"items_purged_floors":[4,19,36],"is_endless":false,"potions_floor_spawned":[5,7,18,29,31,42,46,47],"ascension_level":0}}