{"host":"r70xsz6j1oj94nbd","time":1612794060,"event":{"mods":["Act Like it!","BaseMod","Downfall-Rebalance","Minty Spire (QoL Compilation)","Permanent Neow","Quick Restart","RNG Fix","Relic Filter Mod","Reliquary","Shop Mod","Spicy Shops","StSLib","The Alterego","The Animator","[GremlinLeader]The Maniac","【功能Mod】混沌之环修复补丁"],"gold_per_floor":[113,77,105,105,6,6,38,55,55,55,81,81,99,99,99,205,205,226,252,276,292,292,292],"floor_reached":22,"language":"ZHS","playtime":1371,"items_purged":[],"score":211,"play_id":"7e423f8d-128d-4190-af52-d9424495331b","local_time":"20210208222100","is_ascension_mode":false,"campfire_choices":[{"floor":6,"key":"RECALL"},{"data":"animator:Berserker","floor":10,"key":"SMITH"},{"data":"animator:Alexander","floor":12,"key":"SMITH"},{"floor":15,"key":"REST"}],"circlet_count":0,"master_deck":["animator:Strike_Fate","animator:Defend_Fate","animator:Alexander+1","animator:Rider","animator:Shigure","animator:Lancer","animator:Berserker+1","animator:Strike_MadokaMagica","animator:Strike_TenSura","animator:Strike_OnePunchMan","animator:Defend_Katanagatari","animator:Defend_Kancolle","animator:Defend_NoGameNoLife","animator:Illya","animator:ShinjiMatou","animator:Envy","animator:RinTohsaka"],"relics":["animator:LivingPicture","animator:TheMissingPiece","animator:PurgingStone","NeowsBlessing","Charon\u0027s Ashes","Mark of Pain","animator:ShionDessert"],"acts_visited":["Exordium","TheCity"],"potions_floor_usage":[16],"damage_taken":[{"damage":0,"enemies":"Small Slimes","floor":1,"turns":1},{"damage":0,"enemies":"Cultist","floor":3,"turns":1},{"damage":0,"enemies":"Gremlin Nob","floor":7,"turns":1},{"damage":3,"enemies":"2 Louse","floor":8,"turns":3},{"damage":1,"enemies":"2 Fungi Beasts","floor":11,"turns":3},{"damage":18,"enemies":"Exordium Wildlife","floor":13,"turns":5},{"damage":48,"enemies":"Hexaghost","floor":16,"turns":9},{"damage":10,"enemies":"3 Byrds","floor":18,"turns":4},{"damage":29,"enemies":"2 Thieves","floor":20,"turns":4},{"damage":11,"enemies":"3 Cultists","floor":21,"turns":4},{"damage":26,"enemies":"Cultist and Chosen","floor":22,"turns":4}],"seed_played":"3917920261394615511","potions_obtained":[{"floor":7,"key":"SneckoOil"},{"floor":11,"key":"AttackPotion"},{"floor":16,"key":"ColorlessPotion"},{"floor":21,"key":"SteroidPotion"}],"is_trial":false,"path_per_floor":["M","$","M","?","?","R","E","M","T","R","M","R","M","$","R","B",null,"M","T","M","M","M"],"character_chosen":"THE_ANIMATOR","items_purchased":["animator:Lancer"],"campfire_rested":1,"item_purchase_floors":[2],"current_hp_per_floor":[66,66,66,66,66,66,67,64,64,64,63,63,45,45,65,17,67,58,58,29,18,0,0],"gold":292,"neow_bonus":"THREE_ENEMY_KILL","is_daily":false,"chose_seed":false,"campfire_upgraded":2,"win_rate":0.0,"timestamp":1612794060,"path_taken":["M","$","M","?","?","R","E","M","T","R","M","R","M","?","R","BOSS","M","?","?","M","M"],"items_purchased_type":["Card"],"build_version":"2020-12-22","purchased_purges":0,"victory":false,"max_hp_per_floor":[66,66,66,66,66,66,67,67,67,67,67,67,67,67,67,67,67,68,68,68,68,68,68],"card_choices":[{"not_picked":["animator:HiiragiShinya","animator:Tatsumaki"],"picked":"animator:Shigure","floor":1},{"not_picked":["animator:Genos","animator:KrulTepes"],"picked":"animator:Berserker","floor":3},{"not_picked":["animator:Scar","animator:Shigure"],"picked":"animator:Illya","floor":7},{"not_picked":["animator:Shigure","animator:IrohaTamaki"],"picked":"animator:ShinjiMatou","floor":11},{"not_picked":["animator:Jibril","animator:Shuna","animator:Genos"],"picked":"SKIP","floor":13},{"not_picked":["animator:FeridBathory","animator:Kyubey"],"picked":"animator:Envy","floor":16},{"not_picked":["animator:Lu","animator:Laby"],"picked":"animator:RinTohsaka","floor":18},{"not_picked":["animator:Entoma","animator:DolaCouronne+1","animator:Shion+1"],"picked":"SKIP","floor":21}],"player_experience":278645,"relics_obtained":[{"floor":7,"key":"Charon\u0027s Ashes"},{"floor":19,"key":"animator:ShionDessert"}],"event_choices":[{"damage_healed":0,"gold_gain":0,"player_choice":"0 cards matched","damage_taken":0,"max_hp_gain":0,"max_hp_loss":0,"event_name":"Match and Keep!","floor":4,"gold_loss":0,"cards_obtained":[]}],"is_beta":false,"boss_relics":[{"not_picked":["animator:HolyGrailRelic","Sozu"],"picked":"Mark of Pain"}],"items_purged_floors":[],"is_endless":false,"potions_floor_spawned":[7,11,16,21],"killed_by":"Cultist and Chosen","ascension_level":0}}