{"host":"zq15pup7vna0uxo1","time":1612780602,"event":{"mods":["BaseMod","Colored Map","Downfall","Minty Spire (QoL Compilation)","Replay The Spire","StSLib"],"gold_per_floor":[99,118,138,138,48,77,77,252,20,38,38,38,49,149,165,260,260,260,271,281,281,281,78,132,152,178,195,395,409,409,409,409],"floor_reached":30,"language":"ENG","playtime":2379,"items_purged":["Slimebound:Strike_Slimebound","Slimebound:Strike_Slimebound"],"score":230,"play_id":"26c9c551-79ae-43db-b891-91f50ab3b66e","local_time":"20210208113642","is_ascension_mode":false,"campfire_choices":[{"data":"Slimebound:Strike_Slimebound","floor":1,"key":"PURGE"},{"data":"Slimebound:CorrosiveSpit","floor":12,"key":"SMITH"},{"data":"Slimebound:LevelUp","floor":18,"key":"SMITH"}],"circlet_count":0,"master_deck":["Slimebound:Tackle","Slimebound:Defend_Slimebound","Slimebound:Split+1","Slimebound:CorrosiveSpit+1","Slimebound:GoopSpray","Slimebound:SlimeSpikes","Slimebound:SplitLeeching","Slimebound:SplitAcid","Slimebound:BestDefense","Slimebound:FlameTackle","Slimebound:AcidTongue","Slimebound:ViciousTackle","Slimebound:LevelUp+1","Slimebound:SamplingLick","Normality","Slimebound:Chomp","Slimebound:SlimeTap+1","Slimebound:GoopTackle+1"],"relics":["Slimebound:AbsorbEndCombat","Toy Ornithopter","Garlic","Replay:Grab Bag","bronze:MakeshiftBattery","Replay:Bronze Core","Replay:Drink Me","Dream Catcher","ReplayTheSpireMod:Ring of Addiction","Potion Belt","SacredBark","Ring of Searing","Membership Card","Bag of Marbles","Gremlin Food"],"acts_visited":["Exordium","TheCity"],"potions_floor_usage":[14,16,23,27,30],"damage_taken":[{"damage":4,"enemies":"Cultist","floor":2,"turns":3},{"damage":5,"enemies":"2 Louse","floor":3,"turns":4},{"damage":0,"enemies":"downfall:FleeingMerchant","floor":5,"turns":4},{"damage":22,"enemies":"Lagavulin","floor":6,"turns":10},{"damage":0,"enemies":"downfall:FleeingMerchant","floor":9,"turns":4},{"damage":1,"enemies":"Small Slimes","floor":10,"turns":2},{"damage":8,"enemies":"Exordium Thugs","floor":13,"turns":6},{"damage":21,"enemies":"downfall:Heads","floor":14,"turns":5},{"damage":13,"enemies":"2 Fungi Beasts","floor":15,"turns":4},{"damage":2,"enemies":"SI_SHIV_ARCHETYPE","floor":16,"turns":7},{"damage":11,"enemies":"Spheric Guardian","floor":19,"turns":5},{"damage":2,"enemies":"Shell Parasite","floor":20,"turns":5},{"damage":21,"enemies":"downfall:FleeingMerchant","floor":23,"turns":5},{"damage":2,"enemies":"Centurion and Healer","floor":25,"turns":4},{"damage":15,"enemies":"Snake Plant","floor":27,"turns":3},{"damage":25,"enemies":"3 Cultists","floor":29,"turns":5},{"damage":26,"enemies":"Cultist and Chosen","floor":30,"turns":5}],"seed_played":"3559854227113085476","potions_obtained":[{"floor":2,"key":"Adrenaline Potion"},{"floor":13,"key":"Languid Potion"},{"floor":14,"key":"Venom Potion"},{"floor":16,"key":"Adrenaline Potion"},{"floor":19,"key":"PowerPotion"},{"floor":22,"key":"Milkshake"},{"floor":22,"key":"ColorlessPotion"},{"floor":25,"key":"BlessingOfTheForge"},{"floor":27,"key":"BlessingOfTheForge"},{"floor":29,"key":"sneckomod:MuddlingPotion"}],"is_trial":false,"path_per_floor":["R_BF","M","M","?","$","E","T","?","$","M","?","R","M","?","M","B",null,"R","M","M","?","?","$","T","M","T","M","?","M","M"],"character_chosen":"SLIMEBOUND","items_purchased":["Slimebound:BestDefense","Slimebound:FlameTackle","Membership Card","Slimebound:Chomp"],"campfire_rested":0,"item_purchase_floors":[9,9,23,23],"current_hp_per_floor":[71,69,68,68,71,53,53,53,55,54,54,54,48,34,25,32,54,54,47,49,49,49,37,37,39,39,33,33,16,0,0,0],"gold":409,"neow_bonus":"TEN_PERCENT_HP_BONUS","is_daily":false,"chose_seed":false,"campfire_upgraded":2,"win_rate":0.0,"timestamp":1612780602,"path_taken":["R_BF","M","M","?","$","E","T","?","$","M","?","R","M","?","M","BOSS","R","M","M","?","?","?","T","M","?","M","?","?","M"],"items_purchased_type":["Card","Card","Relic","Card"],"build_version":"2020-12-22","purchased_purges":2,"victory":false,"max_hp_per_floor":[71,71,71,71,71,71,71,71,71,71,71,71,71,71,71,71,54,54,54,54,54,54,54,54,54,54,52,52,52,52,52,52],"card_choices":[{"not_picked":["Slimebound:Replication","Slimebound:Prepare"],"picked":"Slimebound:GoopSpray","floor":2},{"not_picked":["Slimebound:Prepare","Slimebound:Grow"],"picked":"Slimebound:SlimeSpikes","floor":3},{"not_picked":["Slimebound:SplitMire","Slimebound:Replication","Slimebound:OneTwoCombo"],"picked":"SKIP","floor":5},{"not_picked":["Slimebound:LeechingTouch","Slimebound:Prepare"],"picked":"Slimebound:SplitLeeching","floor":6},{"not_picked":["Slimebound:SlimeBrawl","Slimebound:PressTheAttack"],"picked":"Slimebound:SplitAcid","floor":9},{"not_picked":["Slimebound:RainOfGoop","Slimebound:ComboTackle"],"picked":"Slimebound:AcidTongue","floor":10},{"not_picked":["Slimebound:GrowthPunch","Slimebound:HauntingLick"],"picked":"Slimebound:ViciousTackle","floor":13},{"not_picked":["Slimebound:SlimeBarrage","Slimebound:Repurpose"],"picked":"Slimebound:LevelUp","floor":14},{"not_picked":["Slimebound:SplitBruiser","Slimebound:HauntingLick"],"picked":"Slimebound:OneTwoCombo","floor":15},{"not_picked":["Slimebound:FinishingTackle","Slimebound:SplitBruiser","Slimebound:Replication+1"],"picked":"SKIP","floor":19},{"not_picked":["Slimebound:LeechEnergy+1","Slimebound:Nibble+1"],"picked":"Slimebound:SamplingLick","floor":20},{"not_picked":["Slimebound:ComboTackle+1","Slimebound:Chomp","Slimebound:PressTheAttack"],"picked":"SKIP","floor":23},{"not_picked":["Slimebound:PressTheAttack+1","Slimebound:OneTwoCombo","Slimebound:GoopSpray"],"picked":"SKIP","floor":25},{"not_picked":["Slimebound:Gluttony+1","Slimebound:ProtectTheBoss"],"picked":"Slimebound:SlimeTap+1","floor":27},{"not_picked":["Slimebound:RollThrough","Slimebound:SlimeSpikes"],"picked":"Slimebound:GoopTackle+1","floor":29}],"player_experience":1172562,"relics_obtained":[{"floor":6,"key":"Toy Ornithopter"},{"floor":7,"key":"Garlic"},{"floor":22,"key":"ReplayTheSpireMod:Ring of Addiction"},{"floor":22,"key":"Potion Belt"},{"floor":22,"key":"SacredBark"},{"floor":22,"key":"Ring of Searing"},{"floor":24,"key":"Bag of Marbles"},{"floor":26,"key":"Gremlin Food"}],"event_choices":[],"is_beta":false,"boss_relics":[{"not_picked":["Runic Dome","Astrolabe"],"picked":"Replay:Grab Bag"},{"not_picked":["Philosopher\u0027s Stone","Replay:Wanted Poster"],"picked":"bronze:MakeshiftBattery"},{"not_picked":["Fusion Hammer","Slimebound:TarBlob"],"picked":"Replay:Bronze Core"},{"not_picked":["Calling Bell","Empty Cage"],"picked":"Replay:Drink Me"}],"items_purged_floors":[5,9],"is_endless":false,"potions_floor_spawned":[2,13,14,16,19,25,27,29],"killed_by":"Cultist and Chosen","ascension_level":0}}