{"host":"ttt10ghevkhyjkzb","time":1612809170,"event":{"mods":["2.2 Compatiblity","AchievementEnabler","BaseMod","Googly Eyes","Minty Spire (QoL Compilation)","StSLib","The IronCluck"],"gold_per_floor":[114,129,129,129,148,148,73,73,73,73,73,73,73,92,92,217,217,266,285,185,204,54,54,54,54],"floor_reached":24,"language":"ENG","playtime":1168,"items_purged":["Injury","Vault"],"score":209,"play_id":"b4134107-0561-4ef1-ad5b-527c7232304a","local_time":"20210208193250","daily_mods":["Shiny","Green Cards","Terminal"],"is_ascension_mode":false,"campfire_choices":[{"data":"PathToVictory","floor":6,"key":"SMITH"},{"data":"Judgement","floor":8,"key":"SMITH"},{"data":"After Image","floor":10,"key":"SMITH"},{"data":"Wish","floor":12,"key":"SMITH"},{"floor":15,"key":"REST"},{"floor":23,"key":"REST"}],"circlet_count":0,"master_deck":["Venomology","Corpse Explosion","Phantasmal Killer","Die Die Die","Adrenaline","Envenom","Doppelganger","Burst","Wraith Form v2","Tools of the Trade","Night Terror","Unload","After Image+1","Bullet Time","Storm of Steel","Glass Knife","A Thousand Cuts","Grand Finale","Judgement+1","ConjureBlade","MasterReality","Brilliance","Devotion","Blasphemy","Ragnarok","LessonLearned","Scrawl","Alpha","Wish+1","Omniscience+1","Establishment","SpiritShield","DevaForm","DeusExMachina","Caltrops","PathToVictory+1","FollowUp+1","Prostrate","PathToVictory+1"],"relics":["PureWater","Darkstone Periapt","Golden Idol","Ancient Tea Set","Black Star","DollysMirror"],"acts_visited":["Exordium","TheCity"],"potions_floor_usage":[16,19,24,24],"damage_taken":[{"damage":0,"enemies":"Small Slimes","floor":1,"turns":1},{"damage":0,"enemies":"2 Louse","floor":2,"turns":3},{"damage":6,"enemies":"Jaw Worm","floor":5,"turns":2},{"damage":9,"enemies":"Gremlin Gang","floor":14,"turns":4},{"damage":42,"enemies":"Hexaghost","floor":16,"turns":9},{"damage":0,"enemies":"Chosen","floor":18,"turns":4},{"damage":15,"enemies":"3 Byrds","floor":19,"turns":4},{"damage":36,"enemies":"Centurion and Healer","floor":21,"turns":7},{"damage":33,"enemies":"Slavers","floor":24,"turns":4}],"seed_played":"-2425098010432476902","potions_obtained":[{"floor":1,"key":"ColorlessPotion"},{"floor":19,"key":"Dexterity Potion"}],"is_trial":false,"path_per_floor":["M","M","?","?","M","R","$","R","T","R","?","R","?","M","R","B",null,"M","M","$","M","$","R","E"],"character_chosen":"WATCHER","items_purchased":["DollysMirror"],"campfire_rested":2,"item_purchase_floors":[22],"current_hp_per_floor":[70,69,62,68,62,62,62,62,62,62,55,55,60,51,67,25,65,64,49,49,13,13,31,0,0],"gold":54,"neow_bonus":"","is_daily":true,"chose_seed":false,"campfire_upgraded":4,"win_rate":0.0,"timestamp":1612809170,"path_taken":["M","M","?","?","M","R","$","R","T","R","?","R","?","M","R","BOSS","M","M","$","M","$","R","E"],"items_purchased_type":["Relic"],"build_version":"2020-12-22","purchased_purges":2,"victory":false,"max_hp_per_floor":[70,69,68,73,72,71,70,69,68,67,66,65,69,68,67,66,65,64,63,62,61,60,59,59,59],"card_choices":[{"not_picked":["FlyingSleeves","Endless Agony"],"picked":"Caltrops","floor":1},{"not_picked":["Cloak And Dagger","LikeWater"],"picked":"PathToVictory","floor":2},{"not_picked":["FlurryOfBlows","Prepared","Reflex"],"picked":"SKIP","floor":5},{"not_picked":["Reflex","Halt","Prepared"],"picked":"SKIP","floor":14},{"not_picked":["Outmaneuver","Crippling Poison","Collect"],"picked":"SKIP","floor":18},{"not_picked":["Protect","Prepared"],"picked":"FollowUp+1","floor":19},{"not_picked":["Burst","FlurryOfBlows"],"picked":"Prostrate","floor":21}],"player_experience":128099,"relics_obtained":[{"floor":9,"key":"Ancient Tea Set"}],"event_choices":[{"damage_healed":0,"gold_gain":0,"player_choice":"Success","damage_taken":7,"relics_obtained":["Darkstone Periapt"],"max_hp_gain":0,"max_hp_loss":0,"event_name":"Scrap Ooze","floor":3,"gold_loss":0},{"damage_healed":0,"gold_gain":0,"player_choice":"Take Wound","damage_taken":0,"relics_obtained":["Golden Idol"],"max_hp_gain":0,"max_hp_loss":0,"event_name":"Golden Idol","floor":4,"gold_loss":0,"cards_obtained":["Injury"]},{"cards_removed":["Malaise"],"damage_healed":0,"gold_gain":0,"player_choice":"Card Removal","damage_taken":7,"max_hp_gain":0,"max_hp_loss":0,"event_name":"Golden Wing","floor":11,"gold_loss":0},{"damage_healed":0,"gold_gain":0,"player_choice":"Donut","damage_taken":0,"max_hp_gain":5,"max_hp_loss":0,"event_name":"Big Fish","floor":13,"gold_loss":0}],"is_beta":false,"boss_relics":[{"not_picked":["Cursed Key","Ectoplasm"],"picked":"Black Star"}],"items_purged_floors":[7,20],"is_endless":false,"potions_floor_spawned":[1,19],"killed_by":"Slavers","ascension_level":0}}