{"host":"dn025qx6yu0j7rqc","time":1612755519,"event":{"mods":["BaseMod","Colored Map","Minty Spire (QoL Compilation)","Relic Stats","StSLib"],"gold_per_floor":[118,118,128,128,142,170,8,37,62,62,75,85,102,121,121,197,197,210,225,236,256,266,266,283,283,283],"floor_reached":25,"language":"ENG","playtime":1379,"items_purged":[],"score":492,"play_id":"b82a5d1a-beb0-4edc-af96-a856c08ec2c6","local_time":"20210207193839","is_ascension_mode":true,"campfire_choices":[{"data":"Bouncing Flask","floor":10.0,"key":"SMITH"},{"data":"Deadly Poison","floor":15.0,"key":"SMITH"},{"floor":23.0,"key":"REST"}],"circlet_count":0,"master_deck":["AscendersBane","Strike_G","Strike_G","Strike_G","Strike_G","Strike_G","Defend_G","Defend_G","Defend_G","Defend_G","Defend_G","Survivor","Neutralize","Dash+1","Backflip","Bouncing Flask+1","Deadly Poison+1","PiercingWail","Caltrops","Adrenaline","Sucker Punch+1","PiercingWail","Bane+1","Calculated Gamble+1"],"relics":["Ring of the Snake","NeowsBlessing","Centennial Puzzle","Lantern","OrangePellets","Incense Burner","Black Star"],"acts_visited":["Exordium","TheCity"],"potions_floor_usage":[25,25],"damage_taken":[{"damage":0.0,"enemies":"Jaw Worm","floor":1.0,"turns":1.0},{"damage":0.0,"enemies":"Cultist","floor":3.0,"turns":1.0},{"damage":0.0,"enemies":"Small Slimes","floor":5.0,"turns":1.0},{"damage":39.0,"enemies":"3 Sentries","floor":6.0,"turns":13.0},{"damage":0.0,"enemies":"Gremlin Nob","floor":8.0,"turns":3.0},{"damage":0.0,"enemies":"Blue Slaver","floor":11.0,"turns":4.0},{"damage":0.0,"enemies":"3 Louse","floor":12.0,"turns":3.0},{"damage":1.0,"enemies":"Lots of Slimes","floor":13.0,"turns":6.0},{"damage":0.0,"enemies":"Looter","floor":14.0,"turns":3.0},{"damage":13.0,"enemies":"Hexaghost","floor":16.0,"turns":8.0},{"damage":11.0,"enemies":"2 Thieves","floor":18.0,"turns":4.0},{"damage":4.0,"enemies":"3 Byrds","floor":19.0,"turns":3.0},{"damage":16.0,"enemies":"Snake Plant","floor":20.0,"turns":3.0},{"damage":9.0,"enemies":"Centurion and Healer","floor":21.0,"turns":9.0},{"damage":4.0,"enemies":"Shelled Parasite and Fungi","floor":22.0,"turns":8.0},{"damage":0.0,"enemies":"Snake Plant","floor":24.0,"turns":4.0},{"damage":31,"enemies":"Gremlin Leader","floor":25,"turns":6}],"seed_played":"4777602355393882185","potions_obtained":[{"floor":1.0,"key":"Dexterity Potion"},{"floor":6.0,"key":"AttackPotion"},{"floor":8.0,"key":"Fire Potion"},{"floor":12.0,"key":"GamblersBrew"},{"floor":16.0,"key":"CunningPotion"},{"floor":19.0,"key":"GamblersBrew"},{"floor":22.0,"key":"Fruit Juice"},{"floor":24.0,"key":"Fire Potion"}],"is_trial":false,"path_per_floor":["M","?","M","?","M","E","$","E","T","R","M","M","M","M","R","B",null,"M","M","M","M","M","R","M","E"],"character_chosen":"THE_SILENT","items_purchased":["OrangePellets"],"campfire_rested":1,"item_purchase_floors":[7],"current_hp_per_floor":[59,59,59,54,54,15,15,15,15,15,15,15,14,14,14,1,50,39,35,19,10,6,25,30,0,0],"gold":283,"neow_bonus":"THREE_ENEMY_KILL","is_daily":false,"chose_seed":false,"campfire_upgraded":2,"win_rate":0.0,"timestamp":1612755519,"path_taken":["M","?","?","?","M","E","?","E","T","R","?","M","M","M","R","BOSS","M","M","M","M","?","R","M","E"],"items_purchased_type":["Relic"],"build_version":"2020-12-22","purchased_purges":0,"victory":false,"max_hp_per_floor":[66,66,66,66,66,66,66,66,66,66,66,66,66,66,66,66,66,66,66,66,66,66,66,71,71,71],"relic_stats":{"OrangePellets":[0],"Centennial Puzzle":[27],"counters":[17,80],"Black Star":0,"obtain_stats":[{"OrangePellets":7,"Centennial Puzzle":4,"Lantern":6,"NeowsBlessing":0,"Incense Burner":8,"Black Star":17,"Ring of the Snake":0},{"OrangePellets":4,"Centennial Puzzle":2,"Lantern":4,"NeowsBlessing":0,"Incense Burner":5,"Black Star":10,"Ring of the Snake":0},{"OrangePellets":16,"Centennial Puzzle":2,"Lantern":16,"NeowsBlessing":0,"Incense Burner":19,"Black Star":43,"Ring of the Snake":0}],"Ring of the Snake":[34]},"card_choices":[{"not_picked":["Backflip","Dagger Spray"],"picked":"Dash","floor":1.0},{"not_picked":["Slice","Cloak And Dagger"],"picked":"Backflip","floor":3.0},{"not_picked":["Riddle With Holes","Blur"],"picked":"Bouncing Flask","floor":5.0},{"not_picked":["Caltrops","Cloak And Dagger"],"picked":"Deadly Poison","floor":6.0},{"not_picked":["Predator","Skewer","Grand Finale"],"picked":"SKIP","floor":8.0},{"not_picked":["Tactician","Flying Knee","Infinite Blades"],"picked":"SKIP","floor":11.0},{"not_picked":["Dagger Throw","Prepared"],"picked":"PiercingWail","floor":12.0},{"not_picked":["Quick Slash","Acrobatics"],"picked":"Caltrops","floor":13.0},{"not_picked":["Envenom","Prepared","Outmaneuver"],"picked":"SKIP","floor":14.0},{"not_picked":["Bullet Time","Glass Knife"],"picked":"Adrenaline","floor":16.0},{"not_picked":["Acrobatics","Bouncing Flask"],"picked":"Sucker Punch+1","floor":18.0},{"not_picked":["Accuracy+1","Dagger Throw","Endless Agony"],"picked":"SKIP","floor":19.0},{"not_picked":["Dagger Spray","Dagger Throw+1"],"picked":"PiercingWail","floor":20.0},{"not_picked":["Quick Slash","Accuracy"],"picked":"Bane+1","floor":21.0},{"not_picked":["Sucker Punch","Infinite Blades"],"picked":"Calculated Gamble+1","floor":22.0},{"not_picked":["A Thousand Cuts","Poisoned Stab","Outmaneuver"],"picked":"SKIP","floor":24.0}],"player_experience":1090323,"relics_obtained":[{"floor":6.0,"key":"Lantern"},{"floor":8.0,"key":"Incense Burner"}],"event_choices":[{"damage_healed":0.0,"max_hp_gain":0.0,"max_hp_loss":0.0,"gold_gain":0.0,"event_name":"Upgrade Shrine","player_choice":"Upgraded","floor":2.0,"gold_loss":0.0,"damage_taken":0.0,"cards_upgraded":["Dash"]},{"damage_healed":0.0,"max_hp_gain":0.0,"max_hp_loss":0.0,"gold_gain":0.0,"event_name":"Scrap Ooze","player_choice":"Success","floor":4.0,"gold_loss":0.0,"damage_taken":5.0,"relics_obtained":["Centennial Puzzle"]}],"is_beta":false,"boss_relics":[{"not_picked":["Empty Cage","Runic Dome"],"picked":"Black Star"}],"items_purged_floors":[],"is_endless":false,"potions_floor_spawned":[1,6,8,12,16,19,22,24],"killed_by":"Gremlin Leader","ascension_level":20}}