{"host":"jydwu1shxxemady1","time":1612792739,"event":{"mods":["BaseMod","Colored Powertips","Conspire","Downfall","Hermit","Highlight Path","Marisa（F雨　魔理沙）","Minty Spire (QoL Compilation)","READ ME - Guardian Mod","Replay The Spire","Shop Mod","StSLib","TestMod","The Bladedancer","The Cursed","The Servant 0.9.4"],"gold_per_floor":[115,115,127,27,27,59,59,86,134,153,199,199,250,285,285,398,398,427,427,508,7,79,188,188,240,240,274,340,404,483,552,552,683,683,747,867,867,757,59,175,175,300,300,345,418,478,532,574,574,630],"floor_reached":51,"language":"ZHS","playtime":2543,"items_purged":[],"score":1983,"play_id":"cdfa86ba-ba94-444c-96e6-952d0be51822","local_time":"20210208215859","is_ascension_mode":true,"campfire_choices":[{"data":"Blade Dance","floor":7.0,"key":"SMITH"},{"data":"Storm of Steel","floor":12.0,"key":"SMITH"},{"data":"Terror","floor":15.0,"key":"SMITH"},{"data":"All Out Attack","floor":24.0,"key":"SMITH"},{"data":"After Image","floor":32,"key":"SMITH"},{"data":"After Image","floor":41,"key":"SMITH"},{"data":"Venomology","floor":49,"key":"SMITH"}],"circlet_count":0,"master_deck":["AscendersBane","Strike_G+1","Strike_G+1","Strike_G+1","Strike_G+1","Strike_G+1","Defend_G+1","Defend_G","Defend_G","Defend_G","Survivor","Neutralize","Quick Slash","Terror+1","conspire:SpireCoStock","conspire:SpireCoStock","Blade Dance+1","Hidden Blade","Bane","Storm of Steel+1","Endless Agony","Reflex","Venomology+1","Infinite Blades","All Out Attack+1","Blade Dance+1","Bane","Corpse Explosion","After Image+1","Dagger Spray","After Image+1","Dagger Spray","Hidden Blade","After Image+1","Dagger Spray","Envenom","Dagger Spray","Choke+1","Poisoned Stab","Backstab"],"relics":["Ring of the Serpent","testmod-Fanaticism","NeowsBlessing","WarpedTongs","Replay:Baseball","Replay:Mystery Machine","The Specimen","testmod-TestBox","Replay:Bottled Eggs","Replay:Bandana","CeramicFish","OrangePellets","Bottled Flame","Akabeko","Incense Burner","Toy Ornithopter","Calipers","WristBlade","testmod-Déjàvu","Shuriken","DollysMirror","Bottled Lightning","conspire:BottledYoYo","Lantern","testmod-RainbowHikingShoes","testmod-Nyarlathotep","Pet Ghost"],"acts_visited":["Exordium","TheCity","TheBeyond"],"potions_floor_usage":[33,33,36,42,47,47,48,50,50,50],"damage_taken":[{"damage":0.0,"enemies":"Jaw Worm","floor":1.0,"turns":1.0},{"damage":0.0,"enemies":"Cultist","floor":3.0,"turns":1.0},{"damage":3.0,"enemies":"3 Sentries","floor":6.0,"turns":1.0},{"damage":0.0,"enemies":"Small Slimes","floor":8.0,"turns":2.0},{"damage":6.0,"enemies":"2 Fungi Beasts","floor":10.0,"turns":2.0},{"damage":41.0,"enemies":"Exordium Thugs","floor":11.0,"turns":3.0},{"damage":4.0,"enemies":"Looter","floor":13.0,"turns":1.0},{"damage":3.0,"enemies":"Gremlin Nob","floor":14.0,"turns":3.0},{"damage":33.0,"enemies":"Hexaghost","floor":16.0,"turns":4.0},{"damage":17.0,"enemies":"2 Thieves","floor":18.0,"turns":2.0},{"damage":51.0,"enemies":"Shell Parasite","floor":22.0,"turns":4.0},{"damage":10.0,"enemies":"conspire:Head Lice","floor":23.0,"turns":4.0},{"damage":29.0,"enemies":"Book of Stabbing","floor":25.0,"turns":3.0},{"damage":48.0,"enemies":"Snake Plant","floor":27.0,"turns":2.0},{"damage":0.0,"enemies":"conspire:Head Lice","floor":28.0,"turns":2.0},{"damage":29.0,"enemies":"Centurion and Healer","floor":29.0,"turns":3.0},{"damage":43.0,"enemies":"Slavers","floor":30.0,"turns":2.0},{"damage":22,"enemies":"Shelled Parasite and Fungi","floor":31,"turns":2},{"damage":52,"enemies":"conspire:MysteriousRune","floor":33,"turns":6},{"damage":8,"enemies":"3 Darklings","floor":35,"turns":3},{"damage":51,"enemies":"2 Orb Walkers","floor":36,"turns":3},{"damage":14,"enemies":"R_Hoarder","floor":40,"turns":4},{"damage":0,"enemies":"Giant Head","floor":42,"turns":4},{"damage":13,"enemies":"3 Shapes","floor":44,"turns":2},{"damage":0,"enemies":"Transient","floor":45,"turns":5},{"damage":0,"enemies":"R_Hoarder","floor":46,"turns":2},{"damage":0,"enemies":"Maw","floor":47,"turns":2},{"damage":0,"enemies":"Spire Growth","floor":48,"turns":2},{"damage":0,"enemies":"conspire:OrnateMirror","floor":50,"turns":2}],"seed_played":"-3315107766922055824","potions_obtained":[{"floor":3.0,"key":"Strength Potion"},{"floor":8.0,"key":"LiquidBronze"},{"floor":11.0,"key":"Fire Potion"},{"floor":13.0,"key":"Toxic Potion"},{"floor":23.0,"key":"Energy Potion"},{"floor":29.0,"key":"Poison Potion"},{"floor":30.0,"key":"EssenceOfSteel"},{"floor":36,"key":"GhostInAJar"},{"floor":45,"key":"BlessingOfTheForge"},{"floor":47,"key":"Explosive Potion"},{"floor":48,"key":"testmod-TestPotion"}],"is_trial":false,"path_per_floor":["M","?","M","?","?","E","R","M","T","M","M","R","M","E","R","B",null,"M","?","T","$","M","E","R","E","T","M","E","M","E","M","R","B",null,"M","?","T","?","$","E","R","E","T","M","M","E","M","M","R","B",null],"character_chosen":"THE_SILENT","items_purchased":["Replay:Bandana","CeramicFish","OrangePellets","DollysMirror","Bottled Lightning","conspire:BottledYoYo"],"campfire_rested":0,"item_purchase_floors":[21,21,21,39,39,39],"current_hp_per_floor":[59,59,59,59,59,56,56,56,56,52,45,45,41,38,38,38,59,54,54,54,54,56,66,66,51,51,20,20,40,66,50,50,66,66,63,66,66,66,66,66,66,66,66,53,53,53,63,66,66,66],"gold":630,"neow_bonus":"THREE_ENEMY_KILL","is_daily":false,"chose_seed":false,"campfire_upgraded":7,"win_rate":0.0,"timestamp":1612792739,"path_taken":["M","?","?","?","?","E","R","?","T","M","M","R","M","E","R","BOSS","M","?","?","$","M","E","R","E","T","M","E","M","E","M","R","BOSS","M","?","?","?","$","E","R","E","T","?","M","E","M","M","R","BOSS"],"items_purchased_type":["Relic","Relic","Relic","Relic","Relic","Relic"],"build_version":"2020-12-22","purchased_purges":0,"victory":true,"max_hp_per_floor":[66,66,66,66,66,66,66,66,66,66,66,66,66,66,66,66,66,66,66,66,66,66,66,66,66,66,66,66,66,66,66,66,66,66,66,66,66,66,66,66,66,66,66,66,66,66,66,66,66,66],"card_choices":[{"not_picked":["Flying Knee","Bane"],"picked":"Quick Slash","floor":1.0},{"not_picked":["Dodge and Roll","ReplayTheSpireMod:Exploit Weakness"],"picked":"Terror","floor":3.0},{"not_picked":["Outmaneuver","PiercingWail"],"picked":"Blade Dance","floor":6.0},{"not_picked":["Toxin Wave","Quick Slash"],"picked":"Hidden Blade","floor":8.0},{"not_picked":["Dagger Throw","Quick Slash"],"picked":"Bane","floor":10.0},{"not_picked":["Bane","Underhanded Strike"],"picked":"Storm of Steel","floor":11.0},{"not_picked":["Outmaneuver","Flying Knee"],"picked":"Endless Agony","floor":13.0},{"not_picked":["Flechettes","Outmaneuver"],"picked":"Reflex","floor":14.0},{"not_picked":["After Image","Bullet Time"],"picked":"Venomology","floor":16.0},{"not_picked":["Crippling Poison","PiercingWail"],"picked":"Infinite Blades","floor":18.0},{"not_picked":["ReplayTheSpireMod:Exploit Weakness+1","Cloak And Dagger"],"picked":"All Out Attack","floor":22.0},{"not_picked":["Deadly Poison","Reflex"],"picked":"Blade Dance+1","floor":23.0},{"not_picked":["Bane","Masterful Stab","Cloak And Dagger"],"picked":"SKIP","floor":25.0},{"not_picked":["Hidden Blade","Prepared"],"picked":"Bane","floor":27.0},{"not_picked":["Eviscerate","PiercingWail"],"picked":"Corpse Explosion","floor":28.0},{"not_picked":["Outmaneuver","Dagger Throw","Deflect"],"picked":"SKIP","floor":29.0},{"not_picked":["Choke","Accuracy"],"picked":"After Image","floor":30.0},{"not_picked":["Cloak And Dagger","Heel Hook"],"picked":"Dagger Spray","floor":31},{"not_picked":["Atom Bomb","Adrenaline"],"picked":"After Image","floor":33},{"not_picked":["Heel Hook","Prepared"],"picked":"Dagger Spray","floor":35},{"not_picked":["Calculated Gamble","Skewer"],"picked":"Hidden Blade","floor":36},{"not_picked":["Setup+1","Dagger Throw"],"picked":"Dagger Spray","floor":40},{"not_picked":["Acrobatics","Quick Slash"],"picked":"Envenom","floor":42},{"not_picked":["Well Laid Plans","Skewer"],"picked":"Dagger Spray","floor":44},{"not_picked":["Acrobatics+1","Bane"],"picked":"Choke+1","floor":45},{"not_picked":["PiercingWail","Endless Agony","Dodge and Roll"],"picked":"SKIP","floor":46},{"not_picked":["ReplayTheSpireMod:Shiv Toss","Bouncing Flask"],"picked":"Poisoned Stab","floor":47},{"not_picked":["Dodge and Roll+1","Replay:Poison Smokescreen"],"picked":"Backstab","floor":48}],"player_experience":615602,"relics_obtained":[{"floor":6.0,"key":"Replay:Baseball"},{"floor":9.0,"key":"Replay:Mystery Machine"},{"floor":14.0,"key":"The Specimen"},{"floor":20.0,"key":"Replay:Bottled Eggs"},{"floor":23.0,"key":"Bottled Flame"},{"floor":25.0,"key":"Akabeko"},{"floor":26.0,"key":"Incense Burner"},{"floor":28.0,"key":"Toy Ornithopter"},{"floor":30.0,"key":"Calipers"},{"floor":36,"key":"testmod-Déjàvu"},{"floor":37,"key":"Shuriken"},{"floor":40,"key":"Lantern"},{"floor":42,"key":"testmod-RainbowHikingShoes"},{"floor":43,"key":"testmod-Nyarlathotep"},{"floor":46,"key":"Pet Ghost"}],"event_choices":[{"cards_removed":["Defend_G"],"damage_healed":0.0,"max_hp_gain":0.0,"max_hp_loss":0.0,"gold_gain":0.0,"event_name":"Purifier","player_choice":"Purged","floor":2.0,"gold_loss":0.0,"damage_taken":0.0},{"damage_healed":0.0,"max_hp_gain":0.0,"max_hp_loss":0.0,"gold_gain":0.0,"event_name":"conspire:Investor","player_choice":"Invest 2","floor":4.0,"gold_loss":0.0,"damage_taken":0.0},{"damage_healed":0.0,"max_hp_gain":0.0,"max_hp_loss":0.0,"gold_gain":0.0,"event_name":"Accursed Blacksmith","player_choice":"Rummage","floor":5.0,"gold_loss":0.0,"damage_taken":0.0,"relics_obtained":["WarpedTongs"],"cards_obtained":["Pain"]},{"damage_healed":0.0,"max_hp_gain":0.0,"max_hp_loss":0.0,"gold_gain":0.0,"event_name":"给自己的盒子","player_choice":"Swap Relic","floor":19.0,"relics_lost":["testmod-TestBox"],"gold_loss":0.0,"damage_taken":0.0,"relics_obtained":["testmod-TestBox"]},{"damage_healed":0,"gold_gain":0,"player_choice":"Fight","damage_taken":0,"max_hp_gain":0,"max_hp_loss":0,"event_name":"Mysterious Sphere","floor":36,"gold_loss":0},{"cards_removed":["Pain"],"damage_healed":0,"gold_gain":0,"player_choice":"Upgrade and Remove","damage_taken":0,"max_hp_gain":0,"max_hp_loss":0,"event_name":"Designer","floor":38,"gold_loss":110,"cards_upgraded":["Defend_G"]}],"is_beta":false,"boss_relics":[{"not_picked":["Fusion Hammer","Empty Cage"],"picked":"Ring of the Serpent"},{"not_picked":["testmod-TimeTraveler","testmod-BatchProcessingSystem"],"picked":"WristBlade"}],"items_purged_floors":[],"is_endless":false,"potions_floor_spawned":[3,8,11,13,23,25,27,29,30,36,45,47,48],"ascension_level":19}}