{"host":"15dd7v8o90xso62x","time":1612782521,"event":{"mods":["BaseMod","Minty Spire (QoL Compilation)","Quick Restart","StSLib","SuperFastMode"],"gold_per_floor":[111,111,111,36,56,86,110,122,161,183,228,240,267,293,305,317,317],"floor_reached":16,"language":"KOR","playtime":367,"items_purged":[],"score":274,"play_id":"ac37eeab-1772-4c84-b518-2fe9625ceb2c","local_time":"20210208200841","is_ascension_mode":true,"campfire_choices":[{"data":"Night Terror","floor":12,"key":"SMITH"},{"data":"Slice","floor":15,"key":"SMITH"}],"circlet_count":0,"master_deck":["AscendersBane","Strike_G","Strike_G","Strike_G","Strike_G","Defend_G+1","Defend_G+1","Defend_G","Survivor","Neutralize","Quick Slash","Slice+1","Night Terror+1","Terror","Dagger Throw"],"relics":["Ring of the Snake","NeowsBlessing","MawBank","Boot","Pear"],"acts_visited":["Exordium"],"potions_floor_usage":[11,16],"damage_taken":[{"damage":0,"enemies":"Jaw Worm","floor":1,"turns":1},{"damage":0,"enemies":"Small Slimes","floor":5,"turns":1},{"damage":0,"enemies":"3 Sentries","floor":6,"turns":1},{"damage":0,"enemies":"2 Louse","floor":7,"turns":2},{"damage":4,"enemies":"Large Slime","floor":10,"turns":7},{"damage":24,"enemies":"Lagavulin","floor":11,"turns":7},{"damage":2,"enemies":"2 Fungi Beasts","floor":13,"turns":3},{"damage":9,"enemies":"Exordium Thugs","floor":14,"turns":5},{"damage":4,"enemies":"Hexaghost","floor":16,"turns":4}],"seed_played":"-8804430394518532207","potions_obtained":[{"floor":7,"key":"SkillPotion"},{"floor":10,"key":"Dexterity Potion"},{"floor":13,"key":"Strength Potion"}],"is_trial":false,"path_per_floor":["M","?","?","?","M","E","M","?","T","M","E","R","M","M","R","B"],"character_chosen":"THE_SILENT","items_purchased":[],"campfire_rested":0,"item_purchase_floors":[],"current_hp_per_floor":[59,39,39,39,39,39,39,32,32,28,14,14,12,3,3,0,0],"gold":317,"neow_bonus":"THREE_ENEMY_KILL","is_daily":false,"chose_seed":false,"campfire_upgraded":2,"win_rate":0.0,"timestamp":1612782521,"path_taken":["M","?","?","?","?","E","M","?","T","M","E","R","M","M","R","BOSS"],"items_purchased_type":[],"build_version":"2020-12-22","purchased_purges":0,"victory":false,"max_hp_per_floor":[66,66,66,66,66,66,66,66,66,66,76,76,76,76,76,76,76],"card_choices":[{"not_picked":["Cloak And Dagger","Flying Knee"],"picked":"Quick Slash","floor":1},{"not_picked":["Expertise","PiercingWail","Setup"],"picked":"SKIP","floor":5},{"not_picked":["Bouncing Flask","Prepared"],"picked":"Night Terror","floor":6},{"not_picked":["Distraction","Bane","PiercingWail"],"picked":"SKIP","floor":7},{"not_picked":["Blade Dance","Endless Agony","Heel Hook"],"picked":"SKIP","floor":10},{"not_picked":["Unload","Expertise"],"picked":"Terror","floor":11},{"not_picked":["Reflex","Deadly Poison","Dodge and Roll"],"picked":"SKIP","floor":13},{"not_picked":["All Out Attack","Bane"],"picked":"Dagger Throw","floor":14}],"player_experience":941132,"relics_obtained":[{"floor":6,"key":"MawBank"},{"floor":9,"key":"Boot"},{"floor":11,"key":"Pear"}],"event_choices":[{"damage_healed":0,"gold_gain":0,"player_choice":"Entered Light","damage_taken":20,"max_hp_gain":0,"max_hp_loss":0,"event_name":"Shining Light","floor":2,"gold_loss":0,"cards_upgraded":["Defend_G","Defend_G"]},{"damage_healed":0,"gold_gain":0,"cards_transformed":["Defend_G"],"player_choice":"Change","damage_taken":0,"max_hp_gain":0,"max_hp_loss":0,"event_name":"Living Wall","floor":3,"gold_loss":0,"cards_obtained":["Slice"]},{"cards_removed":["Strike_G"],"damage_healed":0,"gold_gain":0,"player_choice":"Card Removal","damage_taken":0,"max_hp_gain":0,"max_hp_loss":0,"event_name":"The Cleric","floor":4,"gold_loss":75},{"cards_removed":["Defend_G"],"damage_healed":0,"gold_gain":0,"player_choice":"Card Removal","damage_taken":7,"max_hp_gain":0,"max_hp_loss":0,"event_name":"Golden Wing","floor":8,"gold_loss":0}],"is_beta":false,"boss_relics":[],"items_purged_floors":[],"is_endless":false,"potions_floor_spawned":[7,10,13],"killed_by":"Hexaghost","ascension_level":20}}