{"host":"ewe4oe702q4ujr6i","time":1612781331,"event":{"mods":["BaseMod","Colored Map","Colored Powertips","DeckTracker","Minty Spire (QoL Compilation)","SuperFastMode"],"gold_per_floor":[111,186,186,186,43,68,29,41,41,216,216,247,247,247,247,247,247],"floor_reached":16,"language":"KOR","playtime":527,"items_purged":[],"score":104,"play_id":"02c0f45c-a211-4990-92c3-cfd3dd77030b","local_time":"20210208194851","is_ascension_mode":false,"campfire_choices":[{"data":"Eruption","floor":11,"key":"SMITH"},{"floor":13,"key":"REST"},{"data":"Vigilance","floor":15,"key":"SMITH"}],"circlet_count":0,"master_deck":["Strike_P","Strike_P","Strike_P","Defend_P","Defend_P","Defend_P","Defend_P","Eruption+1","Vigilance+1","MentalFortress","Consecrate","CutThroughFate","Wireheading","SashWhip","Doubt"],"relics":["PureWater","Regal Pillow","Strawberry","OrangePellets","Mercury Hourglass","WingedGreaves","Frozen Egg 2","Golden Idol"],"acts_visited":["Exordium"],"potions_floor_usage":[12,16],"damage_taken":[{"damage":2,"enemies":"Small Slimes","floor":1,"turns":5},{"damage":19,"enemies":"Lagavulin","floor":6,"turns":7},{"damage":0,"enemies":"2 Louse","floor":8,"turns":2},{"damage":26,"enemies":"Gremlin Nob","floor":12,"turns":3},{"damage":42,"enemies":"Slime Boss","floor":16,"turns":3}],"seed_played":"-4809756057382238921","potions_obtained":[{"floor":1,"key":"SkillPotion"},{"floor":8,"key":"SkillPotion"}],"is_trial":false,"path_per_floor":["M","?","?","?","$","E","$","M","T","?","R","E","R","?","R","B"],"character_chosen":"WATCHER","items_purchased":["OrangePellets","Wireheading"],"campfire_rested":1,"item_purchase_floors":[5,7],"current_hp_per_floor":[70,59,48,48,48,29,29,29,29,29,29,3,41,22,22,0,0],"gold":247,"neow_bonus":"RANDOM_COMMON_RELIC","is_daily":false,"chose_seed":false,"campfire_upgraded":2,"win_rate":0.0,"timestamp":1612781331,"path_taken":["M","?","?","?","$","E","?","?","T","?","R","E","R","?","R","BOSS"],"items_purchased_type":["Relic","Card"],"build_version":"2020-12-22","purchased_purges":0,"victory":false,"max_hp_per_floor":[72,72,79,79,79,79,79,79,79,79,79,79,79,79,79,79,79],"card_choices":[{"not_picked":["Indignation","PathToVictory"],"picked":"MentalFortress","floor":1},{"not_picked":["Consecrate","Weave"],"picked":"CutThroughFate","floor":6},{"not_picked":["Evaluate","Worship"],"picked":"SashWhip","floor":8},{"not_picked":["WindmillStrike","MasterReality+1","Meditate"],"picked":"SKIP","floor":12}],"player_experience":215524,"relics_obtained":[{"floor":6,"key":"Mercury Hourglass"},{"floor":9,"key":"WingedGreaves"},{"floor":12,"key":"Frozen Egg 2"}],"event_choices":[{"damage_healed":0,"gold_gain":75,"player_choice":"Gather Gold","damage_taken":11,"max_hp_gain":0,"max_hp_loss":0,"event_name":"World of Goop","floor":2,"gold_loss":0},{"damage_healed":0,"gold_gain":0,"player_choice":"Success","damage_taken":18,"relics_obtained":["Strawberry"],"max_hp_gain":0,"max_hp_loss":0,"event_name":"Scrap Ooze","floor":3,"gold_loss":0},{"damage_healed":0,"gold_gain":0,"cards_transformed":["Strike_P"],"player_choice":"Change","damage_taken":0,"max_hp_gain":0,"max_hp_loss":0,"event_name":"Living Wall","floor":4,"gold_loss":0,"cards_obtained":["Consecrate"]},{"damage_healed":0,"gold_gain":175,"player_choice":"AGREE","damage_taken":0,"max_hp_gain":0,"max_hp_loss":0,"event_name":"Liars Game","floor":10,"gold_loss":0,"cards_obtained":["Doubt"]},{"damage_healed":0,"gold_gain":0,"player_choice":"Take Damage","damage_taken":19,"relics_obtained":["Golden Idol"],"max_hp_gain":0,"max_hp_loss":0,"event_name":"Golden Idol","floor":14,"gold_loss":0}],"is_beta":false,"boss_relics":[],"items_purged_floors":[],"is_endless":false,"potions_floor_spawned":[1,8],"killed_by":"Slime Boss","ascension_level":0}}