{"host":"roqoyek1hn7n931r","time":1612811981,"event":{"mods":["A Magickal Journey","Act Like it!","Arknights","Aspiration","BaseMod","CapriCore","Colored Map","Colored Powertips","Conspire","Downfall","Duelist Mod","GifTheSpireLib","Hermit","Hubris","Infinite Spire","Jorbs\u0027s Wanderer Trilogy","Koishi","Marisa????????","Minty Spire (QoL Compilation)","READ ME - Guardian Mod","READ ME - Snecko Mod","Reliquary","Remilia??????","Replay The Spire","Shade Mod","Shop Mod","StSLib","The Alterego","The Animator","The Bug Knight","The Cursed","The Disciple","The Forsaken","The Gatherer","The Hierophant","The Marked","The Mystic","The Necromancer","The Runesmith","The Servant 0.9.4","TheVacant"],"gold_per_floor":[113,113,113,113,113,133,152,152,163,41,66,66,82,94,94,114,114,212,212,231,146,146,165,165,165,195,245,270,324,324,337,98,118,118,217,217,244,154,154,175,175,175,175,175,175,175,199,8,8,24,24,24],"floor_reached":53,"language":"ENG","playtime":4190,"items_purged":["theVacant:VacantStarterStrike"],"score":944,"play_id":"8aad3e3b-9ff8-49c8-900f-63cd715d0016","local_time":"20210208201941","is_ascension_mode":false,"campfire_choices":[{"data":"theVacant:DeathSpiral","floor":8,"key":"SMITH"},{"data":"theVacant:CleanseSoul","floor":15,"key":"SMITH"},{"data":"theVacant:Release","floor":17,"key":"SMITH"},{"data":"theVacant:Reconnect","floor":25,"key":"SMITH"},{"floor":30,"key":"REST"},{"floor":34,"key":"REST"},{"data":"theVacant:FromNothing","floor":42,"key":"SMITH"},{"floor":51,"key":"REST"}],"circlet_count":0,"master_deck":["theVacant:VacantStarterStrike","theVacant:VacantStarterStrike","theVacant:VacantStarterDefend","theVacant:VacantStarterDefend","theVacant:VacantStarterDefend","theVacant:VacantStarterDefend","theVacant:Release+1","theVacant:Crunch","theVacant:Reconnect+1","theVacant:BellToll","theVacant:CleanseSoul+1","theVacant:DeathSpiral+1","theVacant:ShriekingBlast+1","theVacant:Barrage","theVacant:Jab","theVacant:HolyWater","theVacant:ForgeSoul+1","theVacant:Gloom+1","Looming Evil","theVacant:Jab","Lust_TH","theVacant:DeathSpiral","theVacant:Barrage","theVacant:VoidEmbrace","theVacant:GraveWave","theVacant:Jab","theVacant:FromNothing+1","theVacant:Yeet+1","theVacant:Barrage","ReplayTheSpireMod:Black Plague","theVacant:Recover","PowerUp+1","PowerUp+1","AlicesGift+1"],"relics":["theVacant:BrassGoblet","NeowsBlessing","Nunchaku","hubris:ToyBattleship","WarpedTongs","aspiration:FutureDiary","Runesmith:AutoHammer","ReplayTheSpireMod:Ring of Challenge","ReplayTheSpireMod:Ring of Addiction","Chameleon Ring","hubris:EmptyBottle","conspire:GiftBox","InkBottle","infinitespire:Beetle Shell","Lantern","hubris:Metronome","infinitespire:EvilPickle","aspiration:MarisaSkillbook","theForsaken:HumbleEgg","Bottled Lightning","Orichalcum"],"acts_visited":["Exordium","TheCity","TheBeyond"],"potions_floor_usage":[16,18,18,23,26,26,31,33,35,35,35,35,39,41,50,52,52,52,52,52,52],"damage_taken":[{"damage":0,"enemies":"Jaw Worm","floor":1,"turns":1},{"damage":0,"enemies":"Cultist","floor":6,"turns":1},{"damage":0,"enemies":"Small Slimes","floor":7,"turns":1},{"damage":12,"enemies":"Exordium Thugs","floor":9,"turns":4},{"damage":7,"enemies":"Blue Slaver","floor":13,"turns":4},{"damage":1,"enemies":"Looter","floor":14,"turns":3},{"damage":9,"enemies":"Large Slime","floor":16,"turns":5},{"damage":20,"enemies":"Hexaghost","floor":18,"turns":9},{"damage":12,"enemies":"Shell Parasite","floor":20,"turns":5},{"damage":5,"enemies":"Chosen","floor":23,"turns":5},{"damage":32,"enemies":"Slavers","floor":26,"turns":3},{"damage":14,"enemies":"Centurion and Healer","floor":31,"turns":3},{"damage":6,"enemies":"Snake Plant","floor":33,"turns":4},{"damage":16,"enemies":"Pondfish","floor":35,"turns":6},{"damage":20,"enemies":"3 Shapes","floor":37,"turns":2},{"damage":0,"enemies":"3 Darklings","floor":39,"turns":1},{"damage":0,"enemies":"Maw","floor":40,"turns":2},{"damage":0,"enemies":"Transient","floor":41,"turns":1},{"damage":0,"enemies":"Jaw Worm Horde","floor":47,"turns":1},{"damage":32,"enemies":"4 Shapes","floor":50,"turns":1},{"damage":1,"enemies":"hubris:GrandSnecko","floor":52,"turns":3}],"seed_played":"-8088510148513957140","potions_obtained":[{"floor":6,"key":"Milkshake"},{"floor":7,"key":"Regen Potion"},{"floor":9,"key":"Elixir"},{"floor":14,"key":"Death Potion"},{"floor":16,"key":"hexamod:SoulburnPotion"},{"floor":20,"key":"SteroidPotion"},{"floor":22,"key":"Flashbang"},{"floor":27,"key":"Flashbang"},{"floor":31,"key":"Energy Potion"},{"floor":37,"key":"SmokeBomb"},{"floor":40,"key":"Elixir"},{"floor":49,"key":"bronze:BurnAndBuffPotion"},{"floor":49,"key":"Elixir"},{"floor":50,"key":"BlessingOfTheForge"}],"is_trial":false,"path_per_floor":["M","?","PTL","PTL","?","M","M","R","M","$","T","?","M","M","R","M","R","B",null,"M","?","?","M","?","R","E","?","T","T","R","M","$","M","R_BF","B",null,"M","?","M","M","M","R","?","?","T","T","M","$","R","M","R","B",null],"character_chosen":"THE_VACANT","items_purchased":["theVacant:Barrage","hubris:Metronome","PowerUp+1","Orichalcum"],"campfire_rested":3,"item_purchase_floors":[10,32,48,48],"current_hp_per_floor":[80,80,80,80,80,80,80,80,68,68,68,68,61,60,60,56,56,36,80,68,68,68,63,63,63,31,11,11,11,34,20,20,14,37,21,78,58,58,58,58,58,58,58,40,40,40,40,40,40,8,29,28],"gold":24,"neow_bonus":"THREE_ENEMY_KILL","is_daily":false,"chose_seed":false,"campfire_upgraded":5,"win_rate":0.0,"timestamp":1612811981,"path_taken":["M","?","PTL","PTL","?","M","M","R","M","?","T","?","M","M","R","?","R","BOSS","M","?","?","M","?","R","E","?","T","?","R","M","$","M","R_BF","BOSS","M","?","M","?","M","R","?","?","T","?","M","?","R","M","R","BOSS"],"items_purchased_type":["Card","Relic","Card","Relic"],"build_version":"2020-12-22","purchased_purges":1,"victory":true,"max_hp_per_floor":[80,80,80,80,80,80,80,80,80,80,80,80,80,80,80,80,80,80,80,80,80,80,80,80,80,80,80,80,80,78,78,78,78,78,78,78,78,78,76,76,76,76,76,76,74,74,74,72,72,72,72,72],"card_choices":[{"not_picked":["theVacant:FranticBlow","theVacant:EyePoke"],"picked":"theVacant:Reconnect","floor":1},{"not_picked":["theVacant:Soothe","theVacant:Enrage"],"picked":"theVacant:CleanseSoul","floor":6},{"not_picked":["theVacant:FranticBlow","theVacant:EyePoke"],"picked":"theVacant:DeathSpiral","floor":7},{"not_picked":["theVacant:EyePoke","theVacant:Soothe"],"picked":"theVacant:ShriekingBlast","floor":9},{"not_picked":["theVacant:Cower","theVacant:Carve"],"picked":"theVacant:Jab","floor":13},{"not_picked":["theVacant:EmptyShield","theVacant:Expand","theVacant:Soothe"],"picked":"SKIP","floor":14},{"not_picked":["theVacant:Fortify","theVacant:Thoughtseize"],"picked":"theVacant:HolyWater","floor":16},{"not_picked":["theVacant:Exorcise","theVacant:TheAnvil"],"picked":"theVacant:ForgeSoul","floor":18},{"not_picked":["theVacant:Necromancy","theVacant:EmptyShield"],"picked":"theVacant:Gloom","floor":20},{"not_picked":["theVacant:FranticBlow","theVacant:CursedBlast+1"],"picked":"theVacant:Jab","floor":23},{"not_picked":["theVacant:TimeSkip","theVacant:Rejection"],"picked":"theVacant:DeathSpiral","floor":26},{"not_picked":["theVacant:CleanseSoul","theVacant:BellToll"],"picked":"theVacant:Barrage","floor":26},{"not_picked":["theVacant:EyePoke+1","theVacant:GraveDigger+1"],"picked":"theVacant:VoidEmbrace","floor":27},{"not_picked":["theVacant:EyePoke+1","theVacant:EmptyShield"],"picked":"theVacant:GraveWave","floor":31},{"not_picked":["theVacant:ShriekingBlast","theVacant:Cower"],"picked":"theVacant:Jab","floor":33},{"not_picked":["theVacant:Exorcise","theVacant:TimeSkip"],"picked":"theVacant:FromNothing","floor":35},{"not_picked":["ChargeUpSpray","theVacant:GraveWave","MysteriousBeam"],"picked":"theVacant:Yeet+1","floor":37},{"not_picked":["DoubleSpark+1","UnstableBomb","MagicAbsorber"],"picked":"theVacant:Barrage","floor":40},{"not_picked":["ReplayTheSpireMod:Echoes of Time","infinitespire:SevenWalls"],"picked":"ReplayTheSpireMod:Black Plague","floor":44},{"not_picked":["AsteroidBelt+1","theVacant:Dig+1","Acceleration+1"],"picked":"theVacant:Recover","floor":47},{"not_picked":["theVacant:Snowball+1","theVacant:Cower+1","theVacant:Spinshield+1"],"picked":"AlicesGift+1","floor":50}],"player_experience":111091,"relics_obtained":[{"floor":5,"key":"Nunchaku"},{"floor":11,"key":"hubris:ToyBattleship"},{"floor":22,"key":"ReplayTheSpireMod:Ring of Challenge"},{"floor":22,"key":"ReplayTheSpireMod:Ring of Addiction"},{"floor":22,"key":"Chameleon Ring"},{"floor":22,"key":"hubris:EmptyBottle"},{"floor":26,"key":"conspire:GiftBox"},{"floor":27,"key":"InkBottle"},{"floor":28,"key":"infinitespire:Beetle Shell"},{"floor":29,"key":"Lantern"},{"floor":45,"key":"theForsaken:HumbleEgg"},{"floor":46,"key":"Bottled Lightning"}],"event_choices":[{"damage_healed":0,"gold_gain":0,"player_choice":"Rummage","damage_taken":0,"relics_obtained":["WarpedTongs"],"max_hp_gain":0,"max_hp_loss":0,"event_name":"Accursed Blacksmith","floor":12,"gold_loss":0,"cards_obtained":["Pain"]},{"damage_healed":0,"gold_gain":0,"player_choice":"Obtained Relic","damage_taken":0,"relics_obtained":["Runesmith:AutoHammer"],"max_hp_gain":0,"max_hp_loss":0,"event_name":"Addict","floor":21,"gold_loss":85},{"cards_removed":["Pain"],"damage_healed":0,"gold_gain":0,"player_choice":"Upgrade and Remove","damage_taken":0,"max_hp_gain":0,"max_hp_loss":0,"event_name":"Designer","floor":38,"gold_loss":90,"cards_upgraded":["theVacant:ShriekingBlast"]},{"cards_removed":["theVacant:VacantStarterStrike"],"damage_healed":0,"gold_gain":0,"player_choice":"Removed Attack","damage_taken":0,"max_hp_gain":0,"max_hp_loss":0,"event_name":"Falling","floor":43,"gold_loss":0}],"is_beta":false,"boss_relics":[{"not_picked":["reliquary:WritOfMandamus","Painkiller Herb"],"picked":"aspiration:FutureDiary"},{"not_picked":["Calling Bell","aspiration:PoetsPen_weak"],"picked":"aspiration:MarisaSkillbook"}],"items_purged_floors":[10],"is_endless":false,"potions_floor_spawned":[6,7,9,14,16,20,31,33,37,40,50],"ascension_level":0}}