{"host":"gfxjwtol062e9znw","time":1612775150,"event":{"mods":["BaseMod","Colored Map","Minty Spire (QoL Compilation)","Rare Cards Sparkle"],"gold_per_floor":[113,131,182,182,201,219,219,71,71,87,87,118,118,131,131,252,252,275,33,53,53,53,53],"floor_reached":22,"language":"ENG","playtime":849,"items_purged":[],"score":279,"play_id":"8206d1ca-df84-43be-a688-960261f37c69","local_time":"20210208200550","is_ascension_mode":true,"campfire_choices":[{"floor":11.0,"key":"REST"},{"data":"Whirlwind","floor":13.0,"key":"SMITH"},{"floor":15.0,"key":"REST"}],"circlet_count":0,"master_deck":["AscendersBane","Strike_R","Strike_R","Defend_R","Defend_R","Defend_R","Bash","Wild Strike","Whirlwind+1","Entrench+1","Headbutt","Uppercut","Metallicize","Intimidate","Body Slam+1","Sword Boomerang+1","Demon Form","Spot Weakness","Shrug It Off","Infernal Blade","Inflame","Power Through"],"relics":["Burning Blood","Lantern","Golden Idol","Toy Ornithopter","Molten Egg 2","Empty Cage","Omamori"],"acts_visited":["Exordium","TheCity"],"potions_floor_usage":[20],"damage_taken":[{"damage":6.0,"enemies":"Jaw Worm","floor":1.0,"turns":5.0},{"damage":3.0,"enemies":"Small Slimes","floor":2.0,"turns":2.0},{"damage":6.0,"enemies":"Cultist","floor":5.0,"turns":3.0},{"damage":41.0,"enemies":"Large Slime","floor":6.0,"turns":9.0},{"damage":3.0,"enemies":"2 Fungi Beasts","floor":10.0,"turns":4.0},{"damage":17.0,"enemies":"Lagavulin","floor":12.0,"turns":7.0},{"damage":14.0,"enemies":"Red Slaver","floor":14.0,"turns":2.0},{"damage":70.0,"enemies":"Slime Boss","floor":16.0,"turns":12.0},{"damage":38.0,"enemies":"2 Thieves","floor":18.0,"turns":5.0},{"damage":22,"enemies":"Spheric Guardian","floor":20,"turns":6},{"damage":18,"enemies":"Snake Plant","floor":22,"turns":2}],"seed_played":"8733849009867941778","potions_obtained":[{"floor":2.0,"key":"Regen Potion"},{"floor":6.0,"key":"FearPotion"},{"floor":10.0,"key":"Dexterity Potion"},{"floor":14.0,"key":"BlessingOfTheForge"}],"is_trial":false,"path_per_floor":["M","M","?","?","M","M","?","$","T","M","R","E","R","M","R","B",null,"M","$","M","?","M"],"character_chosen":"IRONCLAD","items_purchased":["Uppercut","Metallicize","Block Potion","Omamori","Shrug It Off"],"campfire_rested":2,"item_purchase_floors":[8,8,19,19,19],"current_hp_per_floor":[72,75,75,74,74,39,39,39,39,42,64,64,64,56,74,15,59,27,27,16,16,0,0],"gold":53,"neow_bonus":"RANDOM_COMMON_RELIC","is_daily":false,"chose_seed":false,"campfire_upgraded":1,"win_rate":0.0,"timestamp":1612775150,"path_taken":["M","M","?","?","M","M","?","$","T","M","R","E","R","?","R","BOSS","M","$","M","?","M"],"items_purchased_type":["Card","Card","Potion","Relic","Card"],"build_version":"2020-12-22","purchased_purges":0,"victory":false,"max_hp_per_floor":[80,80,80,74,74,74,74,74,74,74,74,74,74,74,74,74,74,74,74,74,74,74,74],"card_choices":[{"not_picked":["Twin Strike","Havoc"],"picked":"Wild Strike","floor":1.0},{"not_picked":["Shockwave","Fire Breathing"],"picked":"Whirlwind","floor":2.0},{"not_picked":["Twin Strike","Pummel"],"picked":"Entrench","floor":5.0},{"not_picked":["Twin Strike","Disarm"],"picked":"Headbutt","floor":6.0},{"not_picked":["Dropkick","Rage"],"picked":"Intimidate","floor":10.0},{"not_picked":["Headbutt+1","Rage"],"picked":"Body Slam+1","floor":12.0},{"not_picked":["Combust","Body Slam+1"],"picked":"Sword Boomerang+1","floor":14.0},{"not_picked":["Double Tap","Corruption"],"picked":"Demon Form","floor":16.0},{"not_picked":["Havoc","Uppercut+1"],"picked":"Spot Weakness","floor":18.0},{"not_picked":["Twin Strike+1","Metallicize"],"picked":"Infernal Blade","floor":20}],"player_experience":124022,"relics_obtained":[{"floor":9.0,"key":"Toy Ornithopter"},{"floor":12.0,"key":"Molten Egg 2"}],"event_choices":[{"damage_healed":0.0,"max_hp_gain":0.0,"max_hp_loss":0.0,"gold_gain":51.0,"event_name":"Golden Wing","player_choice":"Gained Gold","floor":3.0,"gold_loss":0.0,"damage_taken":0.0},{"damage_healed":0.0,"max_hp_gain":0.0,"max_hp_loss":6.0,"gold_gain":0.0,"event_name":"Golden Idol","player_choice":"Lose Max HP","floor":4.0,"gold_loss":0.0,"damage_taken":0.0,"relics_obtained":["Golden Idol"]},{"damage_healed":0.0,"max_hp_gain":0.0,"max_hp_loss":0.0,"gold_gain":0.0,"event_name":"Upgrade Shrine","player_choice":"Upgraded","floor":7.0,"gold_loss":0.0,"damage_taken":0.0,"cards_upgraded":["Entrench"]},{"damage_healed":0,"gold_gain":0,"cards_transformed":["Strike_R","Defend_R"],"player_choice":"Became Test Subject","damage_taken":0,"max_hp_gain":0,"max_hp_loss":0,"event_name":"Drug Dealer","floor":21,"gold_loss":0,"cards_obtained":["Inflame","Power Through"]}],"is_beta":false,"boss_relics":[{"not_picked":["SacredBark","Coffee Dripper"],"picked":"Empty Cage"}],"items_purged_floors":[],"is_endless":false,"potions_floor_spawned":[2,6,10,14],"killed_by":"Snake Plant","ascension_level":10}}