{"host":"Ringo","time":1612780131,"event":{"mods":["BaseMod","Colored Map","Conspire","Dota2Spire","Hubris","Minty Spire (QoL Compilation)","Replay The Spire","StSLib","The Construct","[IsaacMod]ÒÔÈö¼âËþ","¡¾ÒÅÎï¿¨ÅÆ¡¿REMEMod"],"gold_per_floor":[114,133,133,152,192,221,221,221,221,254,270,270,120,149,149,245,245,262,274,22,36,36,36,36],"floor_reached":23,"language":"ZHS","playtime":917,"items_purged":[],"score":338,"play_id":"f9e0fab0-f87b-4f06-b4fe-27e42172575e","local_time":"20210208182851","is_ascension_mode":true,"campfire_choices":[{"data":"Neutralize","floor":7.0,"key":"SMITH"},{"data":"Calculated Gamble","floor":12.0,"key":"SMITH"},{"data":"Footwork","floor":15.0,"key":"SMITH"}],"circlet_count":0,"master_deck":["Strike_G+1","Strike_G+1","Strike_G+1","Strike_G+1","Defend_G+1","Defend_G+1","Defend_G+1","Defend_G+1","Survivor","Neutralize+1","Dagger Throw","Calculated Gamble+1","Footwork+1","Heel Hook","hubris:DuctTapeCard"],"relics":["Ring of the Snake","HushsDoor","REME_ComplimentaryCards","GuppysHead","Toy Ornithopter","Ninja Scroll","Bottled Tornado","Dota2Spire:BladeMail","Bronze Scales","Empty Cage","hubris:DuctTape"],"acts_visited":["Exordium","TheCity"],"potions_floor_usage":[21],"damage_taken":[{"damage":0.0,"enemies":"Jaw Worm","floor":1.0,"turns":3.0},{"damage":0.0,"enemies":"2 Louse","floor":2.0,"turns":2.0},{"damage":0.0,"enemies":"Cultist","floor":4.0,"turns":3.0},{"damage":44.0,"enemies":"Lagavulin","floor":6.0,"turns":8.0},{"damage":0.0,"enemies":"3 Sentries","floor":8.0,"turns":1.0},{"damage":0.0,"enemies":"Gremlin Nob","floor":10.0,"turns":3.0},{"damage":0.0,"enemies":"3 Louse","floor":11.0,"turns":1.0},{"damage":1.0,"enemies":"Lagavulin","floor":14.0,"turns":5.0},{"damage":0.0,"enemies":"Hexaghost","floor":16.0,"turns":8.0},{"damage":3.0,"enemies":"3 Byrds","floor":18.0,"turns":3.0},{"damage":0.0,"enemies":"Chosen","floor":19.0,"turns":4.0},{"damage":25,"enemies":"Centurion and Healer","floor":21,"turns":12},{"damage":0,"enemies":"Gremlin Leader","floor":23,"turns":3}],"seed_played":"4965132686221047508","potions_obtained":[{"floor":1.0,"key":"conspire:TimeTravelPotion"},{"floor":6.0,"key":"SmokeBomb"},{"floor":10.0,"key":"Explosive Potion"},{"floor":18.0,"key":"LiquidBronze"}],"is_trial":false,"path_per_floor":["M","M","?","M","?","E","R","E","T","E","M","R","$","E","R","B",null,"M","M","$","M","?","E"],"character_chosen":"THE_SILENT","items_purchased":["Dota2Spire:BladeMail","hubris:DuctTape"],"campfire_rested":0,"item_purchase_floors":[13,20],"current_hp_per_floor":[77,77,77,77,62,28,28,33,33,33,38,38,38,37,37,37,77,74,74,74,54,54,54,54],"gold":36,"neow_bonus":"TEN_PERCENT_HP_BONUS","is_daily":false,"chose_seed":false,"campfire_upgraded":3,"win_rate":0.0,"timestamp":1612780131,"path_taken":["M","M","?","M","?","E","R","E","T","E","?","R","?","E","R","BOSS","M","M","$","M","?","E"],"items_purchased_type":["Relic","Relic"],"build_version":"2020-12-18","purchased_purges":0,"victory":false,"max_hp_per_floor":[77,77,77,77,77,77,77,77,77,77,77,77,77,77,77,77,77,77,77,77,77,77,77,77],"card_choices":[{"not_picked":["Blur","Deadly Poison"],"picked":"Dagger Throw","floor":1.0},{"not_picked":["Deadly Poison","Setup","Slice"],"picked":"SKIP","floor":2.0},{"not_picked":["hubris:SlightOfHand","Bane"],"picked":"Calculated Gamble","floor":4.0},{"not_picked":["Phantasmal Killer","Setup"],"picked":"Footwork","floor":6.0},{"not_picked":["Quick Slash","hubris:Counter","ReplayTheSpireMod:Scrap Shanks"],"picked":"SKIP","floor":10.0},{"not_picked":["PiercingWail","Skewer","Flying Knee"],"picked":"SKIP","floor":11.0},{"not_picked":["Deadly Poison","Venomology"],"picked":"Heel Hook","floor":14.0},{"not_picked":["Masterful Stab","Well Laid Plans","Dagger Throw"],"picked":"SKIP","floor":18.0},{"not_picked":["Crippling Poison+1","Slice","Poisoned Stab"],"picked":"SKIP","floor":19.0},{"not_picked":["Accuracy","Prepared","Acrobatics"],"picked":"SKIP","floor":21}],"player_experience":656745,"relics_obtained":[{"floor":6.0,"key":"Toy Ornithopter"},{"floor":9.0,"key":"Ninja Scroll"},{"floor":10.0,"key":"Bottled Tornado"},{"floor":14.0,"key":"Bronze Scales"}],"event_choices":[{"damage_healed":0.0,"max_hp_gain":0.0,"max_hp_loss":0.0,"gold_gain":0.0,"event_name":"Liars Game","player_choice":"Ignored","floor":3.0,"gold_loss":0.0,"damage_taken":0.0},{"damage_healed":0,"gold_gain":0,"player_choice":"Simplicity","damage_taken":0,"max_hp_gain":0,"max_hp_loss":0,"event_name":"Back to Basics","floor":22,"gold_loss":0,"cards_upgraded":["Strike_G","Strike_G","Strike_G","Strike_G","Defend_G","Defend_G","Defend_G","Defend_G"]}],"is_beta":true,"boss_relics":[{"not_picked":["Runic Pyramid","Philosopher\u0027s Stone"],"picked":"Empty Cage"},{"not_picked":[]}],"items_purged_floors":[],"is_endless":false,"potions_floor_spawned":[1,6,8,10,18],"killed_by":"Gremlin Leader","ascension_level":3}}