{"host":"tfkz8stxzb1up54p","time":1612826051,"event":{"mods":["AchievementEnabler","BaseMod","Better Note","Block Reminder","Colored Powertips","Curses Come First","Disable Question Mark Monsters","Displayed Cursed Tome","Emptier Cage","Gold Saver","Gremlin Skip","Halation","Highlight Path","Minty Spire (QoL Compilation)","Permanent Neow","Poor People Problems","Relic Filter Mod","Reliquary","Replay The Spire","StSLib"],"gold_per_floor":[1007,1022,1022,1022,1087,1087,1142,1142,1142,1104,1131,1223,651,666,666,816,916,931,971,1036,1107,586,586,646,646,696,696,796,671,671,686,686,786,786,801,801,801,816,641,671,671,671,671,671,746,746,826,826,826,826],"floor_reached":51,"language":"ENG","playtime":4791,"items_purged":["Grand Finale","Replay:Hysterical Blindness","Blasphemy"],"score":849,"play_id":"060975c5-bf7e-4109-9a58-3840cead5f28","local_time":"20210208231411","daily_mods":["Shiny","Green Cards","Terminal"],"is_ascension_mode":false,"campfire_choices":[{"data":"Venomology","floor":6,"key":"SMITH"},{"data":"Magnetism","floor":15,"key":"SMITH"},{"floor":23,"key":"REST"},{"floor":25,"key":"REST"},{"data":"Malaise","floor":27,"key":"SMITH"},{"floor":32,"key":"REST"},{"data":"Apotheosis","floor":41,"key":"SMITH"},{"data":"Adrenaline","floor":44,"key":"SMITH"},{"floor":49,"key":"REST"}],"circlet_count":0,"master_deck":["Corpse Explosion","Die Die Die","Atom Bomb","ReplayTheSpireMod:From All Sides","Adrenaline+1","Envenom","Doppelganger","Burst","Tools of the Trade","After Image","A Thousand Cuts+1","Venomology+1","Replay:Bag of Tricks","Malaise+1","Phantasmal Killer","Night Terror","Unload+1","Bullet Time","Storm of Steel","Glass Knife","Brilliance","Devotion+1","LessonLearned","Vault","Alpha+1","Establishment","Replay:LoomingThreat","DeusExMachina+1","Judgement","ConjureBlade","MasterReality","Ragnarok","Scrawl","Wish+1","Omniscience","SpiritShield","DevaForm","Accuracy+1","Cloak And Dagger+1","CrushJoints","Cloak And Dagger","Enlightenment","Magnetism+1","Caltrops","CrushJoints","SashWhip","Slice","LessonLearned","Evaluate","Outmaneuver+1","BowlingBash+1","Panache","Bandage Up","SashWhip","Quick Slash","Master of Strategy","Apotheosis+1","Cloak And Dagger+1"],"relics":["PureWater","Onion Ring","Lantern","MawBank","Calipers","BargainBundle","Vajra","Damaru","Replay:Wanted Poster","Juzu Bracelet","ReplayTheSpireMod:CursedCoin","Unceasing Top","reliquary:TatteredRug","ReplayFunnel","Replay:Purple Gloves","ReplayTheSpireMod:Ninjato","Empty Cage","Orichalcum","Art of War","Pondfish Scales"],"acts_visited":["Exordium","TheCity","TheBeyond"],"potions_floor_usage":[7,7,7,12,14,16,18,18,20,20,24,28,28,28,33,38,40,40,40,40,45,50,50,50,50],"damage_taken":[{"damage":0,"enemies":"Small Slimes","floor":1,"turns":4},{"damage":0,"enemies":"2 Louse","floor":2,"turns":3},{"damage":0,"enemies":"Jaw Worm","floor":5,"turns":1},{"damage":7,"enemies":"Lagavulin","floor":7,"turns":4},{"damage":7,"enemies":"Gremlin Gang","floor":11,"turns":2},{"damage":9,"enemies":"3 Sentries","floor":12,"turns":5},{"damage":2,"enemies":"Large Slime","floor":14,"turns":3},{"damage":0,"enemies":"Slime Boss","floor":16,"turns":6},{"damage":28,"enemies":"2 Thieves","floor":18,"turns":2},{"damage":0,"enemies":"Spheric Guardian","floor":19,"turns":3},{"damage":0,"enemies":"3 Cultists","floor":20,"turns":5},{"damage":14,"enemies":"Replay:Snechameleon","floor":24,"turns":4},{"damage":12,"enemies":"Colosseum Slavers","floor":28,"turns":3},{"damage":5,"enemies":"Colosseum Nobs","floor":28,"turns":3},{"damage":0,"enemies":"Snake Plant","floor":31,"turns":1},{"damage":8,"enemies":"Champ","floor":33,"turns":5},{"damage":0,"enemies":"3 Darklings","floor":35,"turns":2},{"damage":0,"enemies":"3 Shapes","floor":38,"turns":5},{"damage":0,"enemies":"Nemesis","floor":40,"turns":8},{"damage":14,"enemies":"Spire Growth","floor":45,"turns":5},{"damage":0,"enemies":"Mind Bloom Boss Battle","floor":47,"turns":3},{"damage":9,"enemies":"Time Eater","floor":50,"turns":8}],"seed_played":"-2425098010432476902","potions_obtained":[{"floor":1,"key":"Block Potion"},{"floor":11,"key":"FearPotion"},{"floor":12,"key":"PowerPotion"},{"floor":18,"key":"FairyPotion"},{"floor":21,"key":"Ambrosia"},{"floor":21,"key":"BlessingOfTheForge"},{"floor":24,"key":"Regen Potion"},{"floor":31,"key":"LifebloodPotion"},{"floor":40,"key":"Explosive Potion"},{"floor":45,"key":"Flashbang"}],"is_trial":false,"path_per_floor":["M","M","?","?","M","R","E","?","T","?","M","E","$","M","R","B",null,"M","M","M","?","$","R","E","R","T","R","?","$","?","M","R","B",null,"M","?","?","M","$","E","R","?","T","R","M","?","?","?","R","B",null],"character_chosen":"WATCHER","items_purchased":["BargainBundle","Vajra","Damaru","Enlightenment","Magnetism","Caltrops","CrushJoints","SashWhip","ReplayTheSpireMod:CursedCoin","Unceasing Top","Panache","Bandage Up","Apotheosis"],"campfire_rested":4,"item_purchase_floors":[13,13,13,13,13,13,13,13,22,22,22,22,39],"current_hp_per_floor":[70,69,68,67,66,65,58,45,45,45,38,29,29,27,27,27,54,26,26,26,26,26,40,30,44,44,44,32,32,32,36,39,31,37,36,35,34,33,32,31,30,29,28,27,13,13,13,13,19,10],"gold":826,"neow_bonus":"","is_daily":true,"chose_seed":false,"campfire_upgraded":5,"win_rate":0.0,"timestamp":1612826051,"path_taken":["M","M","?","?","M","R","E","?","T","?","?","E","$","M","R","BOSS","M","M","?","?","$","R","E","R","T","R","?","?","?","M","R","BOSS","M","?","?","M","$","E","R","?","T","R","M","?","?","?","R","BOSS"],"items_purchased_type":["Relic","Relic","Relic","Card","Card","Card","Card","Card","Relic","Relic","Card","Card","Card"],"build_version":"2020-12-22","purchased_purges":3,"victory":true,"max_hp_per_floor":[70,69,68,67,66,65,64,63,62,61,60,59,58,57,56,55,54,53,52,51,50,49,48,47,46,45,44,43,42,41,40,39,38,37,36,35,34,33,32,31,30,29,28,27,26,25,24,23,22,21],"card_choices":[{"not_picked":["All Out Attack","Crescendo","ReplayTheSpireMod:Scrap Shanks"],"picked":"SKIP","floor":1},{"not_picked":["JustLucky","Choke","SashWhip"],"picked":"SKIP","floor":2},{"not_picked":["Dagger Spray","Escape Plan"],"picked":"Cloak And Dagger","floor":5},{"not_picked":["Indignation","Phantasmal Killer"],"picked":"CrushJoints","floor":7},{"not_picked":["ReachHeaven","Pray","EmptyFist"],"picked":"SKIP","floor":11},{"not_picked":["Deadly Poison","Caltrops"],"picked":"Cloak And Dagger","floor":12},{"not_picked":["FollowUp","Replay:ManipulateFuture"],"picked":"Slice","floor":14},{"not_picked":["ConjureBlade","Replay:LoomingThreat"],"picked":"LessonLearned","floor":16},{"not_picked":["Prepared","ReachHeaven","ReplayTheSpireMod:The Works"],"picked":"SKIP","floor":18},{"not_picked":["BowlingBash","FlurryOfBlows+1"],"picked":"Evaluate","floor":19},{"not_picked":["Halt","Flying Knee"],"picked":"Outmaneuver+1","floor":20},{"not_picked":["Deflect","Deadly Poison"],"picked":"BowlingBash+1","floor":21},{"not_picked":["Worship+1","EmptyMind+1","Vengeance+1"],"picked":"SKIP","floor":24},{"not_picked":["PiercingWail","Accuracy"],"picked":"SashWhip","floor":28},{"not_picked":["Replay:ManipulateFuture","Noxious Fumes","Masterful Stab"],"picked":"SKIP","floor":31},{"not_picked":["CutThroughFate+1","FlurryOfBlows"],"picked":"Deflect+1","floor":35},{"not_picked":["Forethought","ReplayTheSpireMod:Necrogeddon"],"picked":"Master of Strategy","floor":36},{"not_picked":["Well Laid Plans+1","Backstab","Replay:ManipulateFuture+1"],"picked":"SKIP","floor":38},{"not_picked":["ReplayTheSpireMod:Scrap Shanks","Catalyst+1","Well Laid Plans"],"picked":"SKIP","floor":40},{"not_picked":["Dagger Throw+1","EmptyFist+1"],"picked":"Cloak And Dagger+1","floor":45}],"player_experience":1399692,"relics_obtained":[{"floor":7,"key":"Lantern"},{"floor":9,"key":"MawBank"},{"floor":12,"key":"Calipers"},{"floor":21,"key":"Juzu Bracelet"},{"floor":24,"key":"reliquary:TatteredRug"},{"floor":26,"key":"ReplayFunnel"},{"floor":28,"key":"Replay:Purple Gloves"},{"floor":28,"key":"ReplayTheSpireMod:Ninjato"},{"floor":40,"key":"Orichalcum"},{"floor":43,"key":"Art of War"},{"floor":47,"key":"Pondfish Scales"}],"event_choices":[{"damage_healed":0,"gold_gain":0,"player_choice":"Box","damage_taken":0,"relics_obtained":["Onion Ring"],"max_hp_gain":0,"max_hp_loss":0,"event_name":"Big Fish","floor":4,"gold_loss":0,"cards_obtained":["Regret"]},{"damage_healed":0,"gold_gain":0,"player_choice":"Entered Light","damage_taken":13,"max_hp_gain":0,"max_hp_loss":0,"event_name":"Shining Light","floor":8,"gold_loss":0,"cards_upgraded":["DeusExMachina","Unload"]},{"cards_removed":["Regret"],"damage_healed":0,"gold_gain":0,"player_choice":"Card Removal","damage_taken":0,"max_hp_gain":0,"max_hp_loss":0,"event_name":"The Cleric","floor":10,"gold_loss":50},{"damage_healed":0,"gold_gain":0,"player_choice":"Fight","damage_taken":0,"max_hp_gain":0,"max_hp_loss":0,"event_name":"Colosseum","floor":28,"gold_loss":0},{"damage_healed":0,"gold_gain":0,"player_choice":"Fought Nobs","damage_taken":0,"max_hp_gain":0,"max_hp_loss":0,"event_name":"Colosseum","floor":28,"gold_loss":0},{"damage_healed":0,"gold_gain":0,"cards_transformed":["Replay:AllIn"],"player_choice":"Transformed","damage_taken":0,"max_hp_gain":0,"max_hp_loss":0,"event_name":"Transmorgrifier","floor":30,"gold_loss":0,"cards_obtained":["Quick Slash"]},{"damage_healed":0,"gold_gain":0,"player_choice":"Memory 1","damage_taken":0,"max_hp_gain":0,"max_hp_loss":0,"event_name":"SensoryStone","floor":36,"gold_loss":0},{"damage_healed":9,"gold_gain":0,"player_choice":"Writhe","damage_taken":0,"max_hp_gain":0,"max_hp_loss":0,"event_name":"Winding Halls","floor":37,"gold_loss":0,"cards_obtained":["Writhe"]},{"cards_removed":["Deflect"],"damage_healed":0,"gold_gain":0,"player_choice":"Removed Skill","damage_taken":0,"max_hp_gain":0,"max_hp_loss":0,"event_name":"Falling","floor":42,"gold_loss":0},{"cards_removed":["Writhe"],"damage_healed":0,"gold_gain":0,"player_choice":"Purged","damage_taken":0,"max_hp_gain":0,"max_hp_loss":0,"event_name":"Purifier","floor":46,"gold_loss":0},{"damage_healed":0,"gold_gain":0,"player_choice":"Fight","damage_taken":0,"max_hp_gain":0,"max_hp_loss":0,"event_name":"MindBloom","floor":47,"gold_loss":0}],"is_beta":false,"boss_relics":[{"not_picked":["Kintsugi","halation:ForbiddenBikini"],"picked":"Replay:Wanted Poster"},{"not_picked":["halation:PlatinumPhoenix","Runic Dome"],"picked":"Empty Cage"}],"items_purged_floors":[13,22,29],"is_endless":false,"potions_floor_spawned":[1,11,12,18,19,24,28,31,40,45],"ascension_level":0}}