{"host":"z16h96csw6gsetxl","time":1612747561,"event":{"mods":["BaseMod","Minty Spire (QoL Compilation)"],"gold_per_floor":[111,111,36,36,55,81,81,111,111,111,130,165,165,193,193,296,346,346,346],"floor_reached":18,"language":"ZHS","playtime":901,"items_purged":["Regret"],"score":253,"play_id":"b1759e30-38f1-4e76-a772-9a785d635ff8","local_time":"20210208092601","is_ascension_mode":true,"campfire_choices":[{"data":"Defend_G","floor":7,"key":"PURGE"},{"data":"Defend_G","floor":10,"key":"PURGE"},{"floor":15,"key":"REST"}],"circlet_count":0,"master_deck":["Strike_G","Strike_G","Strike_G","Strike_G","Strike_G","Defend_G","Defend_G","Defend_G","Survivor","Neutralize","Masterful Stab","Blade Dance","Prepared","Malaise","PiercingWail+1","Terror","Burst","Reflex"],"relics":["Ring of the Snake","NeowsBlessing","InkBottle","Peace Pipe","Pantograph","Oddly Smooth Stone","Dream Catcher","Lantern","Question Card","Shovel","Tiny House"],"acts_visited":["Exordium","TheCity"],"potions_floor_usage":[8,8,16,18],"damage_taken":[{"damage":0,"enemies":"Cultist","floor":1,"turns":1},{"damage":0,"enemies":"Small Slimes","floor":5,"turns":1},{"damage":0,"enemies":"Gremlin Nob","floor":6,"turns":1},{"damage":14,"enemies":"3 Sentries","floor":8,"turns":5},{"damage":0,"enemies":"Jaw Worm","floor":11,"turns":2},{"damage":12,"enemies":"Gremlin Nob","floor":12,"turns":3},{"damage":22,"enemies":"3 Sentries","floor":14,"turns":7},{"damage":29,"enemies":"The Guardian","floor":16,"turns":14},{"damage":20,"enemies":"3 Byrds","floor":18,"turns":5}],"seed_played":"766252246026740246","potions_obtained":[{"floor":1,"key":"AttackPotion"},{"floor":6,"key":"BlessingOfTheForge"},{"floor":14,"key":"SneckoOil"},{"floor":17,"key":"SkillPotion"}],"is_trial":false,"path_per_floor":["M","?","$","?","M","E","R","E","T","R","M","E","?","E","R","B",null,"M"],"character_chosen":"THE_SILENT","items_purchased":[],"campfire_rested":1,"item_purchase_floors":[],"current_hp_per_floor":[70,70,70,70,70,70,70,56,56,56,56,44,44,22,43,39,75,55,55],"gold":346,"neow_bonus":"THREE_ENEMY_KILL","is_daily":false,"chose_seed":false,"campfire_upgraded":0,"win_rate":0.0,"timestamp":1612747561,"path_taken":["M","?","$","?","?","E","R","E","T","R","?","E","?","E","R","BOSS","M"],"items_purchased_type":[],"build_version":"2020-12-22","purchased_purges":1,"victory":false,"max_hp_per_floor":[70,70,70,70,70,70,70,70,70,70,70,70,70,70,70,70,75,75,75],"card_choices":[{"not_picked":["Deflect","Choke"],"picked":"Masterful Stab","floor":1},{"not_picked":["Bane","Escape Plan"],"picked":"Blade Dance","floor":5},{"not_picked":["Underhanded Strike","Deadly Poison","Outmaneuver"],"picked":"SKIP","floor":6},{"not_picked":["Reflex","Flying Knee"],"picked":"Prepared","floor":8},{"not_picked":["Caltrops","Sucker Punch","Dodge and Roll"],"picked":"SKIP","floor":11},{"not_picked":["Deflect","Caltrops"],"picked":"Malaise","floor":12},{"not_picked":["Flying Knee","Cloak And Dagger","Underhanded Strike"],"picked":"PiercingWail","floor":14},{"not_picked":["Backstab","Prepared","Flechettes"],"picked":"Terror","floor":15},{"not_picked":["Doppelganger","Wraith Form v2","Corpse Explosion"],"picked":"Burst","floor":16},{"not_picked":["Underhanded Strike","Backstab","Well Laid Plans"],"picked":"Reflex","floor":17}],"player_experience":89193,"relics_obtained":[{"floor":4,"key":"Peace Pipe"},{"floor":6,"key":"Pantograph"},{"floor":8,"key":"Oddly Smooth Stone"},{"floor":9,"key":"Dream Catcher"},{"floor":12,"key":"Lantern"},{"floor":14,"key":"Shovel"}],"event_choices":[{"damage_healed":0,"gold_gain":0,"player_choice":"Box","damage_taken":0,"relics_obtained":["InkBottle"],"max_hp_gain":0,"max_hp_loss":0,"event_name":"Big Fish","floor":2,"gold_loss":0,"cards_obtained":["Regret"]},{"damage_healed":0,"gold_gain":0,"player_choice":"Relic","damage_taken":0,"max_hp_gain":0,"max_hp_loss":0,"event_name":"Wheel of Change","floor":4,"gold_loss":0},{"damage_healed":0,"gold_gain":0,"player_choice":"Searched \u00272\u0027 times","damage_taken":0,"relics_obtained":["Question Card"],"max_hp_gain":0,"max_hp_loss":0,"event_name":"Dead Adventurer","floor":13,"gold_loss":0}],"is_beta":false,"boss_relics":[{"not_picked":["SacredBark","Cursed Key"],"picked":"Tiny House"}],"items_purged_floors":[3],"is_endless":false,"potions_floor_spawned":[1,6,14],"killed_by":"3 Byrds","ascension_level":4}}