{"host":"1xo5g347e5o4auts","time":1612772802,"event":{"mods":["BaseMod","Minty Spire (QoL Compilation)","Permanent Neow","StSLib"],"gold_per_floor":[16,30,44,61,78,78,110,110,134,152,178,193,193,193,193,267,267,281,17,36,36,52,80,80,105,105,105,140,155,166,197,197,273,273,283,308,319,319,337,368,183,218,218,218,230,230,105,137,137,137,137,137,137,11,36,36,36],"floor_reached":56,"language":"ENG","playtime":1981,"items_purged":["Strike_R","Strike_R","Strike_R"],"score":2104,"play_id":"dd92fdbc-b44f-4e25-8ce6-9c7ce1edb265","local_time":"20210208102642","is_ascension_mode":true,"campfire_choices":[{"data":"Immolate","floor":6.0,"key":"SMITH"},{"data":"Armaments","floor":13.0,"key":"SMITH"},{"data":"Bash","floor":15.0,"key":"SMITH"},{"data":"Disarm","floor":24.0,"key":"SMITH"},{"data":"Disarm","floor":27.0,"key":"SMITH"},{"data":"Spot Weakness","floor":32.0,"key":"SMITH"},{"floor":46.0,"key":"RECALL"},{"floor":49.0,"key":"REST"},{"floor":53.0,"key":"REST"}],"circlet_count":0,"master_deck":["AscendersBane","Strike_R","Defend_R","Defend_R","Defend_R","Defend_R","Bash+1","Immolate+1","Armaments+1","Spot Weakness+1","True Grit","Headbutt","Corruption","Disarm+1","Limit Break","Shrug It Off","Disarm+1","Perfected Strike","Hemokinesis","Pummel+1","Bloodletting","Sentinel","Flame Barrier","Demon Form","Spot Weakness+1","Pommel Strike+1","Demon Form","Barricade","Feel No Pain+1","Feel No Pain","Shockwave"],"relics":["Burning Blood","Charon\u0027s Ashes","HornCleat","Nunchaku","Centennial Puzzle","Runic Pyramid","Bronze Scales","Magic Flower","Regal Pillow","Question Card","Boot","Gremlin Horn","Fusion Hammer","Prayer Wheel","Orichalcum","Bag of Marbles","Dream Catcher","Self Forming Clay"],"acts_visited":["Exordium","TheCity","TheBeyond","TheEnding"],"potions_floor_usage":[56],"damage_taken":[{"damage":1.0,"enemies":"Cultist","floor":1.0,"turns":3.0},{"damage":7.0,"enemies":"Jaw Worm","floor":2.0,"turns":2.0},{"damage":1.0,"enemies":"Small Slimes","floor":3.0,"turns":4.0},{"damage":10.0,"enemies":"Red Slaver","floor":4.0,"turns":4.0},{"damage":15.0,"enemies":"Blue Slaver","floor":5.0,"turns":6.0},{"damage":8.0,"enemies":"Gremlin Nob","floor":7.0,"turns":3.0},{"damage":0.0,"enemies":"2 Fungi Beasts","floor":10.0,"turns":3.0},{"damage":5.0,"enemies":"Lagavulin","floor":11.0,"turns":5.0},{"damage":0.0,"enemies":"Exordium Wildlife","floor":12.0,"turns":1.0},{"damage":35.0,"enemies":"Slime Boss","floor":16.0,"turns":7.0},{"damage":6.0,"enemies":"Spheric Guardian","floor":18.0,"turns":5.0},{"damage":17.0,"enemies":"2 Thieves","floor":20.0,"turns":3.0},{"damage":0.0,"enemies":"3 Cultists","floor":22.0,"turns":2.0},{"damage":4.0,"enemies":"Gremlin Leader","floor":23.0,"turns":5.0},{"damage":3.0,"enemies":"Book of Stabbing","floor":25.0,"turns":3.0},{"damage":3.0,"enemies":"Gremlin Leader","floor":28.0,"turns":6.0},{"damage":8.0,"enemies":"Centurion and Healer","floor":29.0,"turns":6.0},{"damage":3.0,"enemies":"Snake Plant","floor":30.0,"turns":4.0},{"damage":10.0,"enemies":"Book of Stabbing","floor":31.0,"turns":4.0},{"damage":6.0,"enemies":"Collector","floor":33.0,"turns":7.0},{"damage":2.0,"enemies":"3 Shapes","floor":35.0,"turns":2.0},{"damage":5.0,"enemies":"Mind Bloom Boss Battle","floor":36.0,"turns":5.0},{"damage":2.0,"enemies":"3 Darklings","floor":37.0,"turns":2.0},{"damage":4.0,"enemies":"4 Shapes","floor":39.0,"turns":4.0},{"damage":45.0,"enemies":"Giant Head","floor":40.0,"turns":6.0},{"damage":13.0,"enemies":"Nemesis","floor":42.0,"turns":5.0},{"damage":0.0,"enemies":"Maw","floor":45.0,"turns":5.0},{"damage":9.0,"enemies":"Reptomancer","floor":48.0,"turns":4.0},{"damage":31.0,"enemies":"Awakened One","floor":50.0,"turns":9.0},{"damage":6.0,"enemies":"Time Eater","floor":51.0,"turns":7.0},{"damage":73.0,"enemies":"Shield and Spear","floor":55.0,"turns":8.0},{"damage":32,"enemies":"The Heart","floor":56,"turns":8}],"seed_played":"-4881358803402728378","potions_obtained":[{"floor":4.0,"key":"Fire Potion"},{"floor":7.0,"key":"BlessingOfTheForge"},{"floor":16.0,"key":"Energy Potion"},{"floor":22.0,"key":"LiquidMemories"}],"is_trial":false,"path_per_floor":["M","M","M","M","M","R","E","T","T","M","E","M","R","?","R","B",null,"M","$","M","?","M","E","R","E","T","R","E","M","M","E","R","B",null,"M","?","M","?","M","E","$","E","T","?","M","R","$","E","R","B","B",null,"R","$","E","B"],"character_chosen":"IRONCLAD","items_purchased":["Bronze Scales","Shrug It Off","Demon Form","Feel No Pain","Regen Potion"],"campfire_rested":2,"item_purchase_floors":[19,19,41,54,54],"current_hp_per_floor":[73,72,75,71,62,62,60,60,60,66,67,73,73,73,73,44,67,67,67,56,56,62,64,64,70,70,70,75,75,75,74,74,75,75,75,75,75,75,75,39,39,35,35,35,44,44,44,44,75,53,56,70,75,75,35,3,3],"gold":36,"neow_bonus":"THREE_RARE_CARDS","is_daily":false,"chose_seed":false,"campfire_upgraded":6,"win_rate":0.0,"timestamp":1612772802,"path_taken":["M","M","?","M","M","R","E","?","T","M","E","M","R","?","R","BOSS","M","?","M","?","M","E","R","E","T","R","E","?","M","E","R","BOSS","M","?","M","?","M","E","$","E","T","?","M","R","?","E","R","BOSS","BOSS","R","$","E","BOSS"],"items_purchased_type":["Relic","Card","Card","Card","Potion"],"build_version":"2020-12-22","purchased_purges":3,"victory":false,"max_hp_per_floor":[75,75,75,75,75,75,75,75,75,75,75,75,75,75,75,75,75,75,75,75,75,75,75,75,75,75,75,75,75,75,75,75,75,75,75,75,75,75,75,75,75,75,75,75,75,75,75,75,75,75,75,75,75,75,75,75,75],"card_choices":[{"not_picked":["Juggernaut","Double Tap"],"picked":"Immolate","floor":0.0},{"not_picked":["Headbutt","Sword Boomerang"],"picked":"Armaments","floor":1.0},{"not_picked":["Shockwave","Seeing Red"],"picked":"Spot Weakness","floor":2.0},{"not_picked":["Pommel Strike","Sword Boomerang"],"picked":"True Grit","floor":3.0},{"not_picked":["Clash","Cleave"],"picked":"Headbutt","floor":4.0},{"not_picked":["Clothesline","Sword Boomerang","Body Slam"],"picked":"SKIP","floor":5.0},{"not_picked":["Thunderclap","Havoc"],"picked":"Corruption","floor":7.0},{"not_picked":["Iron Wave","True Grit","Body Slam"],"picked":"SKIP","floor":10.0},{"not_picked":["Iron Wave","True Grit","Body Slam"],"picked":"SKIP","floor":10.0},{"not_picked":["Rupture","Intimidate","Armaments"],"picked":"SKIP","floor":11.0},{"not_picked":["Carnage","Power Through","Warcry"],"picked":"SKIP","floor":12.0},{"not_picked":["Carnage","Power Through","Warcry"],"picked":"SKIP","floor":12.0},{"not_picked":["Juggernaut","Immolate"],"picked":"Limit Break","floor":16.0},{"not_picked":["Heavy Blade","Fire Breathing","Uppercut"],"picked":"SKIP","floor":18.0},{"not_picked":["Flex","Headbutt+1"],"picked":"Disarm","floor":20.0},{"not_picked":["Heavy Blade","Anger"],"picked":"Hemokinesis","floor":22.0},{"not_picked":["Shrug It Off","Ghostly Armor"],"picked":"Pummel+1","floor":23.0},{"not_picked":["Pummel","Wild Strike"],"picked":"Bloodletting","floor":25.0},{"not_picked":["Uppercut","Havoc","Wild Strike","Bludgeon"],"picked":"SKIP","floor":28.0},{"not_picked":["Rupture","Wild Strike","Sword Boomerang"],"picked":"Sentinel","floor":29.0},{"not_picked":["Power Through+1","Twin Strike","Warcry","Searing Blow"],"picked":"SKIP","floor":30.0},{"not_picked":["Dropkick","Warcry","Disarm"],"picked":"Flame Barrier","floor":31.0},{"not_picked":["Barricade","Fiend Fire","Brutality"],"picked":"Demon Form","floor":33.0},{"not_picked":["Body Slam","Ghostly Armor","Power Through"],"picked":"Spot Weakness+1","floor":35.0},{"not_picked":["Perfected Strike","Havoc","Anger"],"picked":"Pommel Strike+1","floor":37.0},{"not_picked":["Clash","Cleave","Headbutt","Metallicize+1"],"picked":"SKIP","floor":37.0},{"not_picked":["Armaments","Warcry","Infernal Blade"],"picked":"Sword Boomerang","floor":39.0},{"not_picked":["Wild Strike","Havoc","Iron Wave","Cleave"],"picked":"SKIP","floor":39.0},{"not_picked":["Clothesline+1","Inflame","Sever Soul","Body Slam+1"],"picked":"SKIP","floor":40.0},{"not_picked":["Havoc+1","Offering","Shrug It Off"],"picked":"Barricade","floor":42.0},{"not_picked":["Heavy Blade","Anger","Blood for Blood","Intimidate+1"],"picked":"SKIP","floor":45.0},{"not_picked":["Rupture","Carnage+1","Headbutt","Whirlwind+1"],"picked":"SKIP","floor":45.0},{"not_picked":["Searing Blow","Body Slam+1","Armaments"],"picked":"Feel No Pain+1","floor":48.0},{"not_picked":["Warcry","Thunderclap","Sword Boomerang+1"],"picked":"Shockwave","floor":55}],"player_experience":1459767,"relics_obtained":[{"floor":7.0,"key":"Charon\u0027s Ashes"},{"floor":8.0,"key":"HornCleat"},{"floor":9.0,"key":"Nunchaku"},{"floor":11.0,"key":"Centennial Puzzle"},{"floor":23.0,"key":"Magic Flower"},{"floor":25.0,"key":"Regal Pillow"},{"floor":26.0,"key":"Question Card"},{"floor":28.0,"key":"Boot"},{"floor":31.0,"key":"Gremlin Horn"},{"floor":36.0,"key":"Prayer Wheel"},{"floor":40.0,"key":"Orichalcum"},{"floor":42.0,"key":"Bag of Marbles"},{"floor":48.0,"key":"Dream Catcher"},{"floor":55,"key":"Self Forming Clay"}],"event_choices":[{"damage_healed":0.0,"max_hp_gain":0.0,"max_hp_loss":0.0,"gold_gain":0.0,"event_name":"Match and Keep!","player_choice":"1 cards matched","floor":14.0,"gold_loss":0.0,"damage_taken":0.0,"cards_obtained":["Disarm"]},{"damage_healed":0.0,"max_hp_gain":0.0,"max_hp_loss":0.0,"gold_gain":0.0,"cards_transformed":["Strike_R"],"event_name":"Transmorgrifier","player_choice":"Transformed","floor":21.0,"gold_loss":0.0,"damage_taken":0.0,"cards_obtained":["Perfected Strike"]},{"damage_healed":0.0,"max_hp_gain":0.0,"max_hp_loss":0.0,"gold_gain":0.0,"event_name":"MindBloom","player_choice":"Fight","floor":36.0,"gold_loss":0.0,"damage_taken":0.0},{"damage_healed":0.0,"max_hp_gain":0.0,"max_hp_loss":0.0,"gold_gain":0.0,"event_name":"Tomb of Lord Red Mask","player_choice":"Ignored","floor":38.0,"gold_loss":0.0,"damage_taken":0.0},{"cards_removed":["Sword Boomerang"],"damage_healed":0.0,"max_hp_gain":0.0,"max_hp_loss":0.0,"gold_gain":0.0,"event_name":"Falling","player_choice":"Removed Attack","floor":44.0,"gold_loss":0.0,"damage_taken":0.0}],"is_beta":false,"boss_relics":[{"not_picked":["Sozu","Philosopher\u0027s Stone"],"picked":"Runic Pyramid"},{"not_picked":["Snecko Eye","Black Star"],"picked":"Fusion Hammer"}],"items_purged_floors":[19,41,47],"is_endless":false,"potions_floor_spawned":[4,7,10,16,22,23,28,33,36,37,39,40,48],"killed_by":"The Heart","ascension_level":20}}