{"host":"8z0h4areh8sio1k0","time":1612764804,"event":{"mods":["10 clothes from DAL","Act Like it!","Aspiration","BaseMod","Colored Map","Conspire","Crowbot","Hubris","Library of Ruina Extra","Mimic Mod","Minty Spire (QoL Compilation)","NanayaShiki（七夜志贵）","Replay The Spire","StSLib","TestMod","The Blue Laboratory","The Fake Hero","The Hierophant","TheWitcherMod","[Fun]BeWhatYouAte","theHeart","【功能Mod】精心准备","【遗物Mod】死灵法师NEW","老伊莉雅"],"gold_per_floor":[118,118,132,145,145,145,161,161,210,244,264,283,295,329,329,429,429,448,462,477,477,477],"floor_reached":21,"language":"ZHS","playtime":1854,"items_purged":[],"score":343,"play_id":"1a512c58-7006-43dd-ae5a-8648e218a9d8","local_time":"20210208141324","is_ascension_mode":true,"campfire_choices":[{"data":"Tactician","floor":6,"key":"SMITH"},{"data":"Survivor","floor":8,"key":"SMITH"},{"floor":15,"key":"REST"}],"circlet_count":0,"master_deck":["Strike_G","Strike_G","Strike_G","Strike_G","Defend_G","Defend_G","Defend_G","Defend_G","Defend_G","Survivor+1","Neutralize","Backstab","Tactician+1","Outmaneuver","Dodge and Roll","Distraction","After Image"],"relics":["testmod-TestBox","NeowsBlessing","testmod-RealStoneCalender","testmod-LifeArmor","Centennial Puzzle","ReplayTheSpireMod:TigerMarble","Tough Bandages","hubris:CrackedHourglass"],"acts_visited":["Exordium","TheCity"],"potions_floor_usage":[10,10,12,19],"damage_taken":[{"damage":0.0,"enemies":"Small Slimes","floor":1.0,"turns":1.0},{"damage":0,"enemies":"2 Louse","floor":3,"turns":1},{"damage":0,"enemies":"Cultist","floor":4,"turns":1},{"damage":4,"enemies":"Exordium Wildlife","floor":7,"turns":4},{"damage":15,"enemies":"3 Sentries","floor":10,"turns":4},{"damage":6,"enemies":"Looter","floor":11,"turns":3},{"damage":10,"enemies":"Gremlin Gang","floor":12,"turns":4},{"damage":3,"enemies":"Red Slaver","floor":13,"turns":4},{"damage":7,"enemies":"Lagavulin","floor":14,"turns":6},{"damage":0,"enemies":"theStrengthClad","floor":16,"turns":6},{"damage":9,"enemies":"Shell Parasite","floor":18,"turns":5},{"damage":23,"enemies":"2 Thieves","floor":19,"turns":5},{"damage":25,"enemies":"Snake Plant","floor":20,"turns":6},{"damage":5,"enemies":"Snecko","floor":21,"turns":5}],"seed_played":"1248434614041158737","potions_obtained":[{"floor":1.0,"key":"Swift Potion"},{"floor":3,"key":"blueLaboratory:Virophage"},{"floor":7,"key":"blueLaboratory:ArtistsPotion"},{"floor":12,"key":"Explosive Potion"},{"floor":14,"key":"blueLaboratory:FrostheartPotion"}],"is_trial":false,"path_per_floor":["M","?","M","M","?","R","M","R","T","E","M","M","M","E","R","B",null,"M","M","M","M"],"character_chosen":"THE_SILENT","items_purchased":[],"campfire_rested":1,"item_purchase_floors":[],"current_hp_per_floor":[63,63,63,63,63,63,59,59,59,44,38,28,25,18,39,39,62,53,30,5,0,0],"gold":477,"neow_bonus":"THREE_ENEMY_KILL","is_daily":false,"chose_seed":false,"campfire_upgraded":2,"win_rate":0.0,"timestamp":1612764804,"path_taken":["M","?","M","M","?","R","M","R","T","E","M","M","M","E","R","BOSS","M","M","M","M"],"items_purchased_type":[],"build_version":"2020-12-22","purchased_purges":0,"victory":false,"max_hp_per_floor":[70,70,70,70,70,70,70,70,70,70,70,70,70,70,70,70,70,70,70,70,70,70],"card_choices":[{"not_picked":["Endless Agony","Deflect"],"picked":"Backstab","floor":1.0},{"not_picked":["Predator","Prepared","Endless Agony"],"picked":"SKIP","floor":3},{"not_picked":["Acrobatics","Sucker Punch"],"picked":"Tactician","floor":4},{"not_picked":["Heel Hook","Tactician","Prepared"],"picked":"SKIP","floor":7},{"not_picked":["Dagger Throw","Flying Knee","Poisoned Stab"],"picked":"SKIP","floor":10},{"not_picked":["Dodge and Roll","Deflect","Outmaneuver"],"picked":"SKIP","floor":11},{"not_picked":["All Out Attack","Eviscerate","PiercingWail"],"picked":"SKIP","floor":12},{"not_picked":["Underhanded Strike","hubris:SlightOfHand"],"picked":"Dodge and Roll","floor":13},{"not_picked":["Poisoned Stab","Unload"],"picked":"Distraction","floor":14},{"not_picked":["Burst","Atom Bomb"],"picked":"After Image","floor":16},{"not_picked":["Flechettes+1","Endless Agony","Leg Sweep"],"picked":"SKIP","floor":18},{"not_picked":["Leg Sweep+1","ReplayTheSpireMod:Speed Training","Outmaneuver"],"picked":"SKIP","floor":19},{"not_picked":["Dagger Spray","Bane","Cloak And Dagger"],"picked":"SKIP","floor":20}],"player_experience":535908,"relics_obtained":[{"floor":9,"key":"Centennial Puzzle"},{"floor":10,"key":"ReplayTheSpireMod:TigerMarble"},{"floor":14,"key":"Tough Bandages"}],"event_choices":[{"damage_healed":0,"gold_gain":0,"cards_transformed":["Strike_G"],"player_choice":"Change","damage_taken":0,"max_hp_gain":0,"max_hp_loss":0,"event_name":"Living Wall","floor":5,"gold_loss":0,"cards_obtained":["Outmaneuver"]}],"is_beta":false,"boss_relics":[{"not_picked":["aspiration:DefectSkillbook","SlaversCollar"],"picked":"hubris:CrackedHourglass"}],"items_purged_floors":[],"is_endless":false,"potions_floor_spawned":[1,3,7,12,14],"killed_by":"Snecko","ascension_level":8}}