{"host":"1sn8m3l2btf1jbx1","time":1612764409,"event":{"mods":["AchievementEnabler","BaseMod","Colored Map","Colored Powertips","Highlight Path","Minty Spire (QoL Compilation)","Quick Restart","Rare Cards Sparkle","StSLib"],"gold_per_floor":[119,7,22,97,16,51,51,71,96,106,125,145,145,165,165,265,265,278,377,277,192,192,192,192],"floor_reached":23,"language":"ZHS","playtime":1069,"items_purged":["Strike_R","Strike_R"],"score":327,"play_id":"e7d50bdf-22dd-4c7a-bf30-1b9fe95d8c1a","local_time":"20210208140649","is_ascension_mode":true,"campfire_choices":[{"data":"Armaments","floor":13.0,"key":"SMITH"},{"data":"Dark Embrace","floor":15.0,"key":"SMITH"}],"circlet_count":0,"master_deck":["Strike_R","Strike_R","Strike_R","Defend_R","Defend_R","Defend_R","Defend_R","Bash","Carnage","Armaments+1","Dark Embrace+1","Sever Soul","Bloodletting","Entrench","Shrug It Off","Fiend Fire","Rupture","Brutality","Ghostly","Ghostly","Ghostly","Ghostly","Ghostly"],"relics":["Burning Blood","NeowsBlessing","Oddly Smooth Stone","Centennial Puzzle","Black Star","Mercury Hourglass"],"acts_visited":["Exordium","TheCity"],"potions_floor_usage":[23,23],"damage_taken":[{"damage":0.0,"enemies":"Jaw Worm","floor":1.0,"turns":1.0},{"damage":0.0,"enemies":"Cultist","floor":3.0,"turns":1.0},{"damage":0.0,"enemies":"3 Sentries","floor":6.0,"turns":2.0},{"damage":8.0,"enemies":"Small Slimes","floor":8.0,"turns":4.0},{"damage":3.0,"enemies":"2 Fungi Beasts","floor":10.0,"turns":2.0},{"damage":8.0,"enemies":"Looter","floor":11.0,"turns":2.0},{"damage":3.0,"enemies":"Red Slaver","floor":12.0,"turns":3.0},{"damage":3.0,"enemies":"Large Slime","floor":14.0,"turns":5.0},{"damage":52.0,"enemies":"The Guardian","floor":16.0,"turns":10.0},{"damage":11.0,"enemies":"2 Thieves","floor":18.0,"turns":3.0},{"damage":45,"enemies":"Gremlin Leader","floor":23,"turns":6}],"seed_played":"7627679217342448059","potions_obtained":[{"floor":3.0,"key":"ColorlessPotion"},{"floor":6.0,"key":"Weak Potion"},{"floor":12.0,"key":"PowerPotion"},{"floor":14.0,"key":"Fruit Juice"}],"is_trial":false,"path_per_floor":["M","$","M","?","$","E","?","M","T","M","M","M","R","M","R","B",null,"M","?","$","?","?","E"],"character_chosen":"IRONCLAD","items_purchased":["Carnage","Dark Embrace"],"campfire_rested":0,"item_purchase_floors":[2,5],"current_hp_per_floor":[78,78,80,69,69,75,75,73,73,76,74,77,77,85,85,39,74,69,69,69,69,42,0,0],"gold":192,"neow_bonus":"THREE_ENEMY_KILL","is_daily":false,"chose_seed":false,"campfire_upgraded":2,"win_rate":0.0,"timestamp":1612764409,"path_taken":["M","$","M","?","$","E","?","?","T","M","M","?","R","M","R","BOSS","M","?","$","?","?","E"],"items_purchased_type":["Card","Card"],"build_version":"2020-12-22","purchased_purges":2,"victory":false,"max_hp_per_floor":[80,80,80,80,80,80,80,80,80,80,80,80,80,85,85,85,85,85,85,85,85,42,42,42],"card_choices":[{"not_picked":["Flex","Iron Wave","Anger"],"picked":"SKIP","floor":1.0},{"not_picked":["Anger","Whirlwind"],"picked":"Armaments","floor":3.0},{"not_picked":["Rampage","Clothesline"],"picked":"Sever Soul","floor":6.0},{"not_picked":["Battle Trance","Twin Strike","Evolve"],"picked":"SKIP","floor":8.0},{"not_picked":["Blood for Blood","Combust"],"picked":"Entrench","floor":10.0},{"not_picked":["Heavy Blade","Searing Blow"],"picked":"Shrug It Off","floor":11.0},{"not_picked":["Shrug It Off","Flame Barrier"],"picked":"Fiend Fire","floor":12.0},{"not_picked":["Armaments","Clash"],"picked":"Rupture","floor":14.0},{"not_picked":["Immolate","Impervious"],"picked":"Brutality","floor":16.0},{"not_picked":["Thunderclap","Flame Barrier+1","Anger"],"picked":"SKIP","floor":18.0}],"player_experience":299397,"relics_obtained":[{"floor":6.0,"key":"Oddly Smooth Stone"},{"floor":9.0,"key":"Centennial Puzzle"}],"event_choices":[{"damage_healed":0.0,"max_hp_gain":0.0,"max_hp_loss":0.0,"gold_gain":75.0,"event_name":"World of Goop","player_choice":"Gather Gold","floor":4.0,"gold_loss":0.0,"damage_taken":11.0},{"damage_healed":0.0,"max_hp_gain":0.0,"max_hp_loss":0.0,"gold_gain":0.0,"event_name":"Match and Keep!","player_choice":"1 cards matched","floor":7.0,"gold_loss":0.0,"damage_taken":0.0,"cards_obtained":["Bloodletting"]},{"damage_healed":0.0,"max_hp_gain":0.0,"max_hp_loss":0.0,"gold_gain":99.0,"event_name":"Nest","player_choice":"Stole From Cult","floor":19.0,"gold_loss":0.0,"damage_taken":0.0},{"damage_healed":0.0,"max_hp_gain":0.0,"max_hp_loss":0.0,"gold_gain":0.0,"event_name":"Addict","player_choice":"Obtained Relic","floor":21.0,"gold_loss":85.0,"damage_taken":0.0,"relics_obtained":["Mercury Hourglass"]},{"damage_healed":0.0,"max_hp_gain":0.0,"max_hp_loss":43.0,"gold_gain":0.0,"event_name":"Ghosts","player_choice":"Became a Ghost","floor":22.0,"gold_loss":0.0,"damage_taken":0.0,"cards_obtained":["Ghostly","Ghostly","Ghostly","Ghostly","Ghostly"]}],"is_beta":false,"boss_relics":[{"not_picked":["Tiny House","Philosopher\u0027s Stone"],"picked":"Black Star"}],"items_purged_floors":[2,20],"is_endless":false,"potions_floor_spawned":[3,6,12,14],"killed_by":"Gremlin Leader","ascension_level":8}}