{"host":"bf5upntvbdompq33","time":1612748571,"event":{"mods":["BaseMod","Colored Map","Colored Powertips","Curses Come First","Minty Spire (QoL Compilation)","StSLib","The Dragon Tamer","The Hierophant","The Marked","The Mystic","The Servant 0.9.4"],"gold_per_floor":[109,129,79,99,32,62,62,62,108,120,132,167,182,200,200,200,200],"floor_reached":16,"language":"ENG","playtime":785,"items_purged":[],"score":165,"play_id":"23e73d4e-bbc4-46e7-9452-3dcab164b66c","local_time":"20210207184251","is_ascension_mode":true,"campfire_choices":[{"data":"Noxious Fumes","floor":7,"key":"SMITH"},{"floor":15,"key":"REST"}],"circlet_count":0,"master_deck":["Strike_G","Strike_G","Strike_G","Strike_G","Strike_G","Defend_G","Defend_G","Defend_G","Defend_G","Defend_G","Survivor","Neutralize","Slice","Poisoned Stab","Heel Hook","Tactician","Noxious Fumes+1","Doppelganger","Underhanded Strike","Deadly Poison","Skewer","Footwork","Sucker Punch","Deadly Poison"],"relics":["Ring of the Snake","NeowsBlessing","Ancient Tea Set","Vajra","Akabeko","Strawberry"],"acts_visited":["Exordium"],"potions_floor_usage":[11,13,13,16,16],"damage_taken":[{"damage":0,"enemies":"Cultist","floor":1,"turns":1},{"damage":0,"enemies":"2 Louse","floor":2,"turns":1},{"damage":0,"enemies":"Small Slimes","floor":4,"turns":1},{"damage":25,"enemies":"Gremlin Nob","floor":6,"turns":5},{"damage":1,"enemies":"Blue Slaver","floor":10,"turns":2},{"damage":0,"enemies":"Lots of Slimes","floor":11,"turns":1},{"damage":35,"enemies":"3 Sentries","floor":12,"turns":9},{"damage":6,"enemies":"Exordium Thugs","floor":13,"turns":4},{"damage":0,"enemies":"2 Fungi Beasts","floor":14,"turns":3},{"damage":27,"enemies":"The Guardian","floor":16,"turns":9}],"seed_played":"7237308964348219631","potions_obtained":[{"floor":4,"key":"Explosive Potion"},{"floor":6,"key":"BlessingOfTheForge"},{"floor":10,"key":"Weak Potion"},{"floor":12,"key":"DuplicationPotion"},{"floor":13,"key":"Block Potion"}],"is_trial":false,"path_per_floor":["M","M","?","M","$","E","R","?","T","M","M","E","M","M","R","B"],"character_chosen":"THE_SILENT","items_purchased":["Tactician"],"campfire_rested":1,"item_purchase_floors":[5],"current_hp_per_floor":[63,63,63,63,63,38,38,38,38,37,37,9,3,3,26,0,0],"gold":200,"neow_bonus":"THREE_ENEMY_KILL","is_daily":false,"chose_seed":false,"campfire_upgraded":1,"win_rate":0.0,"timestamp":1612748571,"path_taken":["M","M","?","?","$","E","R","?","T","M","M","E","?","M","R","BOSS"],"items_purchased_type":["Card"],"build_version":"2020-12-22","purchased_purges":0,"victory":false,"max_hp_per_floor":[70,70,70,70,70,70,70,70,70,70,70,77,77,77,77,77,77],"card_choices":[{"not_picked":["PiercingWail","Bane"],"picked":"Slice","floor":1},{"not_picked":["Well Laid Plans","Blur"],"picked":"Poisoned Stab","floor":2},{"not_picked":["Cloak And Dagger","Infinite Blades"],"picked":"Heel Hook","floor":4},{"not_picked":["Accuracy","Slice"],"picked":"Noxious Fumes","floor":6},{"not_picked":["Flying Knee","Backflip"],"picked":"Deadly Poison","floor":10},{"not_picked":["Blade Dance","Outmaneuver"],"picked":"Skewer","floor":11},{"not_picked":["Blur","Concentrate"],"picked":"Footwork","floor":12},{"not_picked":["Masterful Stab","Cloak And Dagger"],"picked":"Sucker Punch","floor":13},{"not_picked":["Blade Dance","Cloak And Dagger"],"picked":"Deadly Poison","floor":14}],"player_experience":1518501,"relics_obtained":[{"floor":6,"key":"Vajra"},{"floor":9,"key":"Akabeko"},{"floor":12,"key":"Strawberry"}],"event_choices":[{"damage_healed":0,"gold_gain":0,"player_choice":"Paid Gold","damage_taken":0,"relics_obtained":["Ancient Tea Set"],"max_hp_gain":0,"max_hp_loss":0,"event_name":"WeMeetAgain","floor":3,"gold_loss":50},{"damage_healed":0,"gold_gain":0,"player_choice":"2 cards matched","damage_taken":0,"max_hp_gain":0,"max_hp_loss":0,"event_name":"Match and Keep!","floor":8,"gold_loss":0,"cards_obtained":["Doppelganger","Underhanded Strike"]}],"is_beta":false,"boss_relics":[],"items_purged_floors":[],"is_endless":false,"potions_floor_spawned":[4,6,10,12,13],"killed_by":"The Guardian","ascension_level":9}}