{"host":"tozr0z1rruzlekts","time":1612770423,"event":{"mods":["BaseMod","Friendly Minions","Minty Spire (QoL Compilation)","Prisma Mod","StSLib","The Dragon Tamer"],"gold_per_floor":[111,129,154,172,172,172,172,172,172,172,187,212,32,42,42,147,147,164,180,180,180,191,204,230,241,321,331,363,363,381,400,400,400,400,400],"floor_reached":33,"language":"KOR","playtime":2163,"items_purged":[],"score":416,"play_id":"e1f270fc-b4ba-4e58-9532-1807094ef1d9","local_time":"20210208164703","is_ascension_mode":false,"metric_token":415,"campfire_choices":[{"data":"DTMod:CleansingStrike","floor":6,"key":"SMITH"},{"floor":10,"key":"RECALL"},{"data":"DTMod:Observe","floor":15,"key":"SMITH"},{"data":"DTMod:SealedStrike","floor":29,"key":"SMITH"},{"data":"DTMod:SealedStrike+1","floor":32,"key":"SMITH"}],"dtmod_dragon_data":[0,50,1,-1,8,0],"circlet_count":0,"master_deck":["DTMod:Strike","DTMod:Strike","DTMod:Strike","DTMod:Strike","DTMod:DoubleHit","DTMod:TargetDefense","DTMod:TargetDefense","DTMod:TargetDefense","DTMod:TargetDefense","DTMod:SwitchingTactic+1","DTMod:MasterPlan","DTMod:PurifyingFlame+1","DTMod:CleansingStrike+1","DTMod:Observe+1","DTMod:WarmUp","DTMod:Feint","DTMod:QuickFly","DTMod:SealedStrike+2","DTMod:BlazingStrike","DTMod:DeepFocus","DTMod:Adaptation","DTMod:Punisher","DTMod:Weaken+1","DTMod:HeadStart","DTMod:Threaten+1","DTMod:BizarreTactic+1","DTMod:QuickFly","DTMod:TagTeam"],"relics":["DTMod:MagicStone","NeowsBlessing","Happy Flower","Bronze Scales","Gremlin Horn","Darkstone Periapt","Strawberry","DTMod:TacticalNote","Matryoshka","Pen Nib","White Beast Statue","Pear"],"acts_visited":["Exordium","TheCity"],"potions_floor_usage":[23,23,25,25,27,28,28,28,33,33,33],"damage_taken":[{"damage":0,"enemies":"Cultist","floor":1,"turns":1},{"damage":0,"enemies":"Small Slimes","floor":2,"turns":1},{"damage":0,"enemies":"2 Louse","floor":4,"turns":1},{"damage":0,"enemies":"Blue Slaver","floor":11,"turns":2},{"damage":0,"enemies":"3 Sentries","floor":12,"turns":9},{"damage":0,"enemies":"Exordium Wildlife","floor":14,"turns":4},{"damage":0,"enemies":"Slime Boss","floor":16,"turns":9},{"damage":8,"enemies":"Shell Parasite","floor":18,"turns":4},{"damage":0,"enemies":"3 Byrds","floor":19,"turns":5},{"damage":21,"enemies":"Sentry and Sphere","floor":22,"turns":5},{"damage":3,"enemies":"Snake Plant","floor":23,"turns":5},{"damage":16,"enemies":"Book of Stabbing","floor":24,"turns":7},{"damage":9,"enemies":"3 Cultists","floor":25,"turns":4},{"damage":7,"enemies":"Snecko","floor":27,"turns":5},{"damage":0,"enemies":"Slavers","floor":28,"turns":5},{"damage":8,"enemies":"Centurion and Healer","floor":30,"turns":5},{"damage":0,"enemies":"Cultist and Chosen","floor":31,"turns":5},{"damage":79,"enemies":"Champ","floor":33,"turns":16}],"seed_played":"-4031104344854455777","potions_obtained":[{"floor":4,"key":"Swift Potion"},{"floor":11,"key":"EssenceOfSteel"},{"floor":12,"key":"Ancient Potion"},{"floor":19,"key":"AttackPotion"},{"floor":23,"key":"SkillPotion"},{"floor":24,"key":"Energy Potion"},{"floor":27,"key":"EntropicBrew"},{"floor":28,"key":"Swift Potion"},{"floor":30,"key":"Swift Potion"}],"is_trial":false,"path_per_floor":["M","M","T","M","$","R","?","?","T","R","M","E","$","M","R","B",null,"M","M","?","?","M","M","E","M","T","M","E","R","M","M","R","B"],"character_chosen":"THE_DT","items_purchased":["Strawberry","DTMod:Feint"],"campfire_rested":0,"item_purchase_floors":[13,13],"current_hp_per_floor":[45,45,45,45,45,45,36,24,24,24,24,24,31,31,31,31,52,44,51,51,51,31,35,26,24,24,24,41,41,40,47,47,0,0,0],"gold":400,"neow_bonus":"THREE_ENEMY_KILL","is_daily":false,"chose_seed":false,"campfire_upgraded":4,"win_rate":0.0,"timestamp":1612770423,"path_taken":["M","?","?","M","$","R","?","?","T","R","M","E","?","?","R","BOSS","M","M","?","?","M","M","E","M","T","M","E","R","?","M","R","BOSS"],"items_purchased_type":["Relic","Card"],"build_version":"2020-12-22","purchased_purges":0,"victory":false,"max_hp_per_floor":[45,45,45,45,45,45,45,45,45,45,45,45,52,52,52,52,52,52,52,52,52,52,52,52,52,52,52,62,62,62,62,62,62,62,62],"card_choices":[{"not_picked":["DTMod:Cover","DTMod:StarRain"],"picked":"DTMod:MasterPlan","floor":1},{"not_picked":["DTMod:BizarreTactic","DTMod:InvisibleFlame"],"picked":"DTMod:PurifyingFlame","floor":2},{"not_picked":["DTMod:Cover","DTMod:MagicField"],"picked":"DTMod:CleansingStrike","floor":4},{"not_picked":["DTMod:BurningEnergy","DTMod:Feint"],"picked":"DTMod:Observe","floor":11},{"not_picked":["DTMod:HeatWave","DTMod:Cover"],"picked":"DTMod:WarmUp","floor":12},{"not_picked":["DTMod:BurningForce","DTMod:WarmUp"],"picked":"DTMod:QuickFly","floor":14},{"not_picked":["DTMod:OpeningTactic","DTMod:Prediction"],"picked":"DTMod:SealedStrike","floor":16},{"not_picked":["DTMod:HeatWave","DTMod:CleansingStrike"],"picked":"DTMod:BlazingStrike","floor":18},{"not_picked":["DTMod:Hide","DTMod:Threaten"],"picked":"DTMod:DeepFocus","floor":19},{"not_picked":["DTMod:Threaten","DTMod:Training"],"picked":"DTMod:Adaptation","floor":22},{"not_picked":["DTMod:Threaten","DTMod:Feint"],"picked":"DTMod:Punisher","floor":23},{"not_picked":["DTMod:ComboAttack","DTMod:GhostSkin"],"picked":"DTMod:Weaken+1","floor":24},{"not_picked":["DTMod:BurningEnergy","DTMod:Weaken+1"],"picked":"DTMod:HeadStart","floor":25},{"not_picked":["DTMod:Feint","DTMod:BlazingStrike"],"picked":"DTMod:Threaten+1","floor":27},{"not_picked":["DTMod:Weaken","DTMod:Shift"],"picked":"DTMod:BizarreTactic+1","floor":28},{"not_picked":["DTMod:Punisher+1","DTMod:Threaten"],"picked":"DTMod:QuickFly","floor":30},{"not_picked":["DTMod:CleansingStrike","DTMod:Observe"],"picked":"DTMod:TagTeam","floor":31}],"player_experience":110494,"relics_obtained":[{"floor":3,"key":"Happy Flower"},{"floor":9,"key":"Gremlin Horn"},{"floor":12,"key":"Darkstone Periapt"},{"floor":21,"key":"DTMod:TacticalNote"},{"floor":24,"key":"Matryoshka"},{"floor":26,"key":"Pen Nib"},{"floor":26,"key":"White Beast Statue"},{"floor":28,"key":"Pear"}],"event_choices":[{"damage_healed":0,"gold_gain":0,"player_choice":"Entered Light","damage_taken":9,"max_hp_gain":0,"max_hp_loss":0,"event_name":"Shining Light","floor":7,"gold_loss":0,"cards_upgraded":["DTMod:SwitchingTactic","DTMod:PurifyingFlame"]},{"damage_healed":0,"gold_gain":0,"player_choice":"Success","damage_taken":12,"relics_obtained":["Bronze Scales"],"max_hp_gain":0,"max_hp_loss":0,"event_name":"Scrap Ooze","floor":8,"gold_loss":0},{"damage_healed":0,"gold_gain":0,"player_choice":"Ignored","damage_taken":0,"max_hp_gain":0,"max_hp_loss":0,"event_name":"Ghosts","floor":20,"gold_loss":0},{"damage_healed":0,"gold_gain":0,"player_choice":"Relic","damage_taken":0,"max_hp_gain":0,"max_hp_loss":0,"event_name":"Wheel of Change","floor":21,"gold_loss":0}],"is_beta":false,"boss_relics":[{"not_picked":["Fusion Hammer","Philosopher\u0027s Stone"],"picked":"DTMod:MagicStone"}],"items_purged_floors":[],"is_endless":false,"potions_floor_spawned":[4,11,12,19,22,23,24,27,28,30,31],"killed_by":"Champ","ascension_level":0}}