{"host":"11728qvdvolffudn","time":1612781738,"event":{"mods":["BaseMod","Block Reminder","Colored Powertips","Curses Come First","Custom Start","Displayed Cursed Tome","Highlight Path","Minty Spire (QoL Compilation)","Permanent Neow","Quick Restart","Rare Cards Sparkle","Relic Stats","StSLib","Weighted Paths"],"gold_per_floor":[114,189,205,205,228,228,243,243,243,260,260,260],"floor_reached":11,"language":"ENG","playtime":448,"items_purged":[],"score":72,"play_id":"1b4a2207-6f3d-401c-9410-c6b7ee01f070","local_time":"20210208105538","is_ascension_mode":true,"campfire_choices":[{"data":"Flex","floor":6,"key":"SMITH"},{"data":"Flex","floor":8,"key":"SMITH"}],"circlet_count":0,"master_deck":["Strike_R","Strike_R","Strike_R","Strike_R","Strike_R","Defend_R","Defend_R","Defend_R","Defend_R","Bash","Flex+1","Flex+1","Limit Break"],"relics":["Burning Blood","Vajra","Boot","Blood Vial"],"acts_visited":["Exordium"],"potions_floor_usage":[11],"damage_taken":[{"damage":1,"enemies":"Cultist","floor":1,"turns":3},{"damage":9,"enemies":"Jaw Worm","floor":3,"turns":3},{"damage":7,"enemies":"Small Slimes","floor":7,"turns":2},{"damage":8,"enemies":"Exordium Thugs","floor":10,"turns":4},{"damage":74,"enemies":"Gremlin Nob","floor":11,"turns":5}],"seed_played":"-9044861350658846740","potions_obtained":[{"floor":1,"key":"Dexterity Potion"},{"floor":7,"key":"BlessingOfTheForge"}],"is_trial":false,"path_per_floor":["M","?","M","T","T","R","M","R","T","M","E"],"character_chosen":"IRONCLAD","items_purchased":[],"campfire_rested":0,"item_purchase_floors":[],"current_hp_per_floor":[80,69,66,66,66,66,65,65,65,65,0,0],"gold":260,"neow_bonus":"THREE_CARDS","is_daily":false,"chose_seed":false,"campfire_upgraded":2,"win_rate":0.0,"timestamp":1612781738,"path_taken":["M","?","M","?","?","R","M","R","T","?","E"],"items_purchased_type":[],"build_version":"2020-12-22","purchased_purges":0,"victory":false,"max_hp_per_floor":[80,80,80,80,80,80,80,80,80,80,80,80],"relic_stats":{"Blood Vial":4,"counters":[5,17],"Boot":[0],"obtain_stats":[{"Blood Vial":9,"Vajra":4,"Boot":5,"Burning Blood":0},{"Blood Vial":3,"Vajra":2,"Boot":2,"Burning Blood":0},{"Blood Vial":8,"Vajra":6,"Boot":6,"Burning Blood":0}],"Burning Blood":19},"card_choices":[{"not_picked":["Sword Boomerang","Metallicize"],"picked":"Flex","floor":0},{"not_picked":["Second Wind","Rage","Intimidate"],"picked":"SKIP","floor":1},{"not_picked":["Anger","Wild Strike"],"picked":"Flex","floor":3},{"not_picked":["Sword Boomerang","Iron Wave","Body Slam"],"picked":"SKIP","floor":7},{"not_picked":["Intimidate","Havoc"],"picked":"Limit Break","floor":10}],"player_experience":184829,"relics_obtained":[{"floor":4,"key":"Vajra"},{"floor":5,"key":"Boot"},{"floor":9,"key":"Blood Vial"}],"event_choices":[{"damage_healed":0,"gold_gain":75,"player_choice":"Gather Gold","damage_taken":11,"max_hp_gain":0,"max_hp_loss":0,"event_name":"World of Goop","floor":2,"gold_loss":0}],"is_beta":false,"boss_relics":[],"items_purged_floors":[],"is_endless":false,"potions_floor_spawned":[1,7],"killed_by":"Gremlin Nob","ascension_level":3}}