{"host":"7ttbe3gzet1mthv0","time":1612788655,"event":{"mods":["AchievementEnabler","BaseMod","Bestiary","Better Match","Better Note","Better Sensory Stone","Better Third Choice","BetterRewards","CapriCore","Colored Map","Colored Powertips","Custom Start","Downfall","Fox Events","Hermit","Highlight Path","Infinite Spire","Jorbs\u0027s Wanderer Trilogy","Luminous","Marisa????????","Minty Spire (QoL Compilation)","Rare Cards Sparkle","Relic Stats","Spicy Shops","StSLib","The Alterego","The Bug Knight","The Cursed","The Hierophant","The Marked","Wandering Minibosses"],"gold_per_floor":[115,115,130,141,153,153,182,202,202,219,235,260,260,278,278,383,383,402,413,430,430,444,444,444,444],"floor_reached":24,"language":"SPA","playtime":1746,"items_purged":[],"score":288,"play_id":"93fae503-8208-40d1-b8a2-e0b4af5bacfa","local_time":"20210208135055","is_ascension_mode":true,"campfire_choices":[{"data":"Footwork","floor":6,"key":"SMITH"},{"floor":13,"key":"REST"},{"data":"Catalyst","floor":15,"key":"SMITH"},{"floor":23,"key":"REST"}],"circlet_count":0,"master_deck":["Strike_G","Strike_G","Strike_G","Strike_G","Strike_G","Defend_G","Defend_G","Defend_G","Defend_G","Defend_G","Survivor","Neutralize","Backflip","Acrobatics","Underhanded Strike","Tactician","Acrobatics","Footwork+1","Leg Sweep","Poisoned Stab","Catalyst+1","Endless Agony","Eviscerate","Deadly Poison","Tactician","Backstab","Choke","Tools of the Trade","Noxious Fumes","Predator+1","Caltrops","Poisoned Stab+1","Crippling Poison","Backflip","Masterful Stab+1"],"relics":["Philosopher\u0027s Stone","Prayer Wheel","Thread and Needle","Happy Flower","infinitespire:Cupcake"],"acts_visited":["Exordium","TheCity"],"potions_floor_usage":[12,19],"damage_taken":[{"damage":0,"enemies":"Cultist","floor":1,"turns":3},{"damage":0,"enemies":"2 Louse","floor":3,"turns":4},{"damage":0,"enemies":"Small Slimes","floor":4,"turns":4},{"damage":3,"enemies":"3 Louse","floor":5,"turns":3},{"damage":45,"enemies":"Gremlin Nob","floor":7,"turns":6},{"damage":0,"enemies":"Exordium Wildlife","floor":8,"turns":5},{"damage":0,"enemies":"Looter","floor":10,"turns":4},{"damage":0,"enemies":"2 Fungi Beasts","floor":11,"turns":4},{"damage":0,"enemies":"Lagavulin","floor":12,"turns":8},{"damage":0,"enemies":"Blue Slaver","floor":14,"turns":3},{"damage":3,"enemies":"The Guardian","floor":16,"turns":9},{"damage":12,"enemies":"2 Thieves","floor":18,"turns":3},{"damage":5,"enemies":"Chosen","floor":19,"turns":2},{"damage":27,"enemies":"Centurion and Healer","floor":20,"turns":6},{"damage":11,"enemies":"3 Cultists","floor":22,"turns":7},{"damage":48,"enemies":"Slavers","floor":24,"turns":3}],"seed_played":"8255752861522554751","potions_obtained":[{"floor":1,"key":"Ancient Potion"},{"floor":7,"key":"Strength Potion"},{"floor":10,"key":"Energy Potion"},{"floor":14,"key":"Regen Potion"}],"is_trial":false,"path_per_floor":["M","T","M","M","M","R","E","M","T","M","M","E","R","M","R","B",null,"M","M","M","?","M","R","E"],"character_chosen":"THE_SILENT","items_purchased":[],"campfire_rested":2,"item_purchase_floors":[],"current_hp_per_floor":[70,70,70,70,67,67,22,22,22,22,22,22,43,43,43,40,70,58,58,31,31,20,41,0,0],"gold":444,"neow_bonus":"BOSS_RELIC","is_daily":false,"chose_seed":false,"campfire_upgraded":2,"win_rate":0.0,"timestamp":1612788655,"path_taken":["M","?","M","M","M","R","E","M","T","M","?","E","R","M","R","BOSS","M","M","M","?","M","R","E"],"items_purchased_type":[],"build_version":"2020-12-22","purchased_purges":0,"victory":false,"max_hp_per_floor":[70,70,70,70,70,70,70,70,70,70,70,70,70,70,70,70,70,70,70,70,70,70,70,70,70],"relic_stats":{"Happy Flower":[11],"counters":[16,74],"Prayer Wheel":11,"obtain_stats":[{"Happy Flower":12,"Philosopher\u0027s Stone":0,"Prayer Wheel":2,"Thread and Needle":7,"Ring of the Snake":0,"infinitespire:Cupcake":17},{"Happy Flower":9,"Philosopher\u0027s Stone":0,"Prayer Wheel":1,"Thread and Needle":5,"Ring of the Snake":0,"infinitespire:Cupcake":11},{"Happy Flower":41,"Philosopher\u0027s Stone":0,"Prayer Wheel":3,"Thread and Needle":20,"Ring of the Snake":0,"infinitespire:Cupcake":53}]},"card_choices":[{"not_picked":["Prepared","Dagger Spray"],"picked":"Backflip","floor":1},{"not_picked":["Bane","Tactician"],"picked":"Acrobatics","floor":3},{"not_picked":["Dodge and Roll","Prepared"],"picked":"Underhanded Strike","floor":3},{"not_picked":["Riddle With Holes","Terror"],"picked":"Tactician","floor":4},{"not_picked":["Quick Slash","Cloak And Dagger"],"picked":"Acrobatics","floor":4},{"not_picked":["Crippling Poison","Bane"],"picked":"Footwork","floor":5},{"not_picked":["Dagger Spray","Prepared","Quick Slash"],"picked":"SKIP","floor":5},{"not_picked":["Acrobatics","Slice"],"picked":"Leg Sweep","floor":7},{"not_picked":["Acrobatics","Deadly Poison"],"picked":"Poisoned Stab","floor":8},{"not_picked":["Eviscerate","Envenom"],"picked":"Catalyst","floor":8},{"not_picked":["Underhanded Strike","Slice"],"picked":"Endless Agony","floor":10},{"not_picked":["Acrobatics","PiercingWail"],"picked":"Eviscerate","floor":10},{"not_picked":["Dodge and Roll","Outmaneuver"],"picked":"Deadly Poison","floor":11},{"not_picked":["Blade Dance","Leg Sweep"],"picked":"Tactician","floor":11},{"not_picked":["Leg Sweep","Quick Slash"],"picked":"Backstab","floor":12},{"not_picked":["Dodge and Roll","Endless Agony"],"picked":"Choke","floor":14},{"not_picked":["Underhanded Strike","Blade Dance","Eviscerate"],"picked":"SKIP","floor":14},{"not_picked":["A Thousand Cuts","Storm of Steel"],"picked":"Tools of the Trade","floor":16},{"not_picked":["Blade Dance","Quick Slash+1"],"picked":"Noxious Fumes","floor":18},{"not_picked":["Tactician","Dagger Spray"],"picked":"Predator+1","floor":18},{"not_picked":["Slice+1","Distraction"],"picked":"Caltrops","floor":19},{"not_picked":["Slice","Dagger Spray+1"],"picked":"Poisoned Stab+1","floor":19},{"not_picked":["Quick Slash","Dagger Spray"],"picked":"Crippling Poison","floor":20},{"not_picked":["Deadly Poison+1","Dodge and Roll","Deflect"],"picked":"SKIP","floor":20},{"not_picked":["Prepared","Eviscerate"],"picked":"Backflip","floor":22},{"not_picked":["Dagger Spray","Heel Hook"],"picked":"Masterful Stab+1","floor":22}],"player_experience":57186,"relics_obtained":[{"floor":2,"key":"Prayer Wheel"},{"floor":7,"key":"Thread and Needle"},{"floor":12,"key":"Happy Flower"}],"event_choices":[],"is_beta":false,"boss_relics":[{"not_picked":["Velvet Choker","Snecko Eye"],"picked":"infinitespire:Cupcake"}],"items_purged_floors":[],"is_endless":false,"potions_floor_spawned":[1,7,10,14,16,18],"killed_by":"Slavers","ascension_level":2}}