{"host":"u21q392b5xaj11fl","time":1612746175,"event":{"mods":["2.2 Compatiblity","Bard","BaseMod","Better Note","Colored Map","Colored Powertips","Conspire","Custom Start","Downfall","Faster Ascension Climbing","GifTheSpireLib","Gremlin Skip","Highlight Path","Hubris","Infinite Spire","Mad Scientist","Marisa????????","Mimic Mod","Minty Spire (QoL Compilation)","Monster B Gone","Permanent Neow","Potionbrewer","Quick Restart","READ ME - Guardian Mod","Relic Sorter","Replay The Spire","Shop Mod","Somnambulant","StSLib","Stuff the Spire","SuperFastMode","The Construct","The Disciple","The Servant 0.9.4"],"gold_per_floor":[117,222,74,74,74,74,98,118,118,143,143,186,16,47,47,145,145,161,14,14,32,122,122,122],"floor_reached":23,"language":"ENG","playtime":1828,"items_purged":["Strike_P","Strike_P"],"score":335,"play_id":"7eb2f69c-d62f-40ed-a607-03121d8e9be9","local_time":"20210207190255","is_ascension_mode":true,"campfire_choices":[{"data":"Scrawl","floor":6.0,"key":"SMITH"},{"data":"MentalFortress","floor":11,"key":"SMITH"},{"floor":15,"key":"REST"}],"circlet_count":0,"master_deck":["AscendersBane","Strike_P","Strike_P","Defend_P","Defend_P","Defend_P","Defend_P","Eruption","Vigilance","Scrawl+1","CutThroughFate","Replay:BluntJabs","EmptyMind","Halt","ReachHeaven","ReplayTheSpireMod:Book of Names","Replay:ManipulateFuture","WaveOfTheHand","MentalFortress+1","Replay:BluntJabs","Conclude","Blasphemy","CurseOfTheBell","EmptyFist","Meditate","Nirvana","Replay:BluntJabs"],"relics":["PureWater","Golden Idol","infinitespire:BottledMercury","StuffTheSpire:HeavyRock","PreservedInsect","Counterbalance","MerchantsRug","FaceOfCleric"],"acts_visited":["Exordium","TheCity"],"potions_floor_usage":[12,23],"damage_taken":[{"damage":0.0,"enemies":"Jaw Worm","floor":1.0,"turns":3.0},{"damage":0,"enemies":"2 Louse","floor":7,"turns":4},{"damage":0,"enemies":"Cultist","floor":8,"turns":2},{"damage":6,"enemies":"2 Fungi Beasts","floor":10,"turns":3},{"damage":7,"enemies":"Lagavulin","floor":12,"turns":5},{"damage":16,"enemies":"Gremlin Nob","floor":14,"turns":3},{"damage":10,"enemies":"Fading Forest","floor":16,"turns":11},{"damage":16,"enemies":"Spheric Guardian","floor":18,"turns":4},{"damage":6,"enemies":"3 Byrds","floor":21,"turns":6},{"damage":21,"enemies":"Slavers","floor":23,"turns":3}],"seed_played":"-6353136320713076785","potions_obtained":[{"floor":1.0,"key":"potionbrewer:CleansingPotion"},{"floor":7,"key":"Swift Potion"},{"floor":16,"key":"EssenceOfSteel"}],"is_trial":false,"path_per_floor":["M","?","$","?","?","R","M","M","T","M","R","E","$","E","R","B",null,"M","$","?","M","?","E"],"character_chosen":"WATCHER","items_purchased":["ReachHeaven","Conclude","MerchantsRug","Meditate","Nirvana"],"campfire_rested":1,"item_purchase_floors":[3,13,19,19,19],"current_hp_per_floor":[61,46,46,46,32,32,32,32,32,26,26,19,19,3,20,18,48,32,32,32,27,15,0,0],"gold":122,"neow_bonus":"THREE_RARE_CARDS","is_daily":false,"chose_seed":false,"campfire_upgraded":2,"win_rate":0.0,"timestamp":1612746175,"path_taken":["M","?","$","?","?","R","M","M","T","M","R","E","$","E","R","BOSS","M","$","?","?","?","E"],"items_purchased_type":["Card","Card","Relic","Card","Card"],"build_version":"2020-12-22","purchased_purges":2,"victory":false,"max_hp_per_floor":[62,62,62,58,58,58,58,58,58,58,58,58,58,58,58,58,58,58,58,58,59,59,59,59],"card_choices":[{"not_picked":["DeusExMachina","Brilliance"],"picked":"Scrawl","floor":0.0},{"not_picked":["CrushJoints","Halt"],"picked":"CutThroughFate","floor":1.0},{"not_picked":["ForeignInfluence","ReachHeaven"],"picked":"Replay:BluntJabs","floor":2.0},{"not_picked":["CutThroughFate","Consecrate"],"picked":"EmptyMind","floor":2.0},{"not_picked":["Collect","BattleHymn"],"picked":"Halt","floor":2.0},{"not_picked":["infinitespire:Punishment","ReplayTheSpireMod:Echoes of Time"],"picked":"ReplayTheSpireMod:Book of Names","floor":5.0},{"not_picked":["ReachHeaven","WindmillStrike"],"picked":"Replay:ManipulateFuture","floor":7},{"not_picked":["EmptyFist","PathToVictory"],"picked":"WaveOfTheHand","floor":8},{"not_picked":["Replay:Vibes","CrushJoints"],"picked":"MentalFortress","floor":10},{"not_picked":["Judgement","EmptyBody"],"picked":"Replay:BluntJabs","floor":12},{"not_picked":["SandsOfTime","Worship","Replay:Vibes"],"picked":"SKIP","floor":14},{"not_picked":["ConjureBlade","Devotion"],"picked":"Blasphemy","floor":16},{"not_picked":["Replay:Cycle","Evaluate"],"picked":"EmptyFist","floor":18},{"not_picked":["WaveOfTheHand","BattleHymn"],"picked":"Replay:BluntJabs","floor":21}],"player_experience":228347,"relics_obtained":[{"floor":9,"key":"infinitespire:BottledMercury"},{"floor":12,"key":"hubris:TenFootPole"},{"floor":14,"key":"StuffTheSpire:HeavyRock"},{"floor":17,"key":"PreservedInsect"},{"floor":17,"key":"conspire:Dentures"},{"floor":17,"key":"Counterbalance"}],"event_choices":[{"damage_healed":0.0,"max_hp_gain":0.0,"max_hp_loss":4.0,"gold_gain":0.0,"event_name":"Golden Idol","player_choice":"Lose Max HP","floor":4.0,"gold_loss":0.0,"damage_taken":0.0,"relics_obtained":["Golden Idol"]},{"damage_healed":0,"gold_gain":0,"player_choice":"Trade","damage_taken":0,"relics_obtained":["FaceOfCleric"],"max_hp_gain":0,"max_hp_loss":0,"event_name":"FaceTrader","floor":20,"gold_loss":0},{"damage_healed":0,"gold_gain":90,"player_choice":"GOLD ","damage_taken":12,"max_hp_gain":0,"max_hp_loss":0,"event_name":"Knowing Skull","floor":22,"potions_obtained":[],"gold_loss":0,"cards_obtained":[]}],"is_beta":false,"boss_relics":[{"not_picked":["hubris:VirtuousBlindfold","Velvet Choker"],"picked":"Calling Bell"}],"items_purged_floors":[3,13],"is_endless":false,"potions_floor_spawned":[1,7,16,18],"killed_by":"Slavers","ascension_level":14}}