{"host":"awrw1gk2acwismlg","time":1612781154,"event":{"mods":["ATMod(°¢èªMod)","Aspiration","BaseMod","Bestiary","Challenge The Spire","Conspire","Downfall","Energized Spire","Hermit","Jedi Mod","Marked Mod","Minty Spire (QoL Compilation)","Morshu Shopkeeper","Morshu Shopkeeper - ENHANCED","Quarter Circle Forward PUNCH!","Reliquary","Remilia_Scarlet Moed£¨ÀÙÃ×ÀòÑÇ¡¤Ë¹¿¨À×ÌØ£©3.3.5","Replay The Spire","SIMod","Shop Mod","Small Relic Pack","StSLib","The Bug Knight","The Cursed","Warlord Emblem","Wide Potions","Yakumo Yukari mod","¡¾ÒÅÎï¿¨ÅÆ¡¿REMEMod","óô»ðÖ¸ÄÏ"],"gold_per_floor":[11,26,36,36,53,79,79,96,123,123,134,144,144,163,163,259,259,269,285,285,285,296,296,328,0,0,0,0,18,18,31,31,131,181,194,194,210,356,356,356,0,0,0,0,0,0,0,0,0,0],"floor_reached":51,"language":"ZHS","playtime":2780,"items_purged":["Strike_B+1"],"score":626,"play_id":"71265d33-d671-4f59-9465-35ef776ba51b","local_time":"20210208184554","is_ascension_mode":true,"campfire_choices":[{"floor":7,"key":"REST"},{"floor":10,"key":"REST"},{"floor":13,"key":"REST"},{"floor":23,"key":"REST"},{"data":"Skim","floor":27,"key":"SMITH"},{"data":"Coolheaded","floor":32,"key":"SMITH"},{"data":"Streamline","floor":40,"key":"SMITH"},{"floor":45,"key":"REST"}],"circlet_count":0,"master_deck":["Gash","Streamline+1","Skim+1","Coolheaded+1","Streamline+1","REME_ShortnessOfBreath+1"],"relics":["Cracked Core","REME_ComplimentaryCards","AT_ATBox","aspiration:MysteriousAuxiliaryCore","reliquary:Knoch","War Paint","energizedSpire:OgreHead","AT_GreenNoBalance","Tiny House","jedi:ominousloannote","jedi:firstaidkit","Red Mask","ReplayFunnel","Mango"],"acts_visited":["Exordium","TheCity","TheBeyond"],"potions_floor_usage":[1,6,14,16,22,24,39,47,50,50],"damage_taken":[{"damage":6,"enemies":"Cultist","floor":1,"turns":3},{"damage":6,"enemies":"Jaw Worm","floor":2,"turns":3},{"damage":10,"enemies":"Small Slimes","floor":3,"turns":3},{"damage":14,"enemies":"Blue Slaver","floor":5,"turns":3},{"damage":37,"enemies":"Gremlin Nob","floor":6,"turns":4},{"damage":19,"enemies":"Red Slaver","floor":8,"turns":3},{"damage":13,"enemies":"Exordium Wildlife","floor":11,"turns":3},{"damage":5,"enemies":"Large Slime","floor":12,"turns":3},{"damage":5,"enemies":"2 Fungi Beasts","floor":14,"turns":2},{"damage":27,"enemies":"Slime Boss","floor":16,"turns":5},{"damage":13,"enemies":"conspire:FuzzyDice","floor":18,"turns":4},{"damage":28,"enemies":"3 Byrds","floor":19,"turns":3},{"damage":0,"enemies":"Snake Plant","floor":22,"turns":3},{"damage":4,"enemies":"Replay:Snechameleon","floor":24,"turns":4},{"damage":14,"enemies":"Chosen and Byrds","floor":29,"turns":3},{"damage":10,"enemies":"Cultist and Chosen","floor":31,"turns":3},{"damage":7,"enemies":"Collector","floor":33,"turns":3},{"damage":37,"enemies":"3 Shapes","floor":35,"turns":3},{"damage":39,"enemies":"3 Darklings","floor":37,"turns":3},{"damage":3,"enemies":"Mind Bloom Boss Battle","floor":39,"turns":4},{"damage":21,"enemies":"Reptomancer","floor":42,"turns":3},{"damage":1,"enemies":"Maw","floor":44,"turns":4},{"damage":0,"enemies":"Spire Growth","floor":46,"turns":2},{"damage":0,"enemies":"conspire:MimicChest","floor":47,"turns":1},{"damage":11,"enemies":"Jaw Worm Horde","floor":48,"turns":3},{"damage":48,"enemies":"Replay:Hell Engine","floor":50,"turns":4}],"seed_played":"-5217929933432719205","potions_obtained":[{"floor":1,"key":"REME_GoldPotion"},{"floor":2,"key":"jedi:coolantleak"},{"floor":11,"key":"Fire Potion"},{"floor":14,"key":"AttackPotion"},{"floor":18,"key":"DuplicationPotion"},{"floor":19,"key":"LifebloodPotion"},{"floor":31,"key":"Dexterity Potion"},{"floor":34,"key":"Reflective Coating"},{"floor":42,"key":"Ancient Potion"},{"floor":48,"key":"Milkshake"}],"is_trial":false,"path_per_floor":["M","M","M","?","M","E","R","M","T","R","M","M","R","M","R","B",null,"M","M","?","?","M","R","E","?","T","R","$","M","?","M","R","B",null,"M","?","M","$","?","R","?","E","T","M","R","M","?","M","R","B",null],"character_chosen":"DEFECT","items_purchased":["jedi:ominousloannote","REME_ShortnessOfBreath","SmokeBomb"],"campfire_rested":5,"item_purchase_floors":[38,38,38],"current_hp_per_floor":[69,63,53,53,39,2,24,5,5,27,14,9,31,26,48,21,75,62,34,20,20,20,44,40,40,40,40,40,26,26,30,30,33,85,5,5,3,3,39,39,39,20,34,35,64,64,64,53,82,41],"gold":0,"neow_bonus":"ONE_RARE_RELIC","is_daily":false,"chose_seed":false,"campfire_upgraded":3,"win_rate":0.0,"timestamp":1612781154,"path_taken":["M","?","M","?","M","E","R","M","T","R","M","M","R","M","R","BOSS","M","M","?","?","?","R","E","?","T","R","?","M","?","M","R","BOSS","M","?","M","$","?","R","?","E","T","M","R","M","?","M","R","BOSS"],"items_purchased_type":["Relic","Card","Potion"],"build_version":"2020-12-22","purchased_purges":1,"victory":true,"max_hp_per_floor":[75,75,75,75,75,75,75,75,75,75,75,75,75,75,75,75,75,75,75,80,80,80,80,80,80,80,80,80,80,80,80,80,80,85,85,85,85,85,85,85,85,85,99,99,99,99,99,99,99,99],"card_choices":[{"not_picked":["jedi:markofdeath","Go for the Eyes"],"picked":"Gash","floor":1},{"not_picked":["AT_WarpDrive","BasicCrystalCard","Go for the Eyes"],"picked":"SKIP","floor":2},{"not_picked":["Chaos","Fission","Stack"],"picked":"SKIP","floor":3},{"not_picked":["Skim","Panic Button","AT_ThunderBolt"],"picked":"SKIP","floor":5},{"not_picked":["Blizzard","jedi:hex","Panic Button"],"picked":"SKIP","floor":6},{"not_picked":["Defragment","Rebound"],"picked":"Streamline","floor":8},{"not_picked":["Beam Cell","Leap","Consume"],"picked":"SKIP","floor":11},{"not_picked":["Sweeping Beam","Turbo","REME_Whirling"],"picked":"SKIP","floor":12},{"not_picked":["Scrape","Storm"],"picked":"Skim","floor":14},{"not_picked":["Cold Snap","Leap","Beam Cell"],"picked":"SKIP","floor":18},{"not_picked":["Panic Button+1","ReplayTheSpireMod:Repulse+1"],"picked":"Coolheaded","floor":19},{"not_picked":["Cold Snap","Doom and Gloom","Turbo"],"picked":"SKIP","floor":22},{"not_picked":["Chill","jedi:reiji","AT_EMC2"],"picked":"SKIP","floor":24},{"not_picked":["ReplayTheSpireMod:Calculation Training","Darkness","jedi:BurstLightning"],"picked":"SKIP","floor":29},{"not_picked":["Self Repair+1","Hologram","Double Energy"],"picked":"SKIP","floor":31},{"not_picked":["Hologram","Leap+1"],"picked":"Streamline","floor":35},{"not_picked":["Genetic Algorithm","Redo","Glacier"],"picked":"SKIP","floor":37},{"not_picked":["Rainbow","Beam Cell","AT_HeatAcrobatics+1"],"picked":"SKIP","floor":42},{"not_picked":["jedi:blockon","Gash","Turbo+1"],"picked":"SKIP","floor":44},{"not_picked":["Streamline","Hologram","Panic Button+1"],"picked":"SKIP","floor":46},{"not_picked":["ReplayTheSpireMod:Fabricate Wheel","Compile Driver+1","Chaos+1"],"picked":"SKIP","floor":48}],"player_experience":88546,"relics_obtained":[{"floor":6,"key":"reliquary:Knoch"},{"floor":9,"key":"War Paint"},{"floor":24,"key":"AT_SilverBalance"},{"floor":39,"key":"jedi:firstaidkit"},{"floor":42,"key":"ReplayFunnel"},{"floor":43,"key":"Mango"}],"event_choices":[{"damage_healed":0,"gold_gain":0,"player_choice":"Shed Blood","damage_taken":19,"max_hp_gain":5,"max_hp_loss":0,"event_name":"Forgotten Altar","floor":20,"gold_loss":0},{"damage_healed":0,"gold_gain":0,"cards_transformed":["conspire:Purge"],"player_choice":"Transformed","damage_taken":0,"max_hp_gain":0,"max_hp_loss":0,"event_name":"Transmorgrifier","floor":21,"gold_loss":0,"cards_obtained":["AT_ThunderBolt"]},{"damage_healed":0,"gold_gain":0,"player_choice":"Paid Fearfully","damage_taken":0,"max_hp_gain":0,"max_hp_loss":0,"event_name":"Masked Bandits","floor":25,"gold_loss":328},{"cards_removed":["AT_ThunderBolt"],"damage_healed":0,"gold_gain":0,"player_choice":"Elegance","damage_taken":0,"max_hp_gain":0,"max_hp_loss":0,"event_name":"Back to Basics","floor":30,"gold_loss":0},{"damage_healed":0,"gold_gain":0,"player_choice":"Fight","damage_taken":0,"max_hp_gain":0,"max_hp_loss":0,"event_name":"MindBloom","floor":39,"gold_loss":0},{"damage_healed":0,"gold_gain":0,"player_choice":"Paid","damage_taken":0,"relics_obtained":["Red Mask"],"max_hp_gain":0,"max_hp_loss":0,"event_name":"Tomb of Lord Red Mask","floor":41,"gold_loss":356}],"is_beta":false,"boss_relics":[{"not_picked":["energizedSpire:DeadBattery","energizedSpire:HugeHouse"],"picked":"energizedSpire:OgreHead"},{"not_picked":["REME_DemonsWealth","energizedSpire:NeverEndingSparkler"],"picked":"Tiny House"}],"items_purged_floors":[38],"is_endless":false,"potions_floor_spawned":[1,2,11,14,18,19,31,42,44,46,47,48],"ascension_level":1}}