{"host":"qez2w9o4mdgkjem4","time":1612801999,"event":{"mods":["BaseMod","Bossed Relics","Downfall","Hermit","Lobotomy","Minty Spire (QoL Compilation)","StSLib","The Cursed"],"gold_per_floor":[111,111,111,131,146,146,176,61,85,95,95,110,123,136,136,239,239,250,250,250,260,278,278,278,290,290,290,389,389,407,164,164,259,259,273,284,339,185,198,232,232,251,275,69,81,81,94,110,110,110],"floor_reached":51,"language":"ZHS","playtime":3774,"items_purged":["TheCursedMod:Defend_TheCursed","TheCursedMod:Defend_TheCursed","TheCursedMod:Defend_TheCursed"],"score":858,"play_id":"5b0452bc-4061-4ac0-bde2-7d1787eed797","local_time":"20210209003319","is_ascension_mode":false,"campfire_choices":[{"data":"Apotheosis","floor":6.0,"key":"SMITH"},{"floor":11.0,"key":"REST"},{"floor":15.0,"key":"REST"},{"floor":23,"key":"RECALL"},{"data":"TheCursedMod:Grudge","floor":27,"key":"SMITH"},{"data":"TheCursedMod:CursedSpellbook","floor":32,"key":"SMITH"},{"floor":46,"key":"REST"},{"floor":49,"key":"REST"}],"circlet_count":0,"master_deck":["TheCursedMod:Strike_TheCursed","TheCursedMod:Strike_TheCursed","TheCursedMod:Strike_TheCursed","TheCursedMod:Defend_TheCursed","TheCursedMod:CursedWand","TheCursedMod:CleanUpWorkshop","TheCursedMod:Dregs","Apotheosis+1","TheCursedMod:WearCloak","Finesse","TheCursedMod:ForbiddenAlchemy","TheCursedMod:CursedSpellbook+1","TheCursedMod:ReleasedKnowledge","TheCursedMod:LuckyCharm","TheCursedMod:SmokeScreen","TheCursedMod:CursedSpellbook","TheCursedMod:DemonicPact","TheCursedMod:AntiAging+1","Writhe","Writhe","TheCursedMod:Grudge+1","Clumsy","downfall:Icky","TheCursedMod:HellfireBreathing","TheCursedMod:HellfireBreathing","TheCursedMod:DemonSword","TheCursedMod:CircleOfCorruption+1","TheCursedMod:FleshFromBone+1","TheCursedMod:DarkBarrier","TheCursedMod:HellfireBreathing","TheCursedMod:HellfireBreathing"],"relics":["TheCursedMod:BlackMagic101","TheCursedMod:Tack","Strawberry","TheCursedMod:OminousMark","Incense Burner","downfall:ExtraCursedKey","MealTicket","DollysMirror","Black Star","Thread and Needle","Omamori","Bag of Preparation","Ginger"],"acts_visited":["Exordium","TheCity","TheBeyond"],"potions_floor_usage":[16,16,16,16,18,21,21,21,22,22,22,25,25,25,30,33,33,37,37,37,37,39,39,40,45,45,45,48,48,48,48,50,50,50,50],"damage_taken":[{"damage":0.0,"enemies":"2 Louse","floor":1.0,"turns":3.0},{"damage":0.0,"enemies":"Small Slimes","floor":4.0,"turns":6.0},{"damage":0.0,"enemies":"Cultist","floor":5.0,"turns":4.0},{"damage":7.0,"enemies":"Gremlin Nob","floor":7.0,"turns":4.0},{"damage":2.0,"enemies":"2 Fungi Beasts","floor":10.0,"turns":2.0},{"damage":1.0,"enemies":"Lots of Slimes","floor":12.0,"turns":4.0},{"damage":1.0,"enemies":"Blue Slaver","floor":13.0,"turns":3.0},{"damage":0.0,"enemies":"3 Louse","floor":14.0,"turns":3.0},{"damage":0,"enemies":"The Guardian","floor":16,"turns":24},{"damage":0,"enemies":"Spheric Guardian","floor":18,"turns":6},{"damage":0,"enemies":"Shell Parasite","floor":21,"turns":5},{"damage":0,"enemies":"Shelled Parasite and Fungi","floor":22,"turns":6},{"damage":0,"enemies":"Snake Plant","floor":25,"turns":3},{"damage":9,"enemies":"Chosen and Byrds","floor":30,"turns":6},{"damage":45,"enemies":"Collector","floor":33,"turns":8},{"damage":4,"enemies":"3 Shapes","floor":35,"turns":5},{"damage":30,"enemies":"3 Darklings","floor":36,"turns":4},{"damage":38,"enemies":"2 Orb Walkers","floor":37,"turns":7},{"damage":4,"enemies":"4 Shapes","floor":39,"turns":5},{"damage":10,"enemies":"Reptomancer","floor":40,"turns":6},{"damage":0,"enemies":"Sphere and 2 Shapes","floor":42,"turns":6},{"damage":17,"enemies":"Maw","floor":45,"turns":6},{"damage":0,"enemies":"3 Darklings","floor":47,"turns":5},{"damage":6,"enemies":"Jaw Worm Horde","floor":48,"turns":3},{"damage":24,"enemies":"Time Eater","floor":50,"turns":11}],"seed_played":"6482655483956876784","potions_obtained":[{"floor":16,"key":"BlessingOfTheForge"},{"floor":25,"key":"SneckoOil"},{"floor":39,"key":"Strength Potion"},{"floor":47,"key":"LiquidBronze"},{"floor":48,"key":"Guardian:BlockOnCardUsePotion"}],"is_trial":false,"path_per_floor":["M","?","?","M","M","R","E","$","T","M","R","M","M","M","R","B",null,"M","?","?","M","M","R","?","M","T","R","?","?","M","$","R","B",null,"M","M","?","$","M","E","?","M","T","$","M","R","M","M","R","B",null],"character_chosen":"THE_CURSED","items_purchased":["TheCursedMod:LuckyCharm","DollysMirror","Omamori","TheCursedMod:HellfireBreathing"],"campfire_rested":4,"item_purchase_floors":[8,31,38,44],"current_hp_per_floor":[54,47,47,47,47,47,40,40,47,45,69,68,67,67,82,82,82,85,85,85,88,91,91,96,99,99,99,99,99,93,102,102,60,105,101,74,51,66,65,58,58,61,61,76,62,98,98,95,126,105],"gold":110,"neow_bonus":"RANDOM_COLORLESS_2","is_daily":false,"chose_seed":false,"campfire_upgraded":3,"win_rate":0.0,"timestamp":1612801999,"path_taken":["M","?","?","M","M","R","E","$","T","?","R","M","M","M","R","BOSS","M","?","?","?","M","R","?","M","T","R","?","?","M","$","R","BOSS","M","M","?","$","M","E","?","M","T","$","M","R","M","M","R","BOSS"],"items_purchased_type":["Card","Relic","Relic","Card"],"build_version":"2020-12-22","purchased_purges":3,"victory":true,"max_hp_per_floor":[75,75,75,75,75,75,75,75,82,82,82,82,82,82,82,82,82,85,85,85,88,91,91,96,99,99,99,99,99,102,102,102,105,105,105,108,111,111,114,117,117,120,120,120,123,123,123,126,126,129],"card_choices":[{"not_picked":["Metamorphosis","Secret Technique"],"picked":"Apotheosis","floor":0.0},{"not_picked":["TheCursedMod:StingEye","TheCursedMod:Obscuration"],"picked":"TheCursedMod:WearCloak","floor":1.0},{"not_picked":["TheCursedMod:CircleOfWindfury","TheCursedMod:Stretching"],"picked":"TheCursedMod:CursedSpellbook","floor":4.0},{"not_picked":["TheCursedMod:SmokeScreen","TheCursedMod:TacticalStrike"],"picked":"TheCursedMod:ReleasedKnowledge","floor":5.0},{"not_picked":["TheCursedMod:Obscuration","TheCursedMod:Wield","TheCursedMod:RapidMovement"],"picked":"SKIP","floor":7.0},{"not_picked":["TheCursedMod:SurpriseAttack","TheCursedMod:RapidMovement","TheCursedMod:PrepareRite"],"picked":"SKIP","floor":10.0},{"not_picked":["TheCursedMod:Hemoplague","TheCursedMod:CircleOfCorruption"],"picked":"TheCursedMod:SmokeScreen","floor":12.0},{"not_picked":["TheCursedMod:CursedBoomerang","TheCursedMod:TroublousMinions"],"picked":"TheCursedMod:CursedSpellbook","floor":13.0},{"not_picked":["TheCursedMod:SpitefulStrike","TheCursedMod:FuryStrike"],"picked":"TheCursedMod:DemonicPact","floor":14.0},{"not_picked":["TheCursedMod:ShockAndAwe","TheCursedMod:DarkBarrier"],"picked":"TheCursedMod:AntiAging","floor":16},{"not_picked":["TheCursedMod:SpitefulPlan+1","TheCursedMod:CursedAmulet","TheCursedMod:Wield+1"],"picked":"SKIP","floor":18},{"not_picked":["TheCursedMod:BlessingInDisguise","TheCursedMod:WearCloak+1","TheCursedMod:SurpriseAttack+1"],"picked":"SKIP","floor":21},{"not_picked":["TheCursedMod:CursedShiv","TheCursedMod:CursedBoomerang","TheCursedMod:CursedBlade"],"picked":"SKIP","floor":22},{"not_picked":["TheCursedMod:SpitefulPray","TheCursedMod:ParallelWorld"],"picked":"TheCursedMod:Grudge","floor":25},{"not_picked":["TheCursedMod:CircleOfFocus","TheCursedMod:CursedShiv","TheCursedMod:TroublousMinions"],"picked":"SKIP","floor":30},{"not_picked":["TheCursedMod:StunningStrike","TheCursedMod:CursedRelics"],"picked":"TheCursedMod:DemonSword","floor":33},{"not_picked":["TheCursedMod:SmokeScreen+1","TheCursedMod:Obscuration+1"],"picked":"TheCursedMod:CircleOfCorruption+1","floor":35},{"not_picked":["TheCursedMod:SpitefulStrike","TheCursedMod:CircleOfCorruption+1"],"picked":"TheCursedMod:FleshFromBone+1","floor":36},{"not_picked":["TheCursedMod:SaltUponWound","TheCursedMod:AbyssShockwave+1","TheCursedMod:Torture+1"],"picked":"SKIP","floor":39},{"not_picked":["TheCursedMod:CursedShiv","TheCursedMod:AntiAging"],"picked":"TheCursedMod:DarkBarrier","floor":40},{"not_picked":["TheCursedMod:TroublousMinions+1","TheCursedMod:FuryStrike+1","TheCursedMod:Stretching"],"picked":"SKIP","floor":42},{"not_picked":["TheCursedMod:Obscuration+1","TheCursedMod:Stretching"],"picked":"TheCursedMod:HellfireBreathing","floor":45},{"not_picked":["TheCursedMod:SpitefulPray","TheCursedMod:CircleOfCorruption+1","TheCursedMod:Stigma+1"],"picked":"SKIP","floor":47},{"not_picked":["TheCursedMod:CursedShiv","TheCursedMod:WearCloak","TheCursedMod:CursedBoomerang+1"],"picked":"SKIP","floor":48}],"player_experience":80568,"relics_obtained":[{"floor":7.0,"key":"TheCursedMod:Tack"},{"floor":9.0,"key":"Strawberry"},{"floor":26,"key":"MealTicket"},{"floor":37,"key":"Thread and Needle"},{"floor":40,"key":"Bag of Preparation"},{"floor":40,"key":"Ginger"}],"event_choices":[{"cards_removed":["TheCursedMod:Strike_TheCursed"],"damage_healed":0.0,"max_hp_gain":0.0,"max_hp_loss":0.0,"gold_gain":0.0,"event_name":"Golden Wing","player_choice":"Card Removal","floor":2.0,"gold_loss":0.0,"damage_taken":7.0},{"damage_healed":0.0,"max_hp_gain":0.0,"max_hp_loss":0.0,"gold_gain":0.0,"event_name":"Match and Keep!","player_choice":"2 cards matched","floor":3.0,"gold_loss":0.0,"damage_taken":0.0,"cards_obtained":["Finesse","TheCursedMod:ForbiddenAlchemy"]},{"damage_healed":0,"gold_gain":0,"player_choice":"Opened","damage_taken":0,"relics_obtained":["Incense Burner"],"max_hp_gain":0,"max_hp_loss":0,"event_name":"The Mausoleum","floor":19,"gold_loss":0,"cards_obtained":["Writhe"]},{"damage_healed":0,"gold_gain":0,"player_choice":"Upgraded","damage_taken":0,"max_hp_gain":0,"max_hp_loss":0,"event_name":"Upgrade Shrine","floor":20,"gold_loss":0,"cards_upgraded":["TheCursedMod:AntiAging"]},{"damage_healed":0,"gold_gain":99,"player_choice":"Stole From Cult","damage_taken":0,"max_hp_gain":0,"max_hp_loss":0,"event_name":"Nest","floor":28,"gold_loss":0},{"damage_healed":0,"gold_gain":0,"player_choice":"Read","damage_taken":0,"max_hp_gain":0,"max_hp_loss":0,"event_name":"The Library","floor":29,"gold_loss":0,"cards_obtained":["TheCursedMod:HellfireBreathing"]},{"damage_healed":0,"gold_gain":0,"player_choice":"Fight","damage_taken":0,"max_hp_gain":0,"max_hp_loss":0,"event_name":"Mysterious Sphere","floor":37,"gold_loss":0},{"damage_healed":0,"gold_gain":0,"player_choice":"Ignored","damage_taken":0,"max_hp_gain":0,"max_hp_loss":0,"event_name":"The Moai Head","floor":41,"gold_loss":0}],"is_beta":false,"boss_relics":[{"not_picked":["Runic Pyramid","Sozu"],"picked":"TheCursedMod:OminousMark"},{"not_picked":["Snecko Eye","Busted Crown"],"picked":"Black Star"}],"items_purged_floors":[8,31,44],"is_endless":false,"potions_floor_spawned":[4,14,16,25,33,39,47,48],"ascension_level":0}}