{"host":"928gv66myv2vlnsd","time":1612751178,"event":{"mods":["BaseMod","Highlight Path","Minty Spire (QoL Compilation)","StSLib"],"gold_per_floor":[115,290,51,51,66,66,104,104,159,159,190,214,252,69,69,193,193,214,238,163,163,163,202,202,202,202,240,4,58,35,50,50,175,175,189,189,210,132,132,166,166,166,166],"floor_reached":42,"language":"ENG","playtime":2125,"items_purged":["Doubt","Strike_B"],"score":761,"play_id":"9845e1a0-8f76-4df5-a06a-8626967ce6d6","local_time":"20210207212618","is_ascension_mode":true,"campfire_choices":[{"data":"Zap","floor":6,"key":"SMITH"},{"data":"Defragment","floor":8,"key":"SMITH"},{"data":"Capacitor","floor":10,"key":"SMITH"},{"floor":15,"key":"REST"},{"floor":25,"key":"REST"},{"floor":32,"key":"REST"},{"floor":41,"key":"REST"}],"circlet_count":0,"master_deck":["AscendersBane","Defend_B","Defend_B","Defend_B","Defend_B","Zap+1","Dualcast","Defragment+1","Capacitor+1","Melter","Undo","Skim","Cold Snap","Reinforced Body","Barrage","Defragment","Loop","Cold Snap","Doom and Gloom","Hologram","Meteor Strike","Genetic Algorithm+1","Writhe","Capacitor","Tempest+1","Streamline","Echo Form+1","Loop","Compile Driver","Glacier+1"],"relics":["Cracked Core","Art of War","Golden Idol","Boot","Regal Pillow","Juzu Bracelet","Odd Mushroom","Orrery","Busted Crown","Prayer Wheel","Akabeko","Nunchaku","Membership Card","Bag of Marbles","Runic Pyramid","Lee\u0027s Waffle","Bronze Scales"],"acts_visited":["Exordium","TheCity","TheBeyond"],"potions_floor_usage":[7,13,23,23,27],"damage_taken":[{"damage":1,"enemies":"2 Louse","floor":1,"turns":3},{"damage":6,"enemies":"Jaw Worm","floor":5,"turns":4},{"damage":10,"enemies":"Lagavulin","floor":7,"turns":7},{"damage":22,"enemies":"3 Sentries","floor":11,"turns":7},{"damage":5,"enemies":"Small Slimes","floor":12,"turns":3},{"damage":0,"enemies":"The Mushroom Lair","floor":13,"turns":6},{"damage":15,"enemies":"Slime Boss","floor":16,"turns":7},{"damage":0,"enemies":"Spheric Guardian","floor":18,"turns":1},{"damage":14,"enemies":"3 Byrds","floor":19,"turns":5},{"damage":40,"enemies":"Book of Stabbing","floor":23,"turns":8},{"damage":4,"enemies":"Gremlin Leader","floor":27,"turns":6},{"damage":19,"enemies":"Snecko","floor":31,"turns":6},{"damage":12,"enemies":"Champ","floor":33,"turns":15},{"damage":24,"enemies":"Orb Walker","floor":35,"turns":3},{"damage":38,"enemies":"3 Darklings","floor":37,"turns":6},{"damage":46,"enemies":"Nemesis","floor":40,"turns":9},{"damage":83,"enemies":"Reptomancer","floor":42,"turns":3}],"seed_played":"6359384049264570405","potions_obtained":[{"floor":1,"key":"Energy Potion"},{"floor":7,"key":"SkillPotion"},{"floor":19,"key":"Energy Potion"},{"floor":23,"key":"SkillPotion"}],"is_trial":false,"path_per_floor":["M","?","$","?","M","R","E","R","T","R","E","M","?","$","R","B",null,"M","M","?","?","?","E","?","R","T","E","$","T","$","M","R","B",null,"M","?","M","$","?","E","R","E"],"character_chosen":"DEFECT","items_purchased":["Capacitor","Melter","BlessingOfTheForge","Defragment","Orrery","Membership Card","Loop","Compile Driver","Lee\u0027s Waffle"],"campfire_rested":4,"item_purchase_floors":[3,3,3,14,14,28,28,30,38],"current_hp_per_floor":[67,67,67,67,61,61,51,51,51,51,29,24,24,24,59,44,63,63,49,49,49,49,9,9,44,44,40,40,40,40,21,56,44,63,39,39,1,76,76,30,67,0,0],"gold":166,"neow_bonus":"RANDOM_COMMON_RELIC","is_daily":false,"chose_seed":false,"campfire_upgraded":3,"win_rate":0.0,"timestamp":1612751178,"path_taken":["M","?","$","?","M","R","E","R","T","R","E","M","?","?","R","BOSS","M","M","?","?","?","E","?","R","T","E","$","?","?","M","R","BOSS","M","?","M","$","?","E","R","E"],"items_purchased_type":["Card","Card","Potion","Card","Relic","Relic","Card","Card","Relic"],"build_version":"2020-12-22","purchased_purges":2,"victory":false,"max_hp_per_floor":[75,75,75,69,69,69,69,69,69,69,69,69,69,69,69,69,69,69,69,69,69,69,69,69,69,69,69,69,69,69,69,69,69,69,69,69,69,76,76,76,76,76,76],"card_choices":[{"not_picked":["Force Field","Lockon"],"picked":"Defragment","floor":1},{"not_picked":["Streamline","Stack"],"picked":"Undo","floor":5},{"not_picked":["Beam Cell","Steam"],"picked":"Skim","floor":7},{"not_picked":["Blizzard","Gash"],"picked":"Cold Snap","floor":11},{"not_picked":["Sweeping Beam","Rebound"],"picked":"Reinforced Body","floor":12},{"not_picked":["Leap","Gash"],"picked":"Barrage","floor":13},{"not_picked":["Rebound","Sunder"],"picked":"Loop","floor":14},{"not_picked":["Blizzard","Buffer"],"picked":"Cold Snap","floor":14},{"not_picked":["Go for the Eyes","Buffer"],"picked":"Doom and Gloom","floor":14},{"not_picked":["BootSequence","Auto Shields"],"picked":"Hologram","floor":14},{"not_picked":["Thunder Strike","Fission"],"picked":"Meteor Strike","floor":16},{"not_picked":["Leap"],"picked":"SKIP","floor":18},{"not_picked":[],"picked":"Genetic Algorithm+1","floor":19},{"not_picked":[],"picked":"Tempest+1","floor":23},{"not_picked":["Beam Cell"],"picked":"SKIP","floor":27},{"not_picked":["Sweeping Beam"],"picked":"SKIP","floor":31},{"not_picked":["Auto Shields"],"picked":"SKIP","floor":31},{"not_picked":["Reinforced Body"],"picked":"SKIP","floor":35},{"not_picked":["Beam Cell"],"picked":"SKIP","floor":35},{"not_picked":[],"picked":"Glacier+1","floor":37},{"not_picked":["Double Energy"],"picked":"SKIP","floor":37},{"not_picked":["Redo+1"],"picked":"SKIP","floor":40}],"player_experience":1467690,"relics_obtained":[{"floor":7,"key":"Boot"},{"floor":9,"key":"Regal Pillow"},{"floor":11,"key":"Juzu Bracelet"},{"floor":13,"key":"Odd Mushroom"},{"floor":23,"key":"Akabeko"},{"floor":27,"key":"Nunchaku"},{"floor":29,"key":"Bag of Marbles"},{"floor":40,"key":"Bronze Scales"}],"event_choices":[{"damage_healed":0,"gold_gain":175,"player_choice":"AGREE","damage_taken":0,"max_hp_gain":0,"max_hp_loss":0,"event_name":"Liars Game","floor":2,"gold_loss":0,"cards_obtained":["Doubt"]},{"damage_healed":0,"gold_gain":0,"player_choice":"Lose Max HP","damage_taken":0,"relics_obtained":["Golden Idol"],"max_hp_gain":0,"max_hp_loss":6,"event_name":"Golden Idol","floor":4,"gold_loss":0},{"damage_healed":0,"gold_gain":0,"player_choice":"Fought Mushrooms","damage_taken":0,"max_hp_gain":0,"max_hp_loss":0,"event_name":"Mushrooms","floor":13,"gold_loss":0},{"cards_removed":["Strike_B"],"damage_healed":0,"gold_gain":0,"player_choice":"Gave Gold","damage_taken":0,"max_hp_gain":0,"max_hp_loss":0,"event_name":"Beggar","floor":20,"gold_loss":75},{"damage_healed":0,"gold_gain":0,"player_choice":"Opened","damage_taken":0,"relics_obtained":["Prayer Wheel"],"max_hp_gain":0,"max_hp_loss":0,"event_name":"The Mausoleum","floor":21,"gold_loss":0,"cards_obtained":["Writhe"]},{"damage_healed":0,"gold_gain":0,"player_choice":"Read","damage_taken":0,"max_hp_gain":0,"max_hp_loss":0,"event_name":"The Library","floor":22,"gold_loss":0,"cards_obtained":["Capacitor"]},{"damage_healed":0,"gold_gain":0,"cards_transformed":["Strike_B","Strike_B"],"player_choice":"Became Test Subject","damage_taken":0,"max_hp_gain":0,"max_hp_loss":0,"event_name":"Drug Dealer","floor":24,"gold_loss":0,"cards_obtained":["Streamline","Echo Form"]},{"damage_healed":0,"gold_gain":0,"player_choice":"Ignored","damage_taken":0,"max_hp_gain":0,"max_hp_loss":0,"event_name":"Tomb of Lord Red Mask","floor":36,"gold_loss":0},{"damage_healed":0,"gold_gain":0,"player_choice":"Forge","damage_taken":0,"max_hp_gain":0,"max_hp_loss":0,"event_name":"Accursed Blacksmith","floor":39,"gold_loss":0,"cards_upgraded":["Echo Form"]}],"is_beta":false,"boss_relics":[{"not_picked":["Philosopher\u0027s Stone","Coffee Dripper"],"picked":"Busted Crown"},{"not_picked":["SacredBark","Fusion Hammer"],"picked":"Runic Pyramid"}],"items_purged_floors":[3,28],"is_endless":false,"potions_floor_spawned":[1,5,7,19,23],"killed_by":"Reptomancer","ascension_level":11}}