{"host":"5m2js577gj4e7pak","time":1612771219,"event":{"mods":["AchievementEnabler","BaseMod","Better Match","BetterRewards","Colored Map","Colored Powertips","Googly Eyes","Highlight Path","Lobotomy","LobotomyExtend","Minty Spire (QoL Compilation)","Quick Restart","Relic Filter","StSLib"],"gold_per_floor":[120,132,207,207,225,225,59,59,109,109,109,127,143,164,164,285,285,304,304,211,211,211],"floor_reached":21,"language":"ENG","playtime":600,"items_purged":[],"score":169,"play_id":"f15fed1f-3ea7-46d0-832b-c843392edfca","local_time":"20210208090019","is_ascension_mode":false,"campfire_choices":[],"circlet_count":0,"master_deck":["SpecialBullet","SpecialBullet","SpecialBullet","SpecialBullet","SpecialBullet","SpecialBullet","SpecialBullet","CentralCode","SecurityCode","InformationCode","OSAHOGD","SomewhereSpear","RedEyes","GrinderMk4","Good Instincts","BodiesMountain","Amita","Lamp+2","SpecialBullet","BeautyBeast","Gaze","Adoration","WristCuter","SomewhereSpear","GrinderMk4"],"relics":["CogitoBucket","LetterFromLob","Bloody Idol","Pen Nib","HellTrain","Snecko Eye"],"acts_visited":["Exordium","TheCity"],"potions_floor_usage":[14,16],"damage_taken":[{"damage":0,"enemies":"Small Slimes","floor":1,"turns":3},{"damage":5,"enemies":"2 Louse","floor":2,"turns":3},{"damage":11,"enemies":"Jaw Worm","floor":5,"turns":2},{"damage":24,"enemies":"Large Slime","floor":12,"turns":6},{"damage":16,"enemies":"Looter","floor":13,"turns":4},{"damage":26,"enemies":"Blue Slaver","floor":14,"turns":4},{"damage":98,"enemies":"Slime Boss","floor":16,"turns":10},{"damage":74,"enemies":"2 Thieves","floor":18,"turns":5},{"damage":110,"enemies":"2 Thieves","floor":21,"turns":6}],"seed_played":"1922612561926226088","potions_obtained":[{"floor":12,"key":"AttackPotion"},{"floor":14,"key":"Strength Potion"}],"is_trial":false,"path_per_floor":["M","M","?","?","M","R","$","R","T","R","?","M","M","M","R","B",null,"M","?","$","?"],"character_chosen":"Angela","items_purchased":["GrinderMk4","Good Instincts","SomewhereSpear","GrinderMk4"],"campfire_rested":0,"item_purchase_floors":[7,7,20,20],"current_hp_per_floor":[77,77,66,66,66,66,66,66,66,66,77,74,77,77,77,24,77,38,38,38,0,0],"gold":211,"neow_bonus":"TEN_PERCENT_HP_BONUS","is_daily":false,"chose_seed":false,"campfire_upgraded":0,"win_rate":0.0,"timestamp":1612771219,"path_taken":["M","M","?","?","M","R","$","R","T","R","?","M","M","M","R","BOSS","M","?","$","?"],"items_purchased_type":["Card","Card","Card","Card"],"build_version":"2020-12-22","purchased_purges":0,"victory":false,"max_hp_per_floor":[77,77,77,77,77,77,77,77,77,77,77,77,77,77,77,77,77,77,77,77,77,77],"card_choices":[{"not_picked":["SolemnVow"],"picked":"Soda","floor":1},{"not_picked":["MHz","PunishingBird"],"picked":"OSAHOGD","floor":2},{"not_picked":["Harmony"],"picked":"SomewhereSpear","floor":2},{"not_picked":["FourthMatchFlame"],"picked":"RedEyes","floor":5},{"not_picked":["WhitesApple","CrumblingArmor"],"picked":"BodiesMountain","floor":12},{"not_picked":["Regret_ego"],"picked":"Amita","floor":12},{"not_picked":["Pinks"],"picked":"Lamp","floor":13},{"not_picked":["Scorched","OldLady"],"picked":"BeautyBeast","floor":14},{"not_picked":["Regret_ego"],"picked":"Gaze","floor":14},{"not_picked":["DaCapo"],"picked":"Adoration","floor":16},{"not_picked":["RapturousDream+1"],"picked":"WristCuter","floor":18}],"player_experience":54946,"relics_obtained":[{"floor":1,"key":"LetterFromLob"},{"floor":9,"key":"Pen Nib"}],"event_choices":[{"damage_healed":0,"gold_gain":75,"player_choice":"Gather Gold","damage_taken":11,"max_hp_gain":0,"max_hp_loss":0,"event_name":"World of Goop","floor":3,"gold_loss":0},{"damage_healed":0,"gold_gain":0,"player_choice":"Take Wound","damage_taken":0,"relics_obtained":["Golden Idol"],"max_hp_gain":0,"max_hp_loss":0,"event_name":"Golden Idol","floor":4,"gold_loss":0,"cards_obtained":["Injury"]},{"damage_healed":0,"gold_gain":0,"player_choice":"Gave Idol","damage_taken":0,"relics_obtained":["Bloody Idol"],"max_hp_gain":0,"max_hp_loss":0,"event_name":"Forgotten Altar","floor":19,"relics_lost":["Golden Idol"],"gold_loss":0}],"is_beta":false,"boss_relics":[{"not_picked":["SlaversCollar","Runic Pyramid"],"picked":"Snecko Eye"}],"items_purged_floors":[],"is_endless":false,"potions_floor_spawned":[12,14],"killed_by":"2 Thieves","ascension_level":0}}