{"host":"j4g6ia6asvpyu2b0","time":1612794023,"event":{"mods":["BaseMod","Colored Map","Minty Spire (QoL Compilation)","Permanent Neow","Quick Restart","Relic Stats","StSLib","Unceasing Turn Reminder"],"gold_per_floor":[110,130,205,205,205,205,237,237,237,237,271,282,292,323,323,424,424,437,437,437,449,499,499,499],"floor_reached":23,"language":"ENG","playtime":635,"items_purged":[],"score":324,"play_id":"79da4427-7a4b-4b7f-ab1e-1de3ac13e9b4","local_time":"20210208072023","is_ascension_mode":true,"campfire_choices":[{"data":"Discovery","floor":6,"key":"SMITH"},{"floor":8,"key":"REST"},{"data":"Glass Knife","floor":10,"key":"SMITH"},{"data":"Bouncing Flask","floor":15,"key":"SMITH"}],"circlet_count":0,"master_deck":["Strike_G+1","Defend_G+1","Defend_G+1","Defend_G+1","Defend_G+1","Defend_G+1","Survivor","Neutralize","Discovery+1","Blade Dance","Quick Slash","Glass Knife+1","Terror","Backflip","Backflip","Bouncing Flask+1","Venomology","Backflip+1","Accuracy+1","Infinite Blades+1","Escape Plan","Blade Dance+1"],"relics":["Ring of the Snake","Meat on the Bone","Turnip","Strawberry","Juzu Bracelet","Astrolabe"],"acts_visited":["Exordium","TheCity"],"potions_floor_usage":[14,18,18,23],"damage_taken":[{"damage":0,"enemies":"2 Louse","floor":1,"turns":3},{"damage":9,"enemies":"Small Slimes","floor":2,"turns":3},{"damage":36,"enemies":"3 Sentries","floor":7,"turns":9},{"damage":6,"enemies":"Gremlin Nob","floor":11,"turns":3},{"damage":0,"enemies":"Jaw Worm","floor":12,"turns":3},{"damage":1,"enemies":"Large Slime","floor":13,"turns":3},{"damage":0,"enemies":"Lagavulin","floor":14,"turns":6},{"damage":0,"enemies":"Slime Boss","floor":16,"turns":5},{"damage":0,"enemies":"Chosen","floor":18,"turns":3},{"damage":15,"enemies":"Shell Parasite","floor":21,"turns":7},{"damage":77,"enemies":"Slavers","floor":23,"turns":4}],"seed_played":"5430360530016721348","potions_obtained":[{"floor":2,"key":"Swift Potion"},{"floor":12,"key":"Block Potion"},{"floor":13,"key":"LiquidMemories"}],"is_trial":false,"path_per_floor":["M","M","?","?","?","R","E","R","T","R","E","M","M","E","R","B",null,"M","?","?","M","T","E"],"character_chosen":"THE_SILENT","items_purchased":[],"campfire_rested":1,"item_purchase_floors":[],"current_hp_per_floor":[70,61,50,43,48,48,12,34,34,34,47,47,46,46,46,46,82,82,82,82,67,67,0,0],"gold":499,"neow_bonus":"RANDOM_COLORLESS","is_daily":false,"chose_seed":false,"campfire_upgraded":3,"win_rate":0.0,"timestamp":1612794023,"path_taken":["M","M","?","?","?","R","E","R","T","R","E","M","M","E","R","BOSS","M","?","?","M","?","E"],"items_purchased_type":[],"build_version":"2020-12-22","purchased_purges":0,"victory":false,"max_hp_per_floor":[70,70,70,70,75,75,75,75,75,75,82,82,82,82,82,82,82,82,82,82,82,82,82,82],"relic_stats":{"counters":[11,49],"Astrolabe":["Backflip","Accuracy","Infinite Blades"],"Turnip":[6],"Juzu Bracelet":0,"obtain_stats":[{"Strawberry":11,"Astrolabe":17,"Turnip":9,"Juzu Bracelet":14,"Ring of the Snake":0,"Meat on the Bone":7},{"Strawberry":4,"Astrolabe":8,"Turnip":3,"Juzu Bracelet":7,"Ring of the Snake":0,"Meat on the Bone":3},{"Strawberry":18,"Astrolabe":35,"Turnip":15,"Juzu Bracelet":30,"Ring of the Snake":0,"Meat on the Bone":15}],"Ring of the Snake":[22],"Meat on the Bone":12},"card_choices":[{"not_picked":["Madness","Purity"],"picked":"Discovery","floor":0},{"not_picked":["Poisoned Stab","Dodge and Roll"],"picked":"Blade Dance","floor":1},{"not_picked":["Expertise","Outmaneuver"],"picked":"Quick Slash","floor":2},{"not_picked":["Sucker Punch","Flying Knee"],"picked":"Glass Knife","floor":7},{"not_picked":["Cloak And Dagger","Underhanded Strike"],"picked":"Terror","floor":11},{"not_picked":["Acrobatics","Prepared"],"picked":"Backflip","floor":12},{"not_picked":["Grand Finale","Dash"],"picked":"Backflip","floor":13},{"not_picked":["Deflect","Slice"],"picked":"Bouncing Flask","floor":14},{"not_picked":["Unload","Glass Knife"],"picked":"Venomology","floor":16},{"not_picked":["Acrobatics","Prepared"],"picked":"Escape Plan","floor":18},{"not_picked":["Deflect","Quick Slash"],"picked":"Blade Dance+1","floor":21}],"player_experience":1184236,"relics_obtained":[{"floor":7,"key":"Meat on the Bone"},{"floor":9,"key":"Turnip"},{"floor":11,"key":"Strawberry"},{"floor":14,"key":"Juzu Bracelet"}],"event_choices":[{"damage_healed":0,"gold_gain":75,"player_choice":"Gather Gold","damage_taken":11,"max_hp_gain":0,"max_hp_loss":0,"event_name":"World of Goop","floor":3,"gold_loss":0},{"cards_removed":["Strike_G"],"damage_healed":0,"gold_gain":0,"player_choice":"Card Removal","damage_taken":7,"max_hp_gain":0,"max_hp_loss":0,"event_name":"Golden Wing","floor":4,"gold_loss":0},{"damage_healed":0,"gold_gain":0,"player_choice":"Donut","damage_taken":0,"max_hp_gain":5,"max_hp_loss":0,"event_name":"Big Fish","floor":5,"gold_loss":0},{"damage_healed":0,"gold_gain":0,"player_choice":"Ignored","damage_taken":0,"max_hp_gain":0,"max_hp_loss":0,"event_name":"Vampires","floor":19,"gold_loss":0},{"damage_healed":0,"gold_gain":0,"player_choice":"Simplicity","damage_taken":0,"max_hp_gain":0,"max_hp_loss":0,"event_name":"Back to Basics","floor":20,"gold_loss":0,"cards_upgraded":["Strike_G","Defend_G","Defend_G","Defend_G","Defend_G","Defend_G"]}],"is_beta":false,"boss_relics":[{"not_picked":["Calling Bell","Velvet Choker"],"picked":"Astrolabe"}],"items_purged_floors":[],"is_endless":false,"potions_floor_spawned":[2,12,13],"killed_by":"Slavers","ascension_level":3}}