{"host":"kpyf5rnb72uwap8k","time":1612788420,"event":{"mods":["AchievementEnabler","BaseMod","Colored Map","Colored Powertips","DeckTracker","Minty Spire (QoL Compilation)","Permanent Neow","Quick Restart","StSLib","SuperFastMode"],"gold_per_floor":[114,114,40,40,115,159,159,172,222,252,252,267,291,305,305,428,491,514,528,542,560,579,579,604,604,655,324,347,365,378,142,142,272,272,288,352,376,376,124,124,158,158,184,184,184,35,50,69,69,69],"floor_reached":51,"language":"KOR","playtime":1903,"items_purged":["Defend_P","Defend_P","Strike_P","Strike_P"],"score":843,"play_id":"26b299d3-4d8a-4a5b-ba18-322cc3c4aa55","local_time":"20210208214700","is_ascension_mode":true,"campfire_choices":[{"floor":7.0,"key":"REST"},{"data":"MentalFortress","floor":15.0,"key":"SMITH"},{"data":"Adaptation","floor":23.0,"key":"SMITH"},{"data":"Scrawl","floor":25.0,"key":"SMITH"},{"data":"Adaptation","floor":32.0,"key":"SMITH"},{"floor":40.0,"key":"REST"},{"floor":42.0,"key":"REST"},{"floor":49.0,"key":"REST"}],"circlet_count":0,"master_deck":["Strike_P","Defend_P","Defend_P+1","Eruption+1","Vigilance","CrushJoints","MentalFortress","FearNoEvil","EmptyFist","MentalFortress+1","Scrawl+1","Conclude+1","Meditate","EmptyFist+1","Adaptation+1","EmptyBody+1","FlurryOfBlows","Flash of Steel","Adaptation+1","MentalFortress","Adaptation+1","Tantrum+1"],"relics":["PureWater","Golden Idol","Potion Belt","Oddly Smooth Stone","Odd Mushroom","Meat on the Bone","Tiny House","Bag of Marbles","TeardropLocket","Fusion Hammer","Mango","Membership Card","Orichalcum","Centennial Puzzle","ClockworkSouvenir"],"acts_visited":["Exordium","TheCity","TheBeyond"],"potions_floor_usage":[50],"damage_taken":[{"damage":0.0,"enemies":"Jaw Worm","floor":1.0,"turns":3.0},{"damage":34.0,"enemies":"Gremlin Nob","floor":6.0,"turns":4.0},{"damage":4.0,"enemies":"Small Slimes","floor":8.0,"turns":5.0},{"damage":31.0,"enemies":"The Mushroom Lair","floor":10.0,"turns":5.0},{"damage":0.0,"enemies":"Cultist","floor":12.0,"turns":3.0},{"damage":0.0,"enemies":"Blue Slaver","floor":13.0,"turns":3.0},{"damage":4.0,"enemies":"Looter","floor":14.0,"turns":2.0},{"damage":0.0,"enemies":"Slime Boss","floor":16.0,"turns":4.0},{"damage":2.0,"enemies":"Spheric Guardian","floor":18.0,"turns":4.0},{"damage":11.0,"enemies":"2 Thieves","floor":19.0,"turns":3.0},{"damage":2.0,"enemies":"Snecko","floor":20.0,"turns":3.0},{"damage":10.0,"enemies":"Centurion and Healer","floor":21.0,"turns":6.0},{"damage":17.0,"enemies":"Cultist and Chosen","floor":22.0,"turns":10.0},{"damage":10.0,"enemies":"Sentry and Sphere","floor":24.0,"turns":5.0},{"damage":6.0,"enemies":"Centurion and Healer","floor":28.0,"turns":6.0},{"damage":26.0,"enemies":"Snake Plant","floor":29.0,"turns":4.0},{"damage":6.0,"enemies":"Cultist and Chosen","floor":30.0,"turns":6.0},{"damage":5.0,"enemies":"Champ","floor":33.0,"turns":9.0},{"damage":9.0,"enemies":"3 Shapes","floor":35.0,"turns":2.0},{"damage":8.0,"enemies":"2 Orb Walkers","floor":36.0,"turns":5.0},{"damage":41.0,"enemies":"3 Darklings","floor":37.0,"turns":5.0},{"damage":0.0,"enemies":"Giant Head","floor":41.0,"turns":6.0},{"damage":0.0,"enemies":"Sphere and 2 Shapes","floor":47.0,"turns":3.0},{"damage":23.0,"enemies":"Writhing Mass","floor":48.0,"turns":4.0},{"damage":14,"enemies":"Awakened One","floor":50,"turns":8}],"seed_played":"3986216451036214049","potions_obtained":[{"floor":1.0,"key":"CultistPotion"},{"floor":10.0,"key":"Energy Potion"},{"floor":13.0,"key":"LiquidMemories"},{"floor":17.0,"key":"Energy Potion"},{"floor":18.0,"key":"BlessingOfTheForge"},{"floor":19.0,"key":"SneckoOil"},{"floor":21.0,"key":"StancePotion"},{"floor":28.0,"key":"Explosive Potion"},{"floor":30.0,"key":"FearPotion"},{"floor":36.0,"key":"BlessingOfTheForge"},{"floor":37.0,"key":"SneckoOil"},{"floor":47.0,"key":"LiquidMemories"}],"is_trial":false,"path_per_floor":["M","?","$","?","?","E","R","M","T","?","?","M","M","M","R","B",null,"M","M","M","M","M","R","M","R","T","$","M","M","M","$","R","B",null,"M","?","M","?","$","R","E","R","T","?","?","$","M","M","R","B",null],"character_chosen":"WATCHER","items_purchased":["MentalFortress","TeardropLocket","Flash of Steel","Adaptation","Membership Card","Adaptation","ClockworkSouvenir"],"campfire_rested":4,"item_purchase_floors":[3,27,31,31,39,39,46],"current_hp_per_floor":[72,67,67,60,54,20,40,36,36,5,5,17,29,37,37,37,72,70,59,57,47,42,42,44,44,44,44,38,24,30,30,30,37,72,63,69,40,40,40,65,65,86,86,82,82,82,82,59,82,68],"gold":69,"neow_bonus":"UPGRADE_CARD","is_daily":false,"chose_seed":false,"campfire_upgraded":4,"win_rate":0.0,"timestamp":1612788420,"path_taken":["M","?","$","?","?","E","R","?","T","?","?","M","M","M","R","BOSS","M","M","?","M","?","R","M","R","T","$","?","M","M","$","R","BOSS","M","?","M","?","$","R","E","R","T","?","?","$","M","M","R","BOSS"],"items_purchased_type":["Card","Relic","Card","Card","Relic","Card","Relic"],"build_version":"2020-12-22","purchased_purges":4,"victory":true,"max_hp_per_floor":[72,67,67,67,67,67,67,67,67,67,67,67,67,67,67,67,72,72,72,72,72,72,72,72,72,72,72,72,72,72,72,72,72,72,72,86,86,86,86,86,86,86,86,82,82,82,82,82,82,82],"card_choices":[{"not_picked":["Collect","Indignation"],"picked":"CrushJoints","floor":1.0},{"not_picked":["Crescendo","Wireheading"],"picked":"FearNoEvil","floor":6.0},{"not_picked":["JustLucky","FollowUp"],"picked":"EmptyFist","floor":8.0},{"not_picked":["FlyingSleeves","Evaluate"],"picked":"MentalFortress","floor":10.0},{"not_picked":["Swivel","CrushJoints"],"picked":"FollowUp","floor":12.0},{"not_picked":["Nirvana","ReachHeaven","Protect"],"picked":"SKIP","floor":13.0},{"not_picked":["Halt","SashWhip","FlyingSleeves"],"picked":"SKIP","floor":14.0},{"not_picked":["LessonLearned","Wish"],"picked":"Scrawl","floor":16.0},{"not_picked":["Halt","CutThroughFate+1"],"picked":"Conclude+1","floor":18.0},{"not_picked":["BattleHymn","CrushJoints+1"],"picked":"Meditate","floor":19.0},{"not_picked":["PathToVictory","CarveReality","Evaluate"],"picked":"SKIP","floor":20.0},{"not_picked":["Indignation","WaveOfTheHand+1"],"picked":"EmptyFist+1","floor":21.0},{"not_picked":["Consecrate","WindmillStrike+1"],"picked":"Adaptation","floor":22.0},{"not_picked":["Crescendo+1","SashWhip"],"picked":"EmptyBody+1","floor":24.0},{"not_picked":["LikeWater+1","InnerPeace"],"picked":"FlurryOfBlows","floor":28.0},{"not_picked":["Pray","ClearTheMind","CutThroughFate"],"picked":"SKIP","floor":29.0},{"not_picked":["EmptyFist","PathToVictory","ForeignInfluence+1"],"picked":"SKIP","floor":30.0},{"not_picked":["Sanctity+1","Halt","CrushJoints+1"],"picked":"SKIP","floor":35.0},{"not_picked":["EmptyFist+1","TalkToTheHand"],"picked":"MentalFortress","floor":36.0},{"not_picked":["ThirdEye","Worship","PathToVictory"],"picked":"SKIP","floor":37.0},{"not_picked":["EmptyBody","Nirvana","Wireheading+1"],"picked":"SKIP","floor":41.0},{"not_picked":["BowlingBash","Evaluate+1"],"picked":"Tantrum+1","floor":47.0},{"not_picked":["FollowUp","Protect+1","Study+1"],"picked":"SKIP","floor":48.0}],"player_experience":257066,"relics_obtained":[{"floor":6.0,"key":"Potion Belt"},{"floor":9.0,"key":"Oddly Smooth Stone"},{"floor":10.0,"key":"Odd Mushroom"},{"floor":26.0,"key":"Bag of Marbles"},{"floor":36.0,"key":"Mango"},{"floor":41.0,"key":"Orichalcum"},{"floor":43.0,"key":"Centennial Puzzle"}],"event_choices":[{"damage_healed":0.0,"max_hp_gain":0.0,"max_hp_loss":5.0,"gold_gain":0.0,"event_name":"Golden Idol","player_choice":"Lose Max HP","floor":2.0,"gold_loss":0.0,"damage_taken":0.0,"relics_obtained":["Golden Idol"]},{"cards_removed":["Strike_P"],"damage_healed":0.0,"max_hp_gain":0.0,"max_hp_loss":0.0,"gold_gain":0.0,"event_name":"Golden Wing","player_choice":"Card Removal","floor":4.0,"gold_loss":0.0,"damage_taken":7.0},{"damage_healed":0.0,"max_hp_gain":0.0,"max_hp_loss":0.0,"gold_gain":75.0,"event_name":"FaceTrader","player_choice":"Touch","floor":5.0,"gold_loss":0.0,"damage_taken":6.0},{"damage_healed":0.0,"max_hp_gain":0.0,"max_hp_loss":0.0,"gold_gain":0.0,"event_name":"Mushrooms","player_choice":"Fought Mushrooms","floor":10.0,"gold_loss":0.0,"damage_taken":0.0},{"damage_healed":0.0,"max_hp_gain":0.0,"max_hp_loss":0.0,"gold_gain":0.0,"event_name":"WeMeetAgain","player_choice":"Gave Potion","floor":11.0,"gold_loss":0.0,"damage_taken":0.0,"relics_obtained":["Meat on the Bone"]},{"damage_healed":0.0,"max_hp_gain":0.0,"max_hp_loss":0.0,"gold_gain":0.0,"event_name":"Mysterious Sphere","player_choice":"Fight","floor":36.0,"gold_loss":0.0,"damage_taken":0.0},{"cards_removed":["FollowUp"],"damage_healed":0.0,"max_hp_gain":0.0,"max_hp_loss":0.0,"gold_gain":0.0,"event_name":"Falling","player_choice":"Removed Attack","floor":38.0,"gold_loss":0.0,"damage_taken":0.0},{"damage_healed":0.0,"max_hp_gain":0.0,"max_hp_loss":4.0,"gold_gain":0.0,"event_name":"Winding Halls","player_choice":"Max HP","floor":44.0,"gold_loss":0.0,"damage_taken":0.0},{"damage_healed":0.0,"max_hp_gain":0.0,"max_hp_loss":0.0,"gold_gain":0.0,"event_name":"Accursed Blacksmith","player_choice":"Forge","floor":45.0,"gold_loss":0.0,"damage_taken":0.0,"cards_upgraded":["Adaptation"]}],"is_beta":false,"boss_relics":[{"not_picked":["Calling Bell","Velvet Choker"],"picked":"Tiny House"},{"not_picked":["Philosopher\u0027s Stone","Coffee Dripper"],"picked":"Fusion Hammer"}],"items_purged_floors":[27,31,39,46],"is_endless":false,"potions_floor_spawned":[1,10,13,18,19,21,28,30,36,37,47,48],"ascension_level":1}}