{"host":"4rvakrj1idbgia3f","time":1612770544,"event":{"mods":["BaseMod","Colored Map","Colored Powertips","DeckTracker","Highlight Path","Minty Spire (QoL Compilation)","Random Character Button","StSLib"],"gold_per_floor":[363,363,45,45,58,58,73,98,98,118,118,135,147,181,181,258,258,275,275,290,290,51,51,77,77,77,111,124,124,135,235,235,309,309,328,348,348,362,375,375,375],"floor_reached":40,"language":"JPN","playtime":2898,"items_purged":["Strike_R"],"score":876,"play_id":"e72b6b33-2ee4-4c2b-9219-73ea1f2a1c9d","local_time":"20210208164904","is_ascension_mode":true,"campfire_choices":[{"data":"Immolate","floor":6.0,"key":"SMITH"},{"data":"True Grit","floor":11.0,"key":"SMITH"},{"data":"Evolve","floor":15.0,"key":"SMITH"},{"data":"Whirlwind","floor":23.0,"key":"SMITH"},{"data":"Double Tap","floor":25.0,"key":"SMITH"},{"floor":29.0,"key":"REST"},{"data":"Feel No Pain","floor":32,"key":"SMITH"}],"circlet_count":0,"master_deck":["AscendersBane","Bash","Pommel Strike","Immolate+1","Metallicize","Impervious","Shrug It Off","Evolve+1","Sever Soul","True Grit+1","Whirlwind+1","Fiend Fire","Rage+1","Battle Trance","Double Tap+1","Intimidate","Dark Embrace+1","Sentinel","Feel No Pain+1","Barricade","Ghostly Armor","Armaments","Dark Embrace","Feel No Pain","Sword Boomerang","Thunderclap","Juggernaut","Havoc+1"],"relics":["Burning Blood","OrangePellets","HornCleat","Shuriken","Boot","Philosopher\u0027s Stone","Orrery","Dream Catcher","Pear","Oddly Smooth Stone","Incense Burner","Gremlin Horn","Pandora\u0027s Box"],"acts_visited":["Exordium","TheCity","TheBeyond"],"potions_floor_usage":[33,33],"damage_taken":[{"damage":14.0,"enemies":"2 Louse","floor":1.0,"turns":3.0},{"damage":0.0,"enemies":"Jaw Worm","floor":5.0,"turns":4.0},{"damage":0.0,"enemies":"Cultist","floor":7.0,"turns":3.0},{"damage":8.0,"enemies":"Gremlin Nob","floor":8.0,"turns":3.0},{"damage":3.0,"enemies":"3 Louse","floor":10.0,"turns":4.0},{"damage":3.0,"enemies":"Looter","floor":12.0,"turns":3.0},{"damage":1.0,"enemies":"Exordium Thugs","floor":13.0,"turns":3.0},{"damage":1.0,"enemies":"3 Sentries","floor":14.0,"turns":3.0},{"damage":52.0,"enemies":"Slime Boss","floor":16.0,"turns":7.0},{"damage":4.0,"enemies":"3 Byrds","floor":18.0,"turns":4.0},{"damage":12.0,"enemies":"Spheric Guardian","floor":20.0,"turns":5.0},{"damage":18.0,"enemies":"Book of Stabbing","floor":24.0,"turns":5.0},{"damage":17.0,"enemies":"Gremlin Leader","floor":27.0,"turns":4.0},{"damage":24.0,"enemies":"Centurion and Healer","floor":28.0,"turns":10.0},{"damage":0,"enemies":"Snecko","floor":30,"turns":4},{"damage":4,"enemies":"Colosseum Slavers","floor":31,"turns":3},{"damage":11,"enemies":"Colosseum Nobs","floor":31,"turns":4},{"damage":55,"enemies":"Automaton","floor":33,"turns":12},{"damage":0,"enemies":"Orb Walker","floor":35,"turns":5},{"damage":20,"enemies":"3 Shapes","floor":36,"turns":5},{"damage":4,"enemies":"Maw","floor":38,"turns":8},{"damage":9,"enemies":"Spire Growth","floor":39,"turns":8},{"damage":139,"enemies":"Giant Head","floor":40,"turns":13}],"seed_played":"-2219029361040042645","potions_obtained":[{"floor":5.0,"key":"BlessingOfTheForge"},{"floor":7.0,"key":"LiquidMemories"},{"floor":10.0,"key":"AttackPotion"},{"floor":14.0,"key":"DuplicationPotion"},{"floor":16.0,"key":"HeartOfIron"},{"floor":30,"key":"HeartOfIron"},{"floor":36,"key":"SpeedPotion"},{"floor":39,"key":"FairyPotion"}],"is_trial":false,"path_per_floor":["M","?","$","?","M","R","M","E","T","M","R","M","M","E","R","B",null,"M","?","M","?","$","R","E","R","T","E","M","R","M","?","R","B",null,"M","M","?","M","M","E"],"character_chosen":"IRONCLAD","items_purchased":["Immolate","OrangePellets","Orrery"],"campfire_rested":1,"item_purchase_floors":[3,3,22],"current_hp_per_floor":[60,60,60,60,66,66,72,70,70,73,73,75,75,75,75,29,64,66,66,60,60,60,60,48,48,58,47,29,54,60,57,57,8,66,72,58,58,60,57,0,0],"gold":375,"neow_bonus":"TWO_FIFTY_GOLD","is_daily":false,"chose_seed":false,"campfire_upgraded":6,"win_rate":0.0,"timestamp":1612770544,"path_taken":["M","?","$","?","M","R","M","E","T","?","R","M","M","E","R","BOSS","M","?","M","?","$","R","E","R","T","E","M","R","?","?","R","BOSS","M","M","?","M","M","E"],"items_purchased_type":["Card","Relic","Relic"],"build_version":"2020-12-22","purchased_purges":1,"victory":false,"max_hp_per_floor":[75,75,75,75,75,75,75,75,75,75,75,75,75,75,75,75,75,75,75,75,75,75,75,75,75,85,85,85,85,85,85,85,85,85,85,85,85,85,85,85,85],"card_choices":[{"not_picked":["Shrug It Off","Warcry"],"picked":"Pommel Strike","floor":1.0},{"not_picked":["Anger","Headbutt"],"picked":"Shrug It Off","floor":5.0},{"not_picked":["Pommel Strike","Rage"],"picked":"Evolve","floor":7.0},{"not_picked":["Cleave","Juggernaut"],"picked":"Sever Soul","floor":8.0},{"not_picked":["Intimidate","Pommel Strike"],"picked":"True Grit","floor":10.0},{"not_picked":["Blood for Blood","Headbutt","Clothesline"],"picked":"SKIP","floor":12.0},{"not_picked":["Rage","Flex","Pommel Strike"],"picked":"SKIP","floor":13.0},{"not_picked":["Flame Barrier","Double Tap"],"picked":"Whirlwind","floor":14.0},{"not_picked":["Reaper","Berserk"],"picked":"Fiend Fire","floor":16.0},{"not_picked":["Armaments","Havoc"],"picked":"Rage+1","floor":18.0},{"not_picked":["Iron Wave","Rupture+1","Combust"],"picked":"SKIP","floor":20.0},{"not_picked":["Rage","Havoc+1"],"picked":"Battle Trance","floor":22.0},{"not_picked":["Flex","Sever Soul"],"picked":"Double Tap","floor":22.0},{"not_picked":["Armaments","Whirlwind"],"picked":"Intimidate","floor":22.0},{"not_picked":["Clothesline","Headbutt","Clash+1"],"picked":"SKIP","floor":24.0},{"not_picked":["Searing Blow","Bloodletting"],"picked":"Dark Embrace+1","floor":27.0},{"not_picked":["Sword Boomerang","Clash"],"picked":"Sentinel","floor":28.0},{"not_picked":["Warcry","Twin Strike","Perfected Strike"],"picked":"SKIP","floor":30},{"not_picked":["Flame Barrier","Bludgeon"],"picked":"Feel No Pain","floor":31},{"not_picked":["Juggernaut","Demon Form"],"picked":"Barricade","floor":33},{"not_picked":["Flex+1","Iron Wave","Thunderclap+1"],"picked":"SKIP","floor":35},{"not_picked":["Flame Barrier","Perfected Strike+1"],"picked":"Juggernaut","floor":36},{"not_picked":["Iron Wave","Dark Embrace","Combust"],"picked":"SKIP","floor":38},{"not_picked":["Anger","Wild Strike"],"picked":"Havoc+1","floor":39}],"player_experience":2232093,"relics_obtained":[{"floor":8.0,"key":"HornCleat"},{"floor":9.0,"key":"Shuriken"},{"floor":14.0,"key":"Boot"},{"floor":24.0,"key":"Dream Catcher"},{"floor":26.0,"key":"Pear"},{"floor":27.0,"key":"Oddly Smooth Stone"},{"floor":31,"key":"Incense Burner"},{"floor":31,"key":"Gremlin Horn"}],"event_choices":[{"cards_removed":["Normality"],"damage_healed":0.0,"max_hp_gain":0.0,"max_hp_loss":0.0,"gold_gain":0.0,"event_name":"Living Wall","player_choice":"Forget","floor":2.0,"gold_loss":0.0,"damage_taken":0.0},{"damage_healed":0.0,"max_hp_gain":0.0,"max_hp_loss":0.0,"gold_gain":0.0,"event_name":"Match and Keep!","player_choice":"2 cards matched","floor":4.0,"gold_loss":0.0,"damage_taken":0.0,"cards_obtained":["Metallicize","Impervious"]},{"damage_healed":0.0,"max_hp_gain":0.0,"max_hp_loss":0.0,"gold_gain":0.0,"event_name":"The Mausoleum","player_choice":"Ignored","floor":19.0,"gold_loss":0.0,"damage_taken":0.0},{"cards_removed":["Strike_R"],"damage_healed":0.0,"max_hp_gain":0.0,"max_hp_loss":0.0,"gold_gain":0.0,"event_name":"Purifier","player_choice":"Purged","floor":21.0,"gold_loss":0.0,"damage_taken":0.0},{"damage_healed":0,"gold_gain":0,"player_choice":"Fight","damage_taken":0,"max_hp_gain":0,"max_hp_loss":0,"event_name":"Colosseum","floor":31,"gold_loss":0},{"damage_healed":0,"gold_gain":0,"player_choice":"Fought Nobs","damage_taken":0,"max_hp_gain":0,"max_hp_loss":0,"event_name":"Colosseum","floor":31,"gold_loss":0},{"cards_removed":["Heavy Blade"],"damage_healed":0,"gold_gain":0,"player_choice":"Card Removal","damage_taken":0,"max_hp_gain":0,"max_hp_loss":0,"event_name":"Wheel of Change","floor":37,"gold_loss":0}],"is_beta":false,"boss_relics":[{"not_picked":["SlaversCollar","Fusion Hammer"],"picked":"Philosopher\u0027s Stone"},{"not_picked":["Sozu","Black Star"],"picked":"Pandora\u0027s Box"}],"items_purged_floors":[22],"is_endless":false,"potions_floor_spawned":[5,7,10,12,14,16,20,30,31,36,39],"killed_by":"Giant Head","ascension_level":20}}