{"host":"h0xw20cia6ppa69g","time":1612771796,"event":{"mods":["AchievementEnabler","BaseMod","Colored Map","Filter the Spire","Googly Eyes","Minty Spire (QoL Compilation)","Relic Stats","StSLib","The Awakened One except there are too many feathers","everything is the same but u backflip on backflip"],"gold_per_floor":[112,131,150,150,150,180,180,180,257,297,313,313,348,125,125,237,309,332,332,431,346,36,80,80,122,145,145,51,71,56,90,90,201,201,218,245,299,299,299,336,367,406,418,430,482,494,506,552,564,576,588,600,57,98,98],"floor_reached":56,"language":"ENG","playtime":4188,"items_purged":["Strike_R"],"score":1455,"play_id":"f28983c8-23ae-4a13-9062-c74f30951348","local_time":"20210208020956","is_ascension_mode":true,"campfire_choices":[{"data":"Feed","floor":8,"key":"SMITH"},{"data":"Whirlwind","floor":12,"key":"SMITH"},{"data":"Berserk","floor":15,"key":"SMITH"},{"data":"Dual Wield","floor":24,"key":"SMITH"},{"floor":32,"key":"REST"},{"floor":46,"key":"RECALL"},{"data":"Entrench","floor":49,"key":"SMITH"},{"data":"Dark Embrace","floor":52,"key":"SMITH"}],"circlet_count":0,"master_deck":["Bash","Feed+1","Wild Strike+1","Whirlwind+1","Berserk+1","Shrug It Off","Headbutt","Offering","Sword Boomerang","Pummel+1","Disarm","Demon Form","Burning Pact","Impervious","Ghostly Armor","Corruption","Dual Wield+1","Barricade","True Grit+1","Entrench+1","Dark Embrace+1","Thunderclap","Power Through","Double Tap","True Grit+1","Entrench+1","Pommel Strike+1","Evolve","Dark Embrace+1","Dual Wield+1","Inflame+1"],"relics":["Burning Blood","Magic Flower","Turnip","Torii","Bottled Flame","CeramicFish","Mummified Hand","Chemical X","Pandora\u0027s Box","Self Forming Clay","Paper Frog","Anchor","Whetstone","Art of War","Nilry\u0027s Codex","Mango","Black Star","Bird Faced Urn","InkBottle","MawBank","Ice Cream","Toy Ornithopter","Oddly Smooth Stone","Dream Catcher","PreservedInsect","HandDrill","Pen Nib","HornCleat","Pocketwatch","Nunchaku"],"acts_visited":["Exordium","TheCity","TheBeyond","TheEnding"],"potions_floor_usage":[6,16,31,37,55,55],"damage_taken":[{"damage":3,"enemies":"2 Louse","floor":1,"turns":3},{"damage":9,"enemies":"Jaw Worm","floor":2,"turns":5},{"damage":0,"enemies":"Small Slimes","floor":3,"turns":3},{"damage":50,"enemies":"Lagavulin","floor":6,"turns":9},{"damage":21,"enemies":"3 Sentries","floor":10,"turns":6},{"damage":3,"enemies":"Exordium Wildlife","floor":11,"turns":4},{"damage":35,"enemies":"Gremlin Nob","floor":13,"turns":5},{"damage":11,"enemies":"Slime Boss","floor":16,"turns":7},{"damage":6,"enemies":"Spheric Guardian","floor":18,"turns":3},{"damage":8,"enemies":"Book of Stabbing","floor":23,"turns":5},{"damage":84,"enemies":"Slavers","floor":25,"turns":8},{"damage":16,"enemies":"2 Thieves","floor":29,"turns":3},{"damage":33,"enemies":"Gremlin Leader","floor":31,"turns":7},{"damage":46,"enemies":"Collector","floor":33,"turns":11},{"damage":21,"enemies":"3 Darklings","floor":35,"turns":12},{"damage":0,"enemies":"3 Shapes","floor":36,"turns":1},{"damage":40,"enemies":"2 Orb Walkers","floor":37,"turns":4},{"damage":6,"enemies":"Reptomancer","floor":40,"turns":8},{"damage":36,"enemies":"3 Darklings","floor":41,"turns":17},{"damage":20,"enemies":"Sphere and 2 Shapes","floor":42,"turns":9},{"damage":22,"enemies":"Giant Head","floor":45,"turns":10},{"damage":32,"enemies":"Nemesis","floor":48,"turns":15},{"damage":35,"enemies":"Time Eater","floor":50,"turns":14},{"damage":79,"enemies":"Shield and Spear","floor":54,"turns":20},{"damage":56,"enemies":"The Heart","floor":55,"turns":16}],"seed_played":"1515639735223340729","potions_obtained":[{"floor":2,"key":"SteroidPotion"},{"floor":11,"key":"Explosive Potion"},{"floor":13,"key":"ColorlessPotion"},{"floor":16,"key":"SpeedPotion"},{"floor":29,"key":"SteroidPotion"},{"floor":31,"key":"AttackPotion"},{"floor":33,"key":"FairyPotion"},{"floor":41,"key":"Energy Potion"},{"floor":42,"key":"Ancient Potion"}],"is_trial":false,"path_per_floor":["M","M","M","?","?","E","T","R","T","E","M","R","E","$","R","B",null,"M","$","?","?","$","E","R","E","T","?","$","M","$","E","R","B",null,"M","M","?","T","?","E","M","M","T","?","E","R","?","E","R","B",null,"R","$","E","B",null],"character_chosen":"IRONCLAD","items_purchased":["Chemical X","Dual Wield","Paper Frog","Entrench","Dark Embrace","Thunderclap","HandDrill","Pen Nib","HornCleat"],"campfire_rested":1,"item_purchase_floors":[14,22,22,28,28,30,53,53,53],"current_hp_per_floor":[62,62,71,64,69,33,33,33,33,27,39,39,19,19,19,23,113,117,117,117,117,117,121,121,52,52,36,36,35,35,25,67,36,147,141,150,125,125,125,152,163,167,167,159,163,163,163,167,167,171,171,171,171,175,170],"gold":98,"neow_bonus":"THREE_RARE_CARDS","is_daily":false,"chose_seed":false,"campfire_upgraded":6,"win_rate":0.0,"timestamp":1612771796,"path_taken":["M","M","M","?","?","E","?","R","T","E","M","R","E","$","R","BOSS","M","$","?","?","?","E","R","E","T","?","?","M","?","E","R","BOSS","M","M","?","?","?","E","M","?","T","?","E","R","?","E","R","BOSS","R","$","E","BOSS"],"items_purchased_type":["Relic","Card","Relic","Card","Card","Card","Relic","Relic","Relic"],"build_version":"2020-12-22","purchased_purges":1,"victory":true,"max_hp_per_floor":[83,86,89,89,94,97,97,97,97,101,105,105,109,109,109,113,113,117,117,117,117,117,121,121,125,125,125,125,129,129,143,143,147,147,151,151,155,155,155,159,163,167,167,159,163,163,163,167,167,171,171,171,171,175,179],"relic_stats":{"Torii":69,"counters":[25,205],"Self Forming Clay":[228],"CeramicFish":243,"Magic Flower":[163],"PreservedInsect":68,"Pen Nib":[2],"Whetstone":["Wild Strike","Pummel"],"MawBank":156,"Burning Blood":166,"Dream Catcher":0,"Nunchaku":[2],"Mummified Hand":[160],"Bird Faced Urn":[268],"Pandora\u0027s Box":["Sword Boomerang","Pummel","Disarm","Demon Form","Burning Pact","Impervious","Ghostly Armor","Corruption"],"Turnip":[17],"Art of War":[58],"Black Star":4,"HandDrill":[0],"Chemical X":[40],"obtain_stats":[{"Ice Cream":40,"Torii":7,"Nilry\u0027s Codex":27,"CeramicFish":10,"Magic Flower":4,"Mango":31,"Whetstone":25,"Burning Blood":0,"Dream Catcher":48,"Nunchaku":54,"HornCleat":53,"Mummified Hand":13,"HandDrill":53,"Chemical X":14,"InkBottle":38,"Paper Frog":22,"Self Forming Clay":21,"Oddly Smooth Stone":45,"PreservedInsect":48,"Pen Nib":53,"MawBank":40,"Bottled Flame":9,"Anchor":23,"Bird Faced Urn":37,"Pandora\u0027s Box":17,"Turnip":6,"Art of War":26,"Black Star":34,"Toy Ornithopter":45,"Pocketwatch":54},{"Ice Cream":18,"Torii":4,"Nilry\u0027s Codex":11,"CeramicFish":5,"Magic Flower":3,"Mango":13,"Whetstone":11,"Burning Blood":0,"Dream Catcher":22,"Nunchaku":24,"HornCleat":23,"Mummified Hand":7,"HandDrill":23,"Chemical X":7,"InkBottle":17,"Paper Frog":9,"Self Forming Clay":9,"Oddly Smooth Stone":21,"PreservedInsect":22,"Pen Nib":23,"MawBank":18,"Bottled Flame":4,"Anchor":10,"Bird Faced Urn":17,"Pandora\u0027s Box":8,"Turnip":4,"Art of War":11,"Black Star":14,"Toy Ornithopter":21,"Pocketwatch":24},{"Ice Cream":104,"Torii":20,"Nilry\u0027s Codex":58,"CeramicFish":26,"Magic Flower":11,"Mango":68,"Whetstone":58,"Burning Blood":0,"Dream Catcher":155,"Nunchaku":189,"HornCleat":169,"Mummified Hand":35,"HandDrill":169,"Chemical X":35,"InkBottle":96,"Paper Frog":45,"Self Forming Clay":45,"Oddly Smooth Stone":140,"PreservedInsect":155,"Pen Nib":169,"MawBank":104,"Bottled Flame":20,"Anchor":50,"Bird Faced Urn":96,"Pandora\u0027s Box":42,"Turnip":20,"Art of War":58,"Black Star":79,"Toy Ornithopter":140,"Pocketwatch":189}],"InkBottle":[47],"Toy Ornithopter":0,"Pocketwatch":[18]},"card_choices":[{"not_picked":["Reaper","Immolate"],"picked":"Feed","floor":0},{"not_picked":["Perfected Strike","Infernal Blade"],"picked":"Wild Strike","floor":1},{"not_picked":["Wild Strike","Dark Embrace"],"picked":"Whirlwind","floor":2},{"not_picked":["Infernal Blade","Whirlwind","Cleave"],"picked":"SKIP","floor":3},{"not_picked":["Rage","Perfected Strike"],"picked":"Berserk","floor":6},{"not_picked":["Bloodletting","True Grit"],"picked":"Shrug It Off","floor":10},{"not_picked":["Headbutt","Flex","Searing Blow"],"picked":"SKIP","floor":11},{"not_picked":["Havoc","Clash"],"picked":"Headbutt","floor":13},{"not_picked":["Double Tap","Exhume"],"picked":"Offering","floor":16},{"not_picked":["Clash","Havoc+1"],"picked":"Shrug It Off","floor":18},{"not_picked":["Disarm","Shrug It Off"],"picked":"Barricade","floor":23},{"not_picked":["Wild Strike","Flex"],"picked":"True Grit+1","floor":25},{"not_picked":["Twin Strike","Havoc","Wild Strike+1"],"picked":"SKIP","floor":29},{"not_picked":["Pommel Strike","Havoc"],"picked":"Power Through","floor":31},{"not_picked":["Corruption","Feed"],"picked":"Double Tap","floor":33},{"not_picked":["Flex+1","Power Through","Seeing Red"],"picked":"SKIP","floor":35},{"not_picked":["Anger","Flex"],"picked":"True Grit+1","floor":36},{"not_picked":["Anger","Heavy Blade+1"],"picked":"Entrench+1","floor":37},{"not_picked":["True Grit+1","Headbutt+1"],"picked":"Pommel Strike+1","floor":40},{"not_picked":["Burning Pact","Flex+1","Thunderclap"],"picked":"SKIP","floor":41},{"not_picked":["Infernal Blade","Combust"],"picked":"Evolve","floor":42},{"not_picked":["Wild Strike+1","Clash"],"picked":"Dark Embrace+1","floor":45},{"not_picked":["Rupture+1","Sentinel"],"picked":"Dual Wield+1","floor":48},{"not_picked":["Clash+1","Dark Embrace"],"picked":"Inflame+1","floor":54}],"player_experience":3834183,"relics_obtained":[{"floor":6,"key":"Turnip"},{"floor":7,"key":"Torii"},{"floor":9,"key":"Bottled Flame"},{"floor":10,"key":"CeramicFish"},{"floor":13,"key":"Mummified Hand"},{"floor":23,"key":"Anchor"},{"floor":25,"key":"Whetstone"},{"floor":26,"key":"Art of War"},{"floor":27,"key":"Nilry\u0027s Codex"},{"floor":31,"key":"Mango"},{"floor":37,"key":"Bird Faced Urn"},{"floor":38,"key":"InkBottle"},{"floor":40,"key":"MawBank"},{"floor":40,"key":"Ice Cream"},{"floor":45,"key":"Toy Ornithopter"},{"floor":45,"key":"Oddly Smooth Stone"},{"floor":48,"key":"Dream Catcher"},{"floor":48,"key":"PreservedInsect"},{"floor":54,"key":"Pocketwatch"},{"floor":54,"key":"Nunchaku"}],"event_choices":[{"damage_healed":0,"gold_gain":0,"player_choice":"Success","damage_taken":7,"relics_obtained":["Magic Flower"],"max_hp_gain":0,"max_hp_loss":0,"event_name":"Scrap Ooze","floor":4,"gold_loss":0},{"damage_healed":0,"gold_gain":0,"player_choice":"Donut","damage_taken":0,"max_hp_gain":5,"max_hp_loss":0,"event_name":"Big Fish","floor":5,"gold_loss":0},{"damage_healed":0,"gold_gain":99,"player_choice":"Stole From Cult","damage_taken":0,"max_hp_gain":0,"max_hp_loss":0,"event_name":"Nest","floor":20,"gold_loss":0},{"damage_healed":0,"gold_gain":0,"player_choice":"Obtained Relic","damage_taken":0,"relics_obtained":["Self Forming Clay"],"max_hp_gain":0,"max_hp_loss":0,"event_name":"Addict","floor":21,"gold_loss":85},{"damage_healed":0,"gold_gain":0,"player_choice":"Obtained Book","damage_taken":16,"max_hp_gain":0,"max_hp_loss":0,"event_name":"Cursed Tome","floor":27,"gold_loss":0},{"damage_healed":0,"gold_gain":0,"player_choice":"Fight","damage_taken":0,"max_hp_gain":0,"max_hp_loss":0,"event_name":"Mysterious Sphere","floor":37,"gold_loss":0},{"damage_healed":0,"gold_gain":0,"player_choice":"Ignored","damage_taken":0,"max_hp_gain":0,"max_hp_loss":0,"event_name":"Tomb of Lord Red Mask","floor":39,"gold_loss":0},{"damage_healed":0,"gold_gain":0,"player_choice":"Max HP","damage_taken":0,"max_hp_gain":0,"max_hp_loss":8,"event_name":"Winding Halls","floor":44,"gold_loss":0},{"cards_removed":["Shrug It Off"],"damage_healed":0,"gold_gain":0,"player_choice":"Removed Skill","damage_taken":0,"max_hp_gain":0,"max_hp_loss":0,"event_name":"Falling","floor":47,"gold_loss":0}],"is_beta":false,"boss_relics":[{"not_picked":["Cursed Key","Black Blood"],"picked":"Pandora\u0027s Box"},{"not_picked":["Busted Crown","Velvet Choker"],"picked":"Black Star"}],"items_purged_floors":[14],"is_endless":false,"potions_floor_spawned":[2,11,13,16,29,31,33,36,41,42,48,54],"ascension_level":1}}