{"host":"7vlopc64487frs6y","time":1612799103,"event":{"mods":["Aspiration","BaseMod","BetterRewards","Colored Map","Decade(Õı–°√˜)","Downfall","Good Game Mod","Highlight Path","Minty Spire (QoL Compilation)","Quick Restart","Reimu£®≤©¿ˆ¡È√Œ£©","Remilia£®¿Ÿ√◊¿Ú—«£©","Replay The Spire","Shop Mod","StSLib","TestMod","Unceasing Turn Reminder","Youmu£®ªÍ∆«—˝√Œ£©"],"gold_per_floor":[99,99,99,199,199,199,199,214,214,233,243,243,268,282,267,301,311,416,416,416,436,436,455,473,273,319,333,161,171,187,202,202,212,226,226,226,226],"floor_reached":35,"language":"ZHS","playtime":2450,"items_purged":["Slimebound:Strike_Slimebound"],"score":263,"play_id":"d7da82eb-7f6d-4b8c-be48-29e2f7a77b80","local_time":"20210208234503","is_ascension_mode":false,"campfire_choices":[{"data":"Slimebound:Split","floor":20,"key":"SMITH"},{"data":"Slimebound:MassRepurpose","floor":25,"key":"SMITH"},{"data":"Slimebound:Grow","floor":32,"key":"SMITH"}],"circlet_count":0,"master_deck":["Slimebound:Strike_Slimebound","Slimebound:Tackle","Slimebound:Defend_Slimebound","Slimebound:Defend_Slimebound","Slimebound:Defend_Slimebound","Slimebound:Split+1","Slimebound:CorrosiveSpit","Fire Breathing","Slimebound:SplitLeeching","Slimebound:Replication","Slimebound:RainOfGoop","Slimebound:Schlurp","Slimebound:MassRepurpose+1","Slimebound:OozeBath","Slimebound:Dissolve","Slimebound:SplitMire","Slimebound:MassRepurpose","Slimebound:SamplingLick+1","Slimebound:MinionMaster","Slimebound:Grow+1","Slimebound:PressTheAttack","Slimebound:SplitAcid+1","Slimebound:LeechingTouch","Slimebound:Gluttony"],"relics":["Slimebound:AbsorbEndCombat","testmod-TestBox","REME:ComplimentaryCards","testmod-BatchProcessingSystem","downfall:HeartsMalice","downfall:ShatteredFragment","ReplayTheSpireMod:Shallot","ReplayTheSpireMod:TigerMarble","aspiration:FutureDiary","downfall:HeartBlessingGreen","downfall:HeartBlessingBlue","MealTicket"],"acts_visited":["Exordium","TheCity"],"potions_floor_usage":[],"damage_taken":[{"damage":0.0,"enemies":"Small Slimes","floor":2.0,"turns":1.0},{"damage":0.0,"enemies":"2 Louse","floor":3.0,"turns":1.0},{"damage":0.0,"enemies":"Jaw Worm","floor":5.0,"turns":1.0},{"damage":11.0,"enemies":"Lots of Slimes","floor":8.0,"turns":3.0},{"damage":0.0,"enemies":"Blue Slaver","floor":10.0,"turns":3.0},{"damage":2.0,"enemies":"Red Slaver","floor":11.0,"turns":3.0},{"damage":5.0,"enemies":"Exordium Thugs","floor":14.0,"turns":4.0},{"damage":0.0,"enemies":"downfall:FleeingMerchant","floor":15.0,"turns":4.0},{"damage":8,"enemies":"Lagavulin","floor":16,"turns":5},{"damage":9,"enemies":"2 Fungi Beasts","floor":17,"turns":2},{"damage":1,"enemies":"SI_SHIV_ARCHETYPE","floor":18,"turns":8},{"damage":3,"enemies":"Shell Parasite","floor":21,"turns":3},{"damage":12,"enemies":"3 Byrds","floor":23,"turns":5},{"damage":12,"enemies":"Sentry and Sphere","floor":24,"turns":4},{"damage":0,"enemies":"Chosen and Byrds","floor":27,"turns":4},{"damage":0,"enemies":"downfall:FleeingMerchant","floor":28,"turns":4},{"damage":13,"enemies":"Cultist and Chosen","floor":29,"turns":4},{"damage":4,"enemies":"Snecko","floor":30,"turns":4},{"damage":0,"enemies":"Centurion and Healer","floor":31,"turns":5},{"damage":7,"enemies":"Snake Plant","floor":33,"turns":3},{"damage":1,"enemies":"Cultist and Chosen","floor":34,"turns":4},{"damage":0,"enemies":"DF_ARCHETYPE_CLAW","floor":35,"turns":1}],"seed_played":"8076164252040017938","potions_obtained":[{"floor":8.0,"key":"LiquidBronze"},{"floor":10.0,"key":"SkillPotion"},{"floor":11.0,"key":"Block Potion"}],"is_trial":false,"path_per_floor":["R_BF","M","M","?","M","PTL","PTL","M","T","M","M","?","T","M","$","E","M","B",null,"R","M","?","M","M","R","T","M","$","M","M","M","R","M","M","B"],"character_chosen":"SLIMEBOUND","items_purchased":["Slimebound:Grow"],"campfire_rested":0,"item_purchase_floors":[28],"current_hp_per_floor":[47,47,47,47,47,47,47,38,38,40,42,42,42,41,45,43,38,45,65,65,64,56,52,48,58,58,64,75,66,68,75,75,70,75,75,75,75],"gold":226,"neow_bonus":"THREE_ENEMY_KILL","is_daily":false,"chose_seed":false,"campfire_upgraded":3,"win_rate":0.0,"timestamp":1612799103,"path_taken":["R_BF","M","M","?","?","PTL","PTL","M","T","M","?","?","?","M","?","E","M","BOSS","R","M","?","M","M","R","T","M","$","M","M","?","R","M","M","BOSS"],"items_purchased_type":["Card"],"build_version":"2020-12-22","purchased_purges":1,"victory":false,"max_hp_per_floor":[65,65,65,65,65,65,65,65,65,65,65,65,65,65,65,65,65,65,65,65,65,65,65,65,75,75,75,75,75,75,75,75,75,75,75,75,75],"card_choices":[{"not_picked":["Slimebound:ForwardTackle","Slimebound:PressTheAttack"],"picked":"Slimebound:SplitLeeching","floor":2.0},{"not_picked":["Slimebound:SplitBruiser","Slimebound:SplitAcid"],"picked":"Slimebound:Replication","floor":3.0},{"not_picked":["Slimebound:Chomp","Slimebound:SplitAcid","Slimebound:FlameTackle"],"picked":"SKIP","floor":5.0},{"not_picked":["Slimebound:SplitLeeching","Slimebound:TongueLash","Slimebound:GoopTackle"],"picked":"SKIP","floor":8.0},{"not_picked":["Slimebound:FinishingTackle","Slimebound:MassFeed"],"picked":"Slimebound:RainOfGoop","floor":10.0},{"not_picked":["Slimebound:SplitLeeching","Slimebound:SlimeSpikes","Slimebound:LivingWall"],"picked":"SKIP","floor":11.0},{"not_picked":["Slimebound:DisruptingSlam","Slimebound:Prepare","Slimebound:SplitLeeching"],"picked":"SKIP","floor":14.0},{"not_picked":["Slimebound:DisruptingSlam","Slimebound:HauntingLick","Slimebound:ViciousTackle"],"picked":"SKIP","floor":15},{"not_picked":["Slimebound:Replication","Slimebound:RollThrough"],"picked":"Slimebound:Schlurp","floor":16},{"not_picked":["Slimebound:LeechingTouch","Slimebound:SlimeTap"],"picked":"Slimebound:MassRepurpose","floor":17},{"not_picked":["Slimebound:SlimeSlap","Slimebound:LeechLife"],"picked":"Slimebound:OozeBath","floor":18},{"not_picked":["Slimebound:SplitBruiser","Slimebound:FinishingTackle"],"picked":"Slimebound:Dissolve","floor":21},{"not_picked":["Slimebound:ViciousTackle","Slimebound:SplitLeeching"],"picked":"Slimebound:SamplingLick+1","floor":23},{"not_picked":["Slimebound:RollThrough","Slimebound:GoopTackle","Slimebound:LeechingTouch"],"picked":"SKIP","floor":24},{"not_picked":["Slimebound:LivingWall","Slimebound:RainOfGoop+1","Slimebound:SplitMire"],"picked":"SKIP","floor":27},{"not_picked":["Slimebound:SplitLeeching+1","Slimebound:Prepare"],"picked":"Slimebound:MinionMaster","floor":28},{"not_picked":["Slimebound:TongueLash+1","Slimebound:SlimeSpikes"],"picked":"Slimebound:PressTheAttack","floor":29},{"not_picked":["Slimebound:SplitMire","Slimebound:OozeBath"],"picked":"Slimebound:SplitAcid+1","floor":30},{"not_picked":["Slimebound:SplitLeeching","Slimebound:HauntingLick","Slimebound:SlimeBarrage"],"picked":"SKIP","floor":31},{"not_picked":["Slimebound:SplitAcid","Slimebound:RainOfGoop+1"],"picked":"Slimebound:LeechingTouch","floor":33},{"not_picked":["Slimebound:GoopTackle+1","Slimebound:GrowthPunch+1"],"picked":"Slimebound:Gluttony","floor":34}],"player_experience":711451,"relics_obtained":[{"floor":9.0,"key":"ReplayTheSpireMod:Shallot"},{"floor":16,"key":"ReplayTheSpireMod:TigerMarble"},{"floor":26,"key":"MealTicket"}],"event_choices":[],"is_beta":false,"boss_relics":[{"not_picked":["ReplayTheSpireMod:DimensionalGlitch","Empty Cage"],"picked":"aspiration:FutureDiary"}],"items_purged_floors":[28],"is_endless":false,"potions_floor_spawned":[8,10,11,14,18,23,24,29,33,34],"killed_by":"DF_ARCHETYPE_CLAW","ascension_level":0}}