{"host":"ze754j8gfb8asmsl","time":1612770757,"event":{"mods":["Act Like it!","BaseMod","Downfall","Gensokyo","Lobotomy","LobotomyExtend","Marisa£¨ìFÓê¡¡Ä§ÀíÉ³£©","Minty Spire (QoL Compilation)","Quick Restart","Relic Stats","Replay The Spire","RumiaBox-Â¶Ã×æ«µÄÉñÃØºÐ×Ó","Shop Mod","StSLib","Youmu£¨»êÆÇÑýÃÎ£©","¡¾¹¦ÄÜMod¡¿»ìãçÖ®»·ÐÞ¸´²¹¶¡","¡¾ÒÅÎï¿¨ÅÆ¡¿REMEMod"],"gold_per_floor":[114,127,52,71,71,104,104,4,4,35,35,52,83,83,83,161,161,161,161],"floor_reached":18,"language":"ZHS","playtime":1581,"items_purged":["ReplayTheSpireMod:Splinters","downfall:Haunted"],"score":321,"play_id":"5f083b62-7d1a-4771-9d60-d6d106b4c0f2","local_time":"20210208155237","is_ascension_mode":true,"campfire_choices":[{"data":"Mayhem","floor":7.0,"key":"SMITH"},{"floor":11.0,"key":"REST"},{"floor":15.0,"key":"REST"}],"circlet_count":0,"master_deck":["AscendersBane","Strike_MRS","Strike_MRS","Strike_MRS","Strike_MRS","Defend_MRS+1","Defend_MRS","Defend_MRS","Defend_MRS","MasterSpark","UpSweep","Mayhem+1","DoubleSpark","PowerUp+1","Parasite","UnstableBomb","Orbital","GalacticHalo","TreasureHunter","CasketOfStar"],"relics":["MiniHakkero","REME_ComplimentaryCards","Black Star","Baka","Darkstone Periapt","ReplayTheSpireMod:Shallot","StoneCalendar","War Paint","Meat on the Bone","Blue Doll","Replay:Mystery Machine","Bag of Preparation","Cursed Key"],"acts_visited":["Gensokyo:Gensokyo","Gensokyo:Gensokyoer"],"potions_floor_usage":[],"damage_taken":[{"damage":16.0,"enemies":"Gensokyo:Gryphon","floor":1.0,"turns":3.0},{"damage":11.0,"enemies":"Gensokyo:2_Kodama","floor":2.0,"turns":3.0},{"damage":3.0,"enemies":"Gensokyo:3_Fairies","floor":4.0,"turns":3.0},{"damage":18.0,"enemies":"Gensokyo:Cirno","floor":6.0,"turns":6.0},{"damage":10.0,"enemies":"Gensokyo:Aya","floor":10.0,"turns":6.0},{"damage":27.0,"enemies":"Gensokyo:Kitsune","floor":12.0,"turns":3.0},{"damage":24.0,"enemies":"Gensokyo:Cirno","floor":13.0,"turns":7.0},{"damage":14.0,"enemies":"Gensokyo:Reimu","floor":16.0,"turns":8.0},{"damage":0,"enemies":"Gensokyo:3_Dogs","floor":18,"turns":1}],"seed_played":"-1323157186787133032","potions_obtained":[{"floor":4.0,"key":"SteroidPotion"},{"floor":6.0,"key":"LifebloodPotion"},{"floor":13.0,"key":"BlessingOfTheForge"}],"is_trial":false,"path_per_floor":["M","M","$","M","?","E","R","$","T","E","R","M","E","?","R","B",null,"M"],"character_chosen":"MARISA","items_purchased":[],"campfire_rested":2,"item_purchase_floors":[],"current_hp_per_floor":[47,36,36,33,56,38,38,38,38,28,55,40,28,28,55,53,83,83,83],"gold":161,"neow_bonus":"CURSED_BOSS_RELIC","is_daily":false,"chose_seed":false,"campfire_upgraded":1,"win_rate":0.0,"timestamp":1612770757,"path_taken":["M","M","$","?","?","E","R","$","T","E","R","M","E","?","R","BOSS","M"],"items_purchased_type":[],"build_version":"2020-12-22","purchased_purges":2,"victory":false,"max_hp_per_floor":[70,70,70,70,93,93,93,93,93,93,93,93,93,93,93,93,93,93,93],"relic_stats":{"Darkstone Periapt":18,"counters":[9,40],"StoneCalendar":[218],"Black Star":3,"Bag of Preparation":[4],"War Paint":["Defend_MRS","PowerUp"],"Cursed Key":0,"obtain_stats":[{"Darkstone Periapt":5,"StoneCalendar":6,"Blue Doll":10,"Baka":1,"Bag of Preparation":13,"War Paint":9,"Replay:Mystery Machine":13,"Cursed Key":17,"ReplayTheSpireMod:Shallot":6,"Black Star":0,"MiniHakkero":0,"REME_ComplimentaryCards":0,"Meat on the Bone":10},{"Darkstone Periapt":3,"StoneCalendar":4,"Blue Doll":5,"Baka":1,"Bag of Preparation":7,"War Paint":4,"Replay:Mystery Machine":7,"Cursed Key":8,"ReplayTheSpireMod:Shallot":4,"Black Star":0,"MiniHakkero":0,"REME_ComplimentaryCards":0,"Meat on the Bone":5},{"Darkstone Periapt":9,"StoneCalendar":15,"Blue Doll":21,"Baka":3,"Bag of Preparation":31,"War Paint":15,"Replay:Mystery Machine":31,"Cursed Key":39,"ReplayTheSpireMod:Shallot":15,"Black Star":0,"MiniHakkero":0,"REME_ComplimentaryCards":0,"Meat on the Bone":21}],"Meat on the Bone":36},"card_choices":[{"not_picked":["IllusionStar","SporeBomb","GasGiant"],"picked":"SKIP","floor":1.0},{"not_picked":["GravityBeat","OpenUniverse"],"picked":"DoubleSpark","floor":2.0},{"not_picked":["ShootingEcho","6A"],"picked":"PowerUp","floor":4.0},{"not_picked":["IllusionStar","EventHorizon","UnstableBomb"],"picked":"SKIP","floor":6.0},{"not_picked":["PowerUp","ManaConvection"],"picked":"UnstableBomb","floor":10.0},{"not_picked":["GrandCross","DragonMeteor"],"picked":"Orbital","floor":12.0},{"not_picked":["DC","RefractionSpark"],"picked":"GalacticHalo","floor":13.0},{"not_picked":["EscapeVelocity","FinalSpark"],"picked":"CasketOfStar","floor":16.0}],"player_experience":165293,"relics_obtained":[{"floor":1.0,"key":"Baka"},{"floor":6.0,"key":"ReplayTheSpireMod:Shallot"},{"floor":6.0,"key":"StoneCalendar"},{"floor":9.0,"key":"War Paint"},{"floor":10.0,"key":"Meat on the Bone"},{"floor":10.0,"key":"Blue Doll"},{"floor":13.0,"key":"Replay:Mystery Machine"},{"floor":13.0,"key":"Bag of Preparation"}],"event_choices":[],"is_beta":false,"boss_relics":[{"not_picked":["REME_DemonsWealth","Astrolabe"],"picked":"Cursed Key"}],"items_purged_floors":[3,8],"is_endless":false,"potions_floor_spawned":[4,6,13],"killed_by":"Gensokyo:3_Dogs","ascension_level":16}}