{"host":"tq99ucv8ezzqzioe","time":1612802237,"event":{"mods":["BaseMod","Colored Map","Downfall","Highlight Path","Minty Spire (QoL Compilation)","StSLib"],"gold_per_floor":[117,117,10,10,29,29,55,55,55,55,71,86,51,71,71,170,170,187,187,202,117,117,117],"floor_reached":22,"language":"ENG","playtime":800,"items_purged":[],"score":258,"play_id":"e51810ea-d521-435f-a47a-12fba7b8952e","local_time":"20210208113717","is_ascension_mode":true,"campfire_choices":[{"floor":6,"key":"RECALL"},{"data":"Noxious Fumes","floor":8,"key":"SMITH"},{"data":"Dodge and Roll","floor":10,"key":"SMITH"},{"data":"Bane","floor":15,"key":"SMITH"}],"circlet_count":0,"master_deck":["Strike_G","Strike_G","Strike_G","Strike_G+1","Defend_G+1","Defend_G","Defend_G","Defend_G","Defend_G","Survivor","Neutralize","Blur","Dodge and Roll+1","Noxious Fumes+1","Cloak And Dagger","Poisoned Stab","Cloak And Dagger","A Thousand Cuts+1","Bane","Bane+1","Envenom+1","Catalyst","Deadly Poison"],"relics":["Ring of the Snake","Frozen Egg 2","Sozu","Incense Burner"],"acts_visited":["Exordium","TheCity"],"potions_floor_usage":[16],"damage_taken":[{"damage":0,"enemies":"Cultist","floor":1,"turns":6},{"damage":0,"enemies":"Small Slimes","floor":5,"turns":4},{"damage":13,"enemies":"3 Sentries","floor":7,"turns":9},{"damage":0,"enemies":"2 Louse","floor":11,"turns":3},{"damage":0,"enemies":"2 Fungi Beasts","floor":12,"turns":4},{"damage":3,"enemies":"Looter","floor":14,"turns":4},{"damage":4,"enemies":"Slime Boss","floor":16,"turns":7},{"damage":9,"enemies":"Shell Parasite","floor":18,"turns":6},{"damage":10,"enemies":"Spheric Guardian","floor":20,"turns":6},{"damage":43,"enemies":"Cultist and Chosen","floor":22,"turns":5}],"seed_played":"-8593200789164294227","potions_obtained":[{"floor":7,"key":"DuplicationPotion"},{"floor":16,"key":"champ:CounterPotion"}],"is_trial":false,"path_per_floor":["M","?","$","?","M","R","E","R","T","R","M","M","?","M","R","B",null,"M","?","M","?","M"],"character_chosen":"THE_SILENT","items_purchased":["Noxious Fumes","Cloak And Dagger"],"campfire_rested":0,"item_purchase_floors":[3,3],"current_hp_per_floor":[63,49,49,70,70,70,57,57,57,57,57,57,70,67,67,63,68,59,46,36,36,0,0],"gold":117,"neow_bonus":"TRANSFORM_CARD","is_daily":false,"chose_seed":false,"campfire_upgraded":3,"win_rate":0.0,"timestamp":1612802237,"path_taken":["M","?","$","?","?","R","E","R","T","R","M","M","?","M","R","BOSS","M","?","M","?","M"],"items_purchased_type":["Card","Card"],"build_version":"2020-12-22","purchased_purges":0,"victory":false,"max_hp_per_floor":[70,70,70,70,70,70,70,70,70,70,70,70,70,70,70,70,70,70,75,75,75,75,75],"card_choices":[{"not_picked":["Dagger Spray","Prepared"],"picked":"Dodge and Roll","floor":1},{"not_picked":["PiercingWail","Dodge and Roll"],"picked":"Poisoned Stab","floor":5},{"not_picked":["Eviscerate","Endless Agony"],"picked":"Cloak And Dagger","floor":7},{"not_picked":["Sucker Punch","Tactician"],"picked":"A Thousand Cuts+1","floor":11},{"not_picked":["Predator","Poisoned Stab"],"picked":"Bane","floor":12},{"not_picked":["Well Laid Plans+1","Reflex"],"picked":"Bane","floor":14},{"not_picked":["After Image+1","Unload"],"picked":"Envenom+1","floor":16},{"not_picked":["Backflip","Flying Knee+1"],"picked":"Catalyst","floor":18},{"not_picked":["Flying Knee","Dagger Spray"],"picked":"Deadly Poison","floor":20}],"player_experience":898205,"relics_obtained":[{"floor":7,"key":"Frozen Egg 2"}],"event_choices":[{"damage_healed":0,"gold_gain":0,"player_choice":"Entered Light","damage_taken":14,"max_hp_gain":0,"max_hp_loss":0,"event_name":"Shining Light","floor":2,"gold_loss":0,"cards_upgraded":["Strike_G","Defend_G"]},{"damage_healed":21,"gold_gain":0,"player_choice":"Full Heal","damage_taken":0,"max_hp_gain":0,"max_hp_loss":0,"event_name":"Wheel of Change","floor":4,"gold_loss":0},{"damage_healed":17,"gold_gain":0,"player_choice":"Healed","damage_taken":0,"max_hp_gain":0,"max_hp_loss":0,"event_name":"The Cleric","floor":13,"gold_loss":35},{"damage_healed":0,"gold_gain":0,"player_choice":"Shed Blood","damage_taken":18,"max_hp_gain":5,"max_hp_loss":0,"event_name":"Forgotten Altar","floor":19,"gold_loss":0},{"damage_healed":0,"gold_gain":0,"player_choice":"Obtained Relic","damage_taken":0,"relics_obtained":["Incense Burner"],"max_hp_gain":0,"max_hp_loss":0,"event_name":"Addict","floor":21,"gold_loss":85}],"is_beta":false,"boss_relics":[{"not_picked":["Philosopher\u0027s Stone","Astrolabe"],"picked":"Sozu"}],"items_purged_floors":[],"is_endless":false,"potions_floor_spawned":[7,16],"killed_by":"Cultist and Chosen","ascension_level":8}}