{"host":"85rg8sallz0lemh6","time":1612770089,"event":{"mods":["BaseMod","Bestiary","Colored Powertips","Highlight Path","Minty Spire (QoL Compilation)","Quick Restart"],"gold_per_floor":[111,130,142,103,123,155,104,35,35,70,85,95,123,136,136,235,235,250,104,104,104,104,120,151,151,151,171,181,181,213,224,224,224,224],"floor_reached":33,"language":"ENG","playtime":918,"items_purged":[],"score":392,"play_id":"9e9f437e-96d9-4848-b9f8-1c2718113995","local_time":"20210208014129","is_ascension_mode":true,"campfire_choices":[{"data":"Consume","floor":15,"key":"SMITH"},{"data":"Defragment","floor":25,"key":"SMITH"},{"data":"Loop","floor":32,"key":"SMITH"}],"circlet_count":0,"master_deck":["Strike_B","Strike_B","Strike_B","Strike_B","Defend_B","Defend_B","Defend_B","Defend_B","Zap","Dualcast","Reinforced Body","Loop+1","Melter","Cold Snap","Electrodynamics","Consume+1","Conserve Battery","Defragment+1","Defragment+1","Doom and Gloom","Static Discharge+1","Ball Lightning"],"relics":["Cracked Core","TungstenRod","Mango","Bird Faced Urn","Bag of Marbles","Omamori","SlaversCollar","Prayer Wheel","Sundial","Kunai"],"acts_visited":["Exordium","TheCity"],"potions_floor_usage":[6,28,33,33],"damage_taken":[{"damage":8,"enemies":"Small Slimes","floor":1,"turns":3},{"damage":1,"enemies":"Cultist","floor":2,"turns":3},{"damage":11,"enemies":"Jaw Worm","floor":3,"turns":4},{"damage":3,"enemies":"2 Fungi Beasts","floor":5,"turns":3},{"damage":0,"enemies":"3 Sentries","floor":6,"turns":11},{"damage":16,"enemies":"Gremlin Nob","floor":10,"turns":4},{"damage":7,"enemies":"Blue Slaver","floor":11,"turns":4},{"damage":5,"enemies":"Lots of Slimes","floor":12,"turns":3},{"damage":8,"enemies":"3 Sentries","floor":13,"turns":5},{"damage":4,"enemies":"Gremlin Gang","floor":14,"turns":4},{"damage":12,"enemies":"Slime Boss","floor":16,"turns":6},{"damage":0,"enemies":"Spheric Guardian","floor":18,"turns":2},{"damage":10,"enemies":"Chosen","floor":23,"turns":5},{"damage":8,"enemies":"Gremlin Leader","floor":24,"turns":5},{"damage":28,"enemies":"3 Cultists","floor":27,"turns":4},{"damage":22,"enemies":"Chosen and Byrds","floor":28,"turns":6},{"damage":24,"enemies":"Slavers","floor":30,"turns":3},{"damage":18,"enemies":"Snake Plant","floor":31,"turns":4},{"damage":44,"enemies":"Collector","floor":33,"turns":7}],"seed_played":"-927297933125629799","potions_obtained":[{"floor":1,"key":"SkillPotion"},{"floor":6,"key":"Block Potion"},{"floor":12,"key":"CultistPotion"},{"floor":13,"key":"FearPotion"},{"floor":28,"key":"Weak Potion"}],"is_trial":false,"path_per_floor":["M","M","M","$","M","E","?","$","T","E","M","M","E","M","R","B",null,"M","$","?","?","$","M","E","R","T","M","M","?","E","M","R","B"],"character_chosen":"DEFECT","items_purchased":["Melter","Electrodynamics","Defragment","Doom and Gloom"],"campfire_rested":0,"item_purchase_floors":[4,8,19,19],"current_hp_per_floor":[74,73,62,62,59,59,73,73,73,59,54,51,47,47,47,39,96,96,96,96,96,96,87,85,85,85,65,51,51,33,23,23,0,0],"gold":224,"neow_bonus":"TEN_PERCENT_HP_BONUS","is_daily":false,"chose_seed":false,"campfire_upgraded":3,"win_rate":0.0,"timestamp":1612770089,"path_taken":["M","M","M","$","M","E","?","?","T","E","M","M","E","M","R","BOSS","M","$","?","?","$","M","E","R","T","M","?","?","E","M","R","BOSS"],"items_purchased_type":["Card","Card","Card","Card"],"build_version":"2020-12-22","purchased_purges":0,"victory":false,"max_hp_per_floor":[82,82,82,82,82,82,96,96,96,96,96,96,96,96,96,96,96,96,96,96,96,96,96,96,96,96,96,96,96,96,96,96,96,96],"card_choices":[{"not_picked":["FTL","Reinforced Body","Redo"],"picked":"SKIP","floor":1},{"not_picked":["Gash","Beam Cell"],"picked":"Reinforced Body","floor":2},{"not_picked":["Reprogram","Self Repair"],"picked":"Loop","floor":3},{"not_picked":["Fusion","Beam Cell","Compile Driver"],"picked":"SKIP","floor":5},{"not_picked":["Conserve Battery","Sweeping Beam"],"picked":"Cold Snap","floor":6},{"not_picked":["Cold Snap","Steam"],"picked":"Consume","floor":10},{"not_picked":["Thunder Strike","Rebound"],"picked":"Conserve Battery","floor":11},{"not_picked":["Lockon","Steam","Fusion"],"picked":"SKIP","floor":12},{"not_picked":["Cold Snap","Machine Learning","Hologram"],"picked":"SKIP","floor":13},{"not_picked":["Chill","Steam Power","Steam"],"picked":"SKIP","floor":14},{"not_picked":["Streamline+1","Turbo"],"picked":"Defragment+1","floor":18},{"not_picked":["Beam Cell+1","Turbo+1","Defragment"],"picked":"SKIP","floor":23},{"not_picked":["Steam Power+1","Barrage","Sunder"],"picked":"SKIP","floor":24},{"not_picked":["Multi-Cast","Stack+1"],"picked":"Static Discharge+1","floor":27},{"not_picked":["Beam Cell","Turbo+1","Go for the Eyes"],"picked":"SKIP","floor":27},{"not_picked":["Rebound+1","Melter+1","Coolheaded"],"picked":"SKIP","floor":28},{"not_picked":["Beam Cell+1","Redo","Consume"],"picked":"SKIP","floor":28},{"not_picked":["Skim+1","Heatsinks+1","Tempest"],"picked":"SKIP","floor":30},{"not_picked":["Fusion","Blizzard"],"picked":"Ball Lightning","floor":31},{"not_picked":["Turbo","Go for the Eyes+1","Consume"],"picked":"SKIP","floor":31}],"player_experience":80603,"relics_obtained":[{"floor":6,"key":"TungstenRod"},{"floor":9,"key":"Bird Faced Urn"},{"floor":10,"key":"Bag of Marbles"},{"floor":13,"key":"Omamori"},{"floor":24,"key":"Prayer Wheel"},{"floor":26,"key":"Sundial"},{"floor":30,"key":"Kunai"}],"event_choices":[{"damage_healed":0,"gold_gain":0,"player_choice":"Paid Gold","damage_taken":0,"relics_obtained":["Mango"],"max_hp_gain":0,"max_hp_loss":0,"event_name":"WeMeetAgain","floor":7,"gold_loss":51},{"damage_healed":0,"gold_gain":0,"player_choice":"Ignored","damage_taken":0,"max_hp_gain":0,"max_hp_loss":0,"event_name":"Ghosts","floor":20,"gold_loss":0},{"damage_healed":0,"gold_gain":0,"player_choice":"Smashed Altar","damage_taken":0,"max_hp_gain":0,"max_hp_loss":0,"event_name":"Forgotten Altar","floor":21,"gold_loss":0,"cards_obtained":["Decay"]},{"damage_healed":0,"gold_gain":0,"player_choice":"Ignored","damage_taken":0,"max_hp_gain":0,"max_hp_loss":0,"event_name":"Vampires","floor":29,"gold_loss":0}],"is_beta":false,"boss_relics":[{"not_picked":["Nuclear Battery","Pandora\u0027s Box"],"picked":"SlaversCollar"}],"items_purged_floors":[],"is_endless":false,"potions_floor_spawned":[1,6,12,13,16,23,27,28,30],"killed_by":"Collector","ascension_level":2}}