{"host":"k7udt7atmcuzf6l0","time":1612789973,"event":{"mods":["AchievementEnabler","BaseMod","BetterRewards","Colored Map","Colored Powertips","Highlight Path","Minty Spire (QoL Compilation)","Quick Restart","Rare Cards Sparkle","Relic Stats","StSLib","UnlockEverythingMod"],"gold_per_floor":[115,290,290,4,4,30,30,44,97,0,0,17,17,32,32,133,133,145,244,278,278,297,297,332,332,332,348,348,367,10,26,26,26,26],"floor_reached":33,"language":"ZHS","playtime":912,"items_purged":[],"score":263,"play_id":"c376a995-ce51-4f5b-99f2-639d9b269186","local_time":"20210208211253","is_ascension_mode":false,"campfire_choices":[{"data":"Dark Embrace","floor":7,"key":"SMITH"},{"data":"Armaments","floor":11,"key":"SMITH"},{"data":"Flex","floor":13,"key":"SMITH"},{"data":"Fiend Fire","floor":15,"key":"SMITH"},{"data":"True Grit","floor":23,"key":"SMITH"},{"data":"Second Wind","floor":25,"key":"SMITH"},{"floor":32,"key":"REST"}],"circlet_count":0,"master_deck":["Strike_R","Strike_R","Strike_R","Strike_R","Strike_R","Defend_R","Defend_R","Defend_R","Defend_R","Bash","Fiend Fire+1","Headbutt","Dark Embrace+1","Second Wind+1","Flex+1","Armaments+1","Panacea","Warcry","Disarm","Brutality","Bloodletting","True Grit+1","Havoc+1","Armaments+1","Clash+1","Fiend Fire","Offering"],"relics":["Burning Blood","Vajra","TungstenRod","PreservedInsect","Philosopher\u0027s Stone","Red Mask","Omamori","Meat on the Bone","Regal Pillow"],"acts_visited":["Exordium","TheCity"],"potions_floor_usage":[12,16,20,24,24,31,33],"damage_taken":[{"damage":6,"enemies":"Jaw Worm","floor":1,"turns":2},{"damage":33,"enemies":"Gremlin Nob","floor":6,"turns":5},{"damage":5,"enemies":"2 Louse","floor":8,"turns":2},{"damage":0,"enemies":"Cultist","floor":12,"turns":2},{"damage":6,"enemies":"Exordium Wildlife","floor":14,"turns":3},{"damage":43,"enemies":"Hexaghost","floor":16,"turns":8},{"damage":25,"enemies":"2 Thieves","floor":18,"turns":4},{"damage":53,"enemies":"Masked Bandits","floor":20,"turns":5},{"damage":14,"enemies":"3 Byrds","floor":22,"turns":5},{"damage":18,"enemies":"Slavers","floor":24,"turns":5},{"damage":28,"enemies":"Snake Plant","floor":27,"turns":6},{"damage":19,"enemies":"Snecko","floor":29,"turns":4},{"damage":24,"enemies":"Shelled Parasite and Fungi","floor":31,"turns":4},{"damage":67,"enemies":"Champ","floor":33,"turns":9}],"seed_played":"4288788578982826375","potions_obtained":[{"floor":1,"key":"BloodPotion"},{"floor":6,"key":"SkillPotion"},{"floor":14,"key":"FearPotion"},{"floor":20,"key":"PowerPotion"},{"floor":22,"key":"Block Potion"},{"floor":31,"key":"BlessingOfTheForge"}],"is_trial":false,"path_per_floor":["M","?","?","$","$","E","R","M","T","$","R","M","R","M","R","B",null,"M","?","?","?","M","R","E","R","T","M","?","M","$","M","R","B"],"character_chosen":"IRONCLAD","items_purchased":["Vajra","Dark Embrace","Second Wind","Panacea","Regal Pillow","Fiend Fire","Explosive Potion"],"campfire_rested":1,"item_purchase_floors":[4,4,4,10,30,30,30],"current_hp_per_floor":[80,80,73,73,73,46,46,47,47,47,47,53,53,53,53,16,80,61,61,30,56,48,48,36,36,36,26,26,25,25,19,58,0,0],"gold":26,"neow_bonus":"ONE_RANDOM_RARE_CARD","is_daily":false,"chose_seed":false,"campfire_upgraded":6,"win_rate":0.0,"timestamp":1612789973,"path_taken":["M","?","?","?","$","E","R","M","T","$","R","M","R","M","R","BOSS","M","?","?","?","M","R","E","R","T","M","?","M","$","M","R","BOSS"],"items_purchased_type":["Relic","Card","Card","Card","Relic","Card","Potion"],"build_version":"2020-12-22","purchased_purges":0,"victory":false,"max_hp_per_floor":[80,80,80,80,80,80,80,80,80,80,80,80,80,80,80,80,80,80,80,80,80,80,80,80,80,80,80,80,80,80,80,80,80,80],"relic_stats":{"Regal Pillow":15,"counters":[14,64],"PreservedInsect":39,"obtain_stats":[{"Regal Pillow":30,"Vajra":4,"Philosopher\u0027s Stone":17,"PreservedInsect":9,"Red Mask":20,"Omamori":24,"Burning Blood":0,"TungstenRod":6,"Meat on the Bone":26},{"Regal Pillow":12,"Vajra":1,"Philosopher\u0027s Stone":6,"PreservedInsect":3,"Red Mask":8,"Omamori":10,"Burning Blood":0,"TungstenRod":2,"Meat on the Bone":10},{"Regal Pillow":51,"Vajra":2,"Philosopher\u0027s Stone":22,"PreservedInsect":9,"Red Mask":31,"Omamori":41,"Burning Blood":0,"TungstenRod":7,"Meat on the Bone":41}],"Burning Blood":78,"TungstenRod":66,"Meat on the Bone":36},"card_choices":[{"not_picked":["Rupture","Blood for Blood"],"picked":"Headbutt","floor":1},{"not_picked":["Wild Strike","Pommel Strike"],"picked":"Flex","floor":6},{"not_picked":["Spot Weakness","Warcry"],"picked":"Armaments","floor":8},{"not_picked":["Dropkick","Uppercut"],"picked":"Warcry","floor":12},{"not_picked":["Twin Strike","Flex"],"picked":"Disarm","floor":14},{"not_picked":["Feed","Limit Break"],"picked":"Brutality","floor":16},{"not_picked":["Searing Blow","Rupture"],"picked":"Bloodletting","floor":18},{"not_picked":["Armaments","Warcry"],"picked":"True Grit","floor":22},{"not_picked":["Fire Breathing","Combust"],"picked":"Havoc+1","floor":24},{"not_picked":["Wild Strike","Thunderclap"],"picked":"Armaments+1","floor":27},{"not_picked":["True Grit","Anger+1"],"picked":"Clash+1","floor":29},{"not_picked":["Combust","Perfected Strike"],"picked":"Offering","floor":31}],"player_experience":72308,"relics_obtained":[{"floor":6,"key":"TungstenRod"},{"floor":9,"key":"PreservedInsect"},{"floor":20,"key":"Red Mask"},{"floor":24,"key":"Omamori"},{"floor":26,"key":"Meat on the Bone"}],"event_choices":[{"damage_healed":0,"gold_gain":175,"player_choice":"AGREE","damage_taken":0,"max_hp_gain":0,"max_hp_loss":0,"event_name":"Liars Game","floor":2,"gold_loss":0,"cards_obtained":["Doubt"]},{"cards_removed":["Doubt"],"damage_healed":0,"gold_gain":0,"player_choice":"Card Removal","damage_taken":7,"max_hp_gain":0,"max_hp_loss":0,"event_name":"Golden Wing","floor":3,"gold_loss":0},{"damage_healed":0,"gold_gain":99,"player_choice":"Stole From Cult","damage_taken":0,"max_hp_gain":0,"max_hp_loss":0,"event_name":"Nest","floor":19,"gold_loss":0},{"damage_healed":0,"gold_gain":0,"player_choice":"Fought Bandits","damage_taken":0,"max_hp_gain":0,"max_hp_loss":0,"event_name":"Masked Bandits","floor":20,"gold_loss":0},{"damage_healed":26,"gold_gain":0,"player_choice":"Heal","damage_taken":0,"max_hp_gain":0,"max_hp_loss":0,"event_name":"The Library","floor":21,"gold_loss":0},{"damage_healed":0,"gold_gain":0,"player_choice":"Ignored","damage_taken":0,"max_hp_gain":0,"max_hp_loss":0,"event_name":"Vampires","floor":28,"gold_loss":0}],"is_beta":false,"boss_relics":[{"not_picked":["Coffee Dripper","Sozu"],"picked":"Philosopher\u0027s Stone"}],"items_purged_floors":[],"is_endless":false,"potions_floor_spawned":[1,6,14,20,22,31],"killed_by":"Champ","ascension_level":0}}