{"host":"clgpak7dimivr1r3","time":1612802738,"event":{"mods":["BaseMod","Colored Map","Colored Powertips","Curses Come First","Minty Spire (QoL Compilation)","Relic Stats","Say the Spire","StSLib"],"gold_per_floor":[117,117,137,155,168,203,220,220,220],"floor_reached":8,"language":"ENG","playtime":235,"items_purged":[],"score":102,"play_id":"4313a0b3-f525-4126-aaea-cc7fb9167869","local_time":"20210208194538","is_ascension_mode":true,"campfire_choices":[],"circlet_count":0,"master_deck":["AscendersBane","Strike_R","Strike_R","Strike_R","Strike_R","Strike_R","Defend_R","Defend_R","Defend_R","Defend_R","Bash","Body Slam+1","Body Slam","Shrug It Off","Body Slam","Pommel Strike"],"relics":["Burning Blood","NeowsBlessing","Ornamental Fan"],"acts_visited":["Exordium"],"potions_floor_usage":[6],"damage_taken":[{"damage":0,"enemies":"Cultist","floor":1,"turns":1},{"damage":0,"enemies":"Small Slimes","floor":3,"turns":2},{"damage":0,"enemies":"Jaw Worm","floor":4,"turns":1},{"damage":18,"enemies":"Red Slaver","floor":5,"turns":3},{"damage":27,"enemies":"Gremlin Nob","floor":6,"turns":4},{"damage":1,"enemies":"Looter","floor":7,"turns":3},{"damage":50,"enemies":"Lagavulin","floor":8,"turns":6}],"seed_played":"-6127238330094470167","potions_obtained":[{"floor":1,"key":"BlessingOfTheForge"},{"floor":3,"key":"LiquidBronze"}],"is_trial":false,"path_per_floor":["M","?","M","M","M","E","M","E"],"character_chosen":"IRONCLAD","items_purchased":[],"campfire_rested":0,"item_purchase_floors":[],"current_hp_per_floor":[74,74,75,75,63,42,47,0,0],"gold":220,"neow_bonus":"THREE_ENEMY_KILL","is_daily":false,"chose_seed":false,"campfire_upgraded":0,"win_rate":0.0,"timestamp":1612802738,"path_taken":["M","?","M","M","M","E","M","E"],"items_purchased_type":[],"build_version":"2020-12-22","purchased_purges":0,"victory":false,"max_hp_per_floor":[75,75,75,75,75,75,75,75,75],"relic_stats":{"counters":[7,20],"Ornamental Fan":[8],"obtain_stats":[{"NeowsBlessing":0,"Ornamental Fan":6,"Burning Blood":0},{"NeowsBlessing":0,"Ornamental Fan":5,"Burning Blood":0},{"NeowsBlessing":0,"Ornamental Fan":11,"Burning Blood":0}],"Burning Blood":25},"card_choices":[{"not_picked":["Sever Soul","Anger"],"picked":"Body Slam","floor":1},{"not_picked":["Clothesline","Twin Strike","Wild Strike"],"picked":"SKIP","floor":3},{"not_picked":["Sword Boomerang","Burning Pact"],"picked":"Body Slam","floor":4},{"not_picked":["Blood for Blood","True Grit"],"picked":"Shrug It Off","floor":5},{"not_picked":["Flex","Intimidate"],"picked":"Body Slam","floor":6},{"not_picked":["Dropkick","Sword Boomerang"],"picked":"Pommel Strike","floor":7}],"player_experience":131072,"relics_obtained":[{"floor":6,"key":"Ornamental Fan"}],"event_choices":[{"damage_healed":0,"gold_gain":0,"player_choice":"Grow","damage_taken":0,"max_hp_gain":0,"max_hp_loss":0,"event_name":"Living Wall","floor":2,"gold_loss":0,"cards_upgraded":["Body Slam"]}],"is_beta":false,"boss_relics":[],"items_purged_floors":[],"is_endless":false,"potions_floor_spawned":[1,3],"killed_by":"Lagavulin","ascension_level":14}}