{"host":"k7udt7atmcuzf6l0","time":1612790935,"event":{"mods":["AchievementEnabler","BaseMod","BetterRewards","Colored Map","Colored Powertips","Highlight Path","Minty Spire (QoL Compilation)","Quick Restart","Rare Cards Sparkle","Relic Stats","StSLib","UnlockEverythingMod"],"gold_per_floor":[112,122,138,8,24,24,40,52,52,87,262,262,262,275,275,399,462,486,486,120,120],"floor_reached":20,"language":"ZHS","playtime":583,"items_purged":["Doubt"],"score":176,"play_id":"447f23dc-af84-4b10-afa6-ccb90c5f6d95","local_time":"20210208212855","is_ascension_mode":false,"campfire_choices":[{"data":"Trip","floor":6.0,"key":"SMITH"},{"floor":13.0,"key":"REST"},{"data":"Noxious Fumes","floor":15.0,"key":"SMITH"}],"circlet_count":0,"master_deck":["Strike_G","Strike_G","Strike_G","Strike_G+1","Strike_G","Defend_G","Defend_G","Defend_G","Defend_G","Defend_G","Survivor","Neutralize","Cloak And Dagger","Blade Dance","Noxious Fumes+1","Infinite Blades","Trip+1","Flying Knee","Cloak And Dagger","Poisoned Stab","Slice","Deadly Poison","Tools of the Trade","Deadly Poison","Blade Dance","Writhe"],"relics":["Ring of the Snake","NeowsBlessing","Gremlin Horn","Dream Catcher","Golden Idol","Tiny House","InkBottle","Prayer Wheel"],"acts_visited":["Exordium","TheCity"],"potions_floor_usage":[18,18],"damage_taken":[{"damage":0.0,"enemies":"Jaw Worm","floor":1.0,"turns":1.0},{"damage":0.0,"enemies":"2 Louse","floor":2.0,"turns":1.0},{"damage":0.0,"enemies":"Small Slimes","floor":3.0,"turns":1.0},{"damage":8.0,"enemies":"Red Slaver","floor":5.0,"turns":3.0},{"damage":9.0,"enemies":"3 Louse","floor":7.0,"turns":4.0},{"damage":13.0,"enemies":"Large Slime","floor":8.0,"turns":7.0},{"damage":4.0,"enemies":"3 Sentries","floor":10.0,"turns":5.0},{"damage":18.0,"enemies":"Exordium Thugs","floor":14.0,"turns":4.0},{"damage":8.0,"enemies":"Hexaghost","floor":16.0,"turns":7.0},{"damage":40,"enemies":"Spheric Guardian","floor":18,"turns":6}],"seed_played":"-3245105975783239660","potions_obtained":[{"floor":1.0,"key":"SteroidPotion"},{"floor":8.0,"key":"SteroidPotion"},{"floor":14.0,"key":"Strength Potion"},{"floor":16.0,"key":"Ancient Potion"},{"floor":17,"key":"PowerPotion"}],"is_trial":false,"path_per_floor":["M","M","M","$","M","R","M","M","T","E","?","?","R","M","R","B",null,"M","?","$"],"character_chosen":"THE_SILENT","items_purchased":["Infinite Blades","Trip","Prayer Wheel"],"campfire_rested":1,"item_purchase_floors":[4,4,20],"current_hp_per_floor":[70,70,70,70,62,62,53,40,40,36,36,36,55,37,37,29,70,30,30,30,30],"gold":120,"neow_bonus":"THREE_ENEMY_KILL","is_daily":false,"chose_seed":false,"campfire_upgraded":2,"win_rate":0.0,"timestamp":1612790935,"path_taken":["M","M","M","$","M","R","M","M","T","E","?","?","R","M","R","BOSS","M","?","$"],"items_purchased_type":["Card","Card","Relic"],"build_version":"2020-12-22","purchased_purges":1,"victory":false,"max_hp_per_floor":[70,70,70,70,70,70,70,70,70,70,70,65,65,65,65,65,70,70,70,70,70],"relic_stats":{"Dream Catcher":1,"Gremlin Horn":[3,3],"counters":[10,39],"Golden Idol":46,"Prayer Wheel":0,"obtain_stats":[{"Dream Catcher":10,"Tiny House":17,"NeowsBlessing":0,"Gremlin Horn":9,"Golden Idol":12,"Prayer Wheel":20,"InkBottle":19,"Ring of the Snake":0},{"Dream Catcher":7,"Tiny House":9,"NeowsBlessing":0,"Gremlin Horn":6,"Golden Idol":7,"Prayer Wheel":10,"InkBottle":10,"Ring of the Snake":0},{"Dream Catcher":22,"Tiny House":33,"NeowsBlessing":0,"Gremlin Horn":17,"Golden Idol":22,"Prayer Wheel":39,"InkBottle":39,"Ring of the Snake":0}],"InkBottle":[0],"Ring of the Snake":[20]},"card_choices":[{"not_picked":["Crippling Poison","Flying Knee"],"picked":"Cloak And Dagger","floor":1.0},{"not_picked":["Reflex","Dagger Spray"],"picked":"Blade Dance","floor":2.0},{"not_picked":["Backflip","Expertise"],"picked":"Noxious Fumes","floor":3.0},{"not_picked":["Masterful Stab","Expertise"],"picked":"Flying Knee","floor":5.0},{"not_picked":["Deflect","Quick Slash"],"picked":"Cloak And Dagger","floor":7.0},{"not_picked":["Sucker Punch","Underhanded Strike"],"picked":"Poisoned Stab","floor":8.0},{"not_picked":["Dagger Spray","Deadly Poison"],"picked":"Slice","floor":10.0},{"not_picked":["Malaise","Reflex"],"picked":"Deadly Poison","floor":14.0},{"not_picked":["Doppelganger","Malaise"],"picked":"Tools of the Trade","floor":16.0},{"not_picked":["Finisher","Heel Hook"],"picked":"Deadly Poison","floor":17},{"not_picked":["Blur","Infinite Blades"],"picked":"Blade Dance","floor":18}],"player_experience":74528,"relics_obtained":[{"floor":9.0,"key":"Gremlin Horn"},{"floor":10.0,"key":"Dream Catcher"}],"event_choices":[{"damage_healed":0.0,"max_hp_gain":0.0,"max_hp_loss":0.0,"gold_gain":175.0,"event_name":"Liars Game","player_choice":"AGREE","floor":11.0,"gold_loss":0.0,"damage_taken":0.0,"cards_obtained":["Doubt"]},{"damage_healed":0.0,"max_hp_gain":0.0,"max_hp_loss":5.0,"gold_gain":0.0,"event_name":"Golden Idol","player_choice":"Lose Max HP","floor":12.0,"gold_loss":0.0,"damage_taken":0.0,"relics_obtained":["Golden Idol"]},{"damage_healed":0,"gold_gain":0,"player_choice":"Opened","damage_taken":0,"relics_obtained":["InkBottle"],"max_hp_gain":0,"max_hp_loss":0,"event_name":"The Mausoleum","floor":19,"gold_loss":0,"cards_obtained":["Writhe"]}],"is_beta":false,"boss_relics":[{"not_picked":["Runic Dome","Pandora\u0027s Box"],"picked":"Tiny House"}],"items_purged_floors":[20],"is_endless":false,"potions_floor_spawned":[1,8,14,16],"ascension_level":0}}