{"host":"qc1sjgtdjonvdsd8","time":1612773902,"event":{"mods":["BaseMod","Colored Map","Colored Powertips","Curses Come First","Downfall","Minty Spire (QoL Compilation)","StSLib"],"gold_per_floor":[99,111,131,142,142,142,194,214,214,230,230,240,240,270,290,385,385,385,385,26,45,45,30,79,111,23,53,65,90,102,144,166,281,293,205,229,254,71,82,128,128,140,140,265,165,90,90,190,203,203,203,233,20,20,20,20],"floor_reached":57,"language":"ENG","playtime":9898,"items_purged":["champ:Strike","champ:Strike","champ:BerserkersShout","champ:Defend"],"score":1242,"play_id":"160e06b8-1198-494a-907b-a22f76fe5603","local_time":"20210208004502","is_ascension_mode":false,"campfire_choices":[{"data":"champ:GladiatorForm","floor":1,"key":"SMITH"},{"data":"champ:CalledShot","floor":13,"key":"SMITH"},{"floor":18,"key":"RECALL"},{"data":"champ:HoldFirm","floor":26,"key":"SMITH"},{"data":"champ:Taunt","floor":28,"key":"SMITH"},{"data":"champ:StanceDance","floor":35,"key":"SMITH"},{"data":"expansioncontent:DashGenerateEvil","floor":45,"key":"SMITH"},{"data":"champ:MurderStrike","floor":47,"key":"SMITH"},{"data":"champ:Duel","floor":54,"key":"SMITH"}],"circlet_count":0,"master_deck":["champ:Defend+1","champ:Defend","champ:Defend","champ:Execute","champ:Taunt+1","champ:GladiatorForm+1","champ:RapidStrikes","champ:GutPunch","champ:Duel+1","champ:StanceDance+1","champ:CalledShot+1","champ:BringItOn","champ:FocusedBerserking+1","champ:AdrenalArmor","champ:HoldFirm+1","champ:IronFortress","champ:Circumvent+1","champ:EnGarde+1","champ:CrownThrow","champ:Circumvent+1","champ:FocusedDefense+1","champ:ShieldWall","champ:Lariat+1","champ:MurderStrike+1","expansioncontent:DashGenerateEvil+1","champ:FocusedDefense+1","champ:Backstep+1","champ:FancyFootwork+1"],"relics":["champ:ChampionCrown","Pen Nib","Oddly Smooth Stone","Eternal Feather","Prayer Wheel","Busted Crown","Membership Card","Toxic Egg 2","MawBank","downfall:HeartBlessingRed","Unceasing Top","Philosopher\u0027s Stone","downfall:HeartBlessingGreen","Mercury Hourglass","Pocketwatch","Centennial Puzzle","Ornamental Fan","DollysMirror","downfall:HeartBlessingBlue","Mummified Hand","War Paint","Bottled Tornado"],"acts_visited":["Exordium","TheCity","TheBeyond","TheEnding"],"potions_floor_usage":[14,21,29,44,44,55,56],"damage_taken":[{"damage":21,"enemies":"Jaw Worm","floor":2,"turns":6},{"damage":12,"enemies":"2 Louse","floor":3,"turns":3},{"damage":15,"enemies":"Small Slimes","floor":4,"turns":4},{"damage":30,"enemies":"Exordium Thugs","floor":8,"turns":4},{"damage":44,"enemies":"Large Slime","floor":10,"turns":5},{"damage":21,"enemies":"3 Louse","floor":12,"turns":5},{"damage":33,"enemies":"Lagavulin","floor":14,"turns":6},{"damage":21,"enemies":"2 Fungi Beasts","floor":15,"turns":3},{"damage":78,"enemies":"IC_STATUS_ARCHETYPE","floor":16,"turns":10},{"damage":10,"enemies":"downfall:FleeingMerchant","floor":20,"turns":4},{"damage":80,"enemies":"3 Byrds","floor":21,"turns":5},{"damage":40,"enemies":"downfall:FleeingMerchant","floor":23,"turns":4},{"damage":55,"enemies":"Book of Stabbing","floor":25,"turns":8},{"damage":25,"enemies":"Chosen","floor":27,"turns":4},{"damage":16,"enemies":"3 Cultists","floor":29,"turns":7},{"damage":40,"enemies":"Slavers","floor":31,"turns":7},{"damage":3,"enemies":"Chosen and Byrds","floor":32,"turns":6},{"damage":95,"enemies":"WA_ARCHETYPE_CALM","floor":33,"turns":11},{"damage":45,"enemies":"3 Shapes","floor":36,"turns":6},{"damage":35,"enemies":"3 Darklings","floor":37,"turns":6},{"damage":55,"enemies":"downfall:FleeingMerchant","floor":38,"turns":4},{"damage":25,"enemies":"Transient","floor":39,"turns":5},{"damage":75,"enemies":"2 Orb Walkers","floor":40,"turns":4},{"damage":45,"enemies":"Sphere and 2 Shapes","floor":42,"turns":3},{"damage":60,"enemies":"downfall:FleeingMerchant","floor":44,"turns":4},{"damage":60,"enemies":"Jaw Worm Horde","floor":49,"turns":4},{"damage":74,"enemies":"SI_POISON_ARCHETYPE","floor":50,"turns":7},{"damage":26,"enemies":"downfall:CharBossMerchant","floor":52,"turns":9},{"damage":86,"enemies":"downfall:NeowBoss","floor":55,"turns":20},{"damage":143,"enemies":"downfall:NeowBossFinal","floor":56,"turns":14}],"seed_played":"6001154707612639859","potions_obtained":[{"floor":4,"key":"LiquidMemories"},{"floor":10,"key":"EssenceOfSteel"},{"floor":16,"key":"ColorlessPotion"},{"floor":21,"key":"Fire Potion"},{"floor":22,"key":"CultistPotion"},{"floor":29,"key":"Weak Potion"},{"floor":32,"key":"Regen Potion"},{"floor":40,"key":"ColorlessPotion"},{"floor":52,"key":"Slimebound:ThreeZeroPotion"}],"is_trial":false,"path_per_floor":["R","M","M","M","?","?","T","M","?","M","T","M","R","E","M","B",null,"R","?","$","M","?","$","T","E","R","M","R","M","?","E","M","B",null,"R","M","M","$","M","?","T","M","T","$","R","$","R","?","M","B",null,"E","$","R","B","B",null],"character_chosen":"THE_CHAMP","items_purchased":["Membership Card","Toxic Egg 2","champ:Circumvent+1","champ:EnGarde+1","Mercury Hourglass","expansioncontent:DashGenerateEvil","DollysMirror","War Paint","Bottled Tornado","champ:FancyFootwork+1"],"campfire_rested":0,"item_purchase_floors":[20,20,20,20,38,44,44,53,53,53],"current_hp_per_floor":[90,79,77,77,77,77,77,67,64,60,60,54,63,60,54,36,90,90,90,90,75,75,75,75,70,82,82,90,84,84,84,81,61,90,90,90,90,90,90,90,90,90,90,90,100,100,100,100,100,76,100,99,99,100,99,5],"gold":20,"neow_bonus":"TRANSFORM_CARD","is_daily":false,"chose_seed":false,"campfire_upgraded":8,"win_rate":0.0,"timestamp":1612773902,"path_taken":["R","M","M","M","?","?","T","M","?","M","?","M","R","E","M","BOSS","R","?","$","M","?","$","T","E","R","M","R","M","?","E","M","BOSS","R","M","M","$","M","?","T","M","?","$","R","$","R","?","M","BOSS","E","$","R","BOSS","BOSS"],"items_purchased_type":["Relic","Relic","Card","Card","Relic","Card","Relic","Relic","Relic","Card"],"build_version":"2020-12-22","purchased_purges":4,"victory":true,"max_hp_per_floor":[90,90,90,90,90,90,90,90,90,90,90,90,90,90,90,90,90,90,90,90,90,90,90,90,90,90,90,90,90,90,90,90,90,90,90,90,90,90,90,90,90,90,90,90,100,100,100,100,100,100,100,100,100,100,100,100],"card_choices":[{"not_picked":["champ:BladeFlurry","champ:Haymaker"],"picked":"champ:RapidStrikes","floor":2},{"not_picked":["champ:HeartStrike","champ:Circumvent"],"picked":"champ:GutPunch","floor":3},{"not_picked":["champ:ShieldSlam","champ:Shatter"],"picked":"champ:Duel","floor":4},{"not_picked":["champ:DefensiveShout","champ:Circumvent"],"picked":"champ:BerserkersShout","floor":8},{"not_picked":["champ:EndlessRage","champ:RisingSlash"],"picked":"champ:StanceDance","floor":10},{"not_picked":["champ:GutPunch","champ:AdrenalArmor"],"picked":"champ:CalledShot","floor":12},{"not_picked":["champ:FocusedDefense","champ:FlashCut"],"picked":"champ:BringItOn","floor":14},{"not_picked":["champ:FanOfKnives","champ:Haymaker"],"picked":"champ:FocusedBerserking","floor":15},{"not_picked":["champ:HeavySlash","champ:BringItOn"],"picked":"champ:AdrenalArmor","floor":15},{"not_picked":["champ:CheapShot","champ:ShieldThrow"],"picked":"champ:HoldFirm","floor":16},{"not_picked":[],"picked":"champ:IronFortress","floor":20},{"not_picked":["champ:GutPunch+1"],"picked":"SKIP","floor":21},{"not_picked":["champ:PerfectedStrike+1"],"picked":"SKIP","floor":21},{"not_picked":[],"picked":"champ:CrownThrow","floor":23},{"not_picked":["champ:BringItOn+1"],"picked":"SKIP","floor":25},{"not_picked":[],"picked":"champ:Circumvent+1","floor":27},{"not_picked":["champ:PerfectedStrike"],"picked":"SKIP","floor":27},{"not_picked":[],"picked":"champ:FocusedDefense+1","floor":29},{"not_picked":["champ:Shatter"],"picked":"SKIP","floor":29},{"not_picked":[],"picked":"champ:ShieldWall","floor":31},{"not_picked":["champ:Circumvent+1"],"picked":"SKIP","floor":32},{"not_picked":["champ:LastStand"],"picked":"SKIP","floor":32},{"not_picked":[],"picked":"champ:Lariat+1","floor":36},{"not_picked":["champ:BladeFlurry+1"],"picked":"SKIP","floor":36},{"not_picked":["champ:Haymaker"],"picked":"SKIP","floor":37},{"not_picked":["champ:IronFortress"],"picked":"SKIP","floor":37},{"not_picked":["champ:PreciseThrust"],"picked":"SKIP","floor":38},{"not_picked":["champ:Haymaker+1"],"picked":"SKIP","floor":39},{"not_picked":["champ:EnGarde+1"],"picked":"SKIP","floor":39},{"not_picked":["champ:SetATrap+1"],"picked":"SKIP","floor":42},{"not_picked":["champ:Shatter+1"],"picked":"SKIP","floor":42},{"not_picked":[],"picked":"champ:MurderStrike","floor":44},{"not_picked":["champ:Shatter+1"],"picked":"SKIP","floor":49},{"not_picked":["champ:EnragedBash+1"],"picked":"SKIP","floor":49},{"not_picked":[],"picked":"champ:Backstep+1","floor":52}],"player_experience":279687,"relics_obtained":[{"floor":7,"key":"Pen Nib"},{"floor":11,"key":"Eternal Feather"},{"floor":14,"key":"Prayer Wheel"},{"floor":25,"key":"MawBank"},{"floor":31,"key":"Unceasing Top"},{"floor":40,"key":"Pocketwatch"},{"floor":41,"key":"Centennial Puzzle"},{"floor":43,"key":"Ornamental Fan"},{"floor":52,"key":"Mummified Hand"}],"event_choices":[{"damage_healed":0,"gold_gain":0,"player_choice":"Success","damage_taken":3,"relics_obtained":["Oddly Smooth Stone"],"max_hp_gain":0,"max_hp_loss":0,"event_name":"Scrap Ooze","floor":9,"gold_loss":0},{"damage_healed":0,"gold_gain":0,"player_choice":"Ignored","damage_taken":0,"max_hp_gain":0,"max_hp_loss":0,"event_name":"Ghosts","floor":30,"gold_loss":0},{"damage_healed":0,"gold_gain":0,"player_choice":"Fight","damage_taken":0,"max_hp_gain":0,"max_hp_loss":0,"event_name":"Mysterious Sphere","floor":40,"gold_loss":0}],"is_beta":false,"boss_relics":[{"not_picked":["Black Star","SacredBark"],"picked":"Busted Crown"},{"not_picked":["Snecko Eye","Fusion Hammer"],"picked":"Philosopher\u0027s Stone"}],"items_purged_floors":[20,38,44,46],"is_endless":false,"potions_floor_spawned":[4,10,16,21,25,29,32,33,36,40,42,52],"ascension_level":0}}