{"host":"w05x4i13f2m9joq1","time":1612773367,"event":{"mods":["100% Spire Juice","BaseMod","Better Altar","Better Match","Better Note","Better Sensory Stone","Better Skull","Better Third Choice","BetterRewards","CapriCore","Colored Map","Colored Powertips","Defective Defect","Downfall","Duelist Mod","GifTheSpireLib","Googly Eyes","Infinite Spire","Ironclad Rager","Lobotomy","LobotomyExtend","Marisa????????","Melee Mod","Minty Spire (QoL Compilation)","Morshu Shopkeeper - ENHANCED","MostiFishMod","Quick Restart","Rare Cards Sparkle","Replay The Spire","Shop Mod","Spicy Shops","Spire Birthday Party","StSLib","The IronCluck","Uncapped","everything is the same but u backflip on backflip","slay the spire mod where everything is the same but ironclad has a cowboy hat"],"gold_per_floor":[99,111,121,121,141,161,184,204,231,247,267,293,193,208,224,325,325,325,343,353,369,380,413,489,508,508,508,540,553,565,593,611,710,710,710,730,746,763,763,773,773,785,785,785],"floor_reached":43,"language":"ENG","playtime":2883,"items_purged":[],"score":614,"play_id":"1c9e6fba-520a-4dd2-8149-10d0b2d5ad9f","local_time":"20210208033607","is_ascension_mode":false,"campfire_choices":[{"data":"bronze:Goto","floor":1,"key":"SMITH"},{"floor":13,"key":"REST"},{"data":"bronze:Virus","floor":18,"key":"SMITH"},{"data":"bronze:Format","floor":26,"key":"SMITH"},{"data":"bronze:Goto","floor":35,"key":"SMITH"}],"circlet_count":0,"master_deck":["bronze:Strike","bronze:Strike","bronze:Strike","bronze:Defend","bronze:Defend","bronze:Defend","bronze:Defend+1","bronze:Replicate","bronze:Goto+1","bronze:Backtrace","bronze:Optimize","bronze:Backtrace","bronze:DelayedGuard","bronze:WhirlingStrike","bronze:Frontload+1","bronze:Flail","bronze:DelayedSlice","bronze:OilSpill","bronze:WhirlingStrike","bronze:Iterate","bronze:MaxOutput","bronze:ChildClass","bronze:Virus+1","bronze:BronzeOrb","bronze:FineTuning","bronze:CutThrough+1","bronze:Format+1","bronze:Backtrace","bronze:Invalidate+1","bronze:Allocate","bronze:FollowUp","bronze:BuggyMess","bronze:Iterate","bronze:DelayedGuard","Delirium","bronze:Goto+1","bronze:Assembly","Trip","infinitespire:Fortify","bronze:Iterate","bronze:ChosenStrike+1","bronze:MaxOutput+1","bronze:BronzeArmor","Parasite","bronze:Invalidate"],"relics":["bronze:BronzeCore","DaveBox","SentryEyes","LetterFromLob","Pet Ghost","Dream Catcher","Pear","downfall:HeartBlessingGreen","HereWithMe","MealTicket","Replay:Accelerometer","War Paint","Frozen Egg 2","ReplayTheSpireMod:SealedPack","infinitespire:WardingShard"],"acts_visited":["Exordium","TheCity","TheBeyond"],"potions_floor_usage":[15,15,16,16,28,28,28,31,33],"damage_taken":[{"damage":2,"enemies":"Small Slimes","floor":2,"turns":2},{"damage":0,"enemies":"Cultist","floor":3,"turns":2},{"damage":1,"enemies":"Jaw Worm","floor":5,"turns":2},{"damage":0,"enemies":"3 Louse","floor":6,"turns":1},{"damage":0,"enemies":"Gremlin Gang","floor":8,"turns":1},{"damage":8,"enemies":"Lagavulin","floor":9,"turns":4},{"damage":0,"enemies":"2 Fungi Beasts","floor":10,"turns":1},{"damage":0,"enemies":"Lots of Slimes","floor":11,"turns":1},{"damage":0,"enemies":"Gremlin Nob","floor":12,"turns":2},{"damage":0,"enemies":"Exordium Wildlife","floor":14,"turns":1},{"damage":0,"enemies":"Large Slime","floor":15,"turns":2},{"damage":18,"enemies":"DF_ARCHETYPE_STREAMLINE","floor":16,"turns":5},{"damage":0,"enemies":"3 Byrds","floor":19,"turns":2},{"damage":4,"enemies":"Snake Plant","floor":20,"turns":3},{"damage":5,"enemies":"Centurion and Healer","floor":21,"turns":3},{"damage":0,"enemies":"3 Cultists","floor":22,"turns":3},{"damage":0,"enemies":"Slavers","floor":23,"turns":2},{"damage":3,"enemies":"Cultist and Chosen","floor":25,"turns":2},{"damage":38,"enemies":"Nightmare","floor":28,"turns":4},{"damage":0,"enemies":"Snecko","floor":29,"turns":2},{"damage":0,"enemies":"Snake Plant","floor":30,"turns":2},{"damage":0,"enemies":"Book of Stabbing","floor":31,"turns":2},{"damage":0,"enemies":"3 Cultists","floor":32,"turns":2},{"damage":32,"enemies":"SI_MIRROR_ARCHETYPE","floor":33,"turns":6},{"damage":0,"enemies":"Orb Walker","floor":36,"turns":2},{"damage":6,"enemies":"3 Darklings","floor":37,"turns":3},{"damage":0,"enemies":"Jaw Worm Horde","floor":38,"turns":2},{"damage":37,"enemies":"Maw","floor":40,"turns":6},{"damage":22,"enemies":"Writhing Mass","floor":42,"turns":5},{"damage":36,"enemies":"Spire Growth","floor":43,"turns":2}],"seed_played":"7981282355205743804","potions_obtained":[{"floor":3,"key":"bronze:CleanCodePotion"},{"floor":6,"key":"Swift Potion"},{"floor":8,"key":"BlessingOfTheForge"},{"floor":12,"key":"DuplicationPotion"},{"floor":15,"key":"Venom Potion"},{"floor":16,"key":"BlessingOfTheForge"},{"floor":19,"key":"Strength Potion"},{"floor":20,"key":"Fire Potion"},{"floor":22,"key":"bronze:FreeFunctionsPotion"},{"floor":29,"key":"ColorlessPotion"},{"floor":30,"key":"Death Potion"},{"floor":32,"key":"FearPotion"},{"floor":37,"key":"Weak Potion"},{"floor":38,"key":"infinitespire:BlackPotion"}],"is_trial":false,"path_per_floor":["R","M","M","?","M","M","T","M","E","M","M","E","R","M","M","B",null,"R","M","M","M","M","E","T","M","R","?","NM","M","M","E","M","B",null,"R","M","M","M","?","M","T","M","M"],"character_chosen":"THE_AUTOMATON","items_purchased":[],"campfire_rested":1,"item_purchase_floors":[],"current_hp_per_floor":[77,75,75,75,74,74,74,74,66,66,66,76,87,87,87,69,87,87,87,83,78,78,78,78,75,75,75,37,37,37,37,37,5,87,87,87,81,81,81,44,44,22,0,0],"gold":785,"neow_bonus":"TEN_PERCENT_HP_BONUS","is_daily":false,"chose_seed":false,"campfire_upgraded":4,"win_rate":0.0,"timestamp":1612773367,"path_taken":["R","M","M","?","M","M","T","M","E","M","M","E","R","?","M","BOSS","R","M","M","M","M","E","T","M","R","?","NM","M","M","E","M","BOSS","R","M","M","?","?","M","T","M","M"],"items_purchased_type":[],"build_version":"2020-12-22","purchased_purges":0,"victory":false,"max_hp_per_floor":[77,77,77,77,77,77,77,77,77,77,77,87,87,87,87,87,87,87,87,87,87,87,87,87,87,87,87,87,87,87,87,87,87,87,87,87,87,87,87,87,87,87,87,87],"card_choices":[{"not_picked":["bronze:Turbo","bronze:Branch"],"picked":"bronze:Backtrace","floor":2},{"not_picked":["bronze:Overheat","bronze:OilSpill"],"picked":"bronze:Optimize","floor":3},{"not_picked":["bronze:BitShift","bronze:ItsAFeature"],"picked":"bronze:DelayedGuard","floor":5},{"not_picked":["bronze:Invalidate","bronze:OilSpill"],"picked":"bronze:WhirlingStrike","floor":6},{"not_picked":["bronze:Shell","bronze:Deprecate"],"picked":"bronze:Frontload","floor":8},{"not_picked":["bronze:Virus","bronze:Return"],"picked":"bronze:Flail","floor":9},{"not_picked":["bronze:Shield","bronze:ClassDefault"],"picked":"bronze:DelayedSlice","floor":10},{"not_picked":["bronze:Repulsor","bronze:Deprecate"],"picked":"bronze:OilSpill","floor":11},{"not_picked":["bronze:WildBeam","bronze:Boost"],"picked":"bronze:WhirlingStrike","floor":12},{"not_picked":["bronze:Turbo","bronze:Allocate"],"picked":"bronze:Iterate","floor":13},{"not_picked":["bronze:CloningBeam","bronze:Overheat"],"picked":"bronze:MaxOutput","floor":14},{"not_picked":["bronze:Repulsor","bronze:Invalidate"],"picked":"bronze:ChildClass","floor":15},{"not_picked":["bronze:HardenedForm","bronze:RecursiveStrike"],"picked":"bronze:Virus","floor":16},{"not_picked":["bronze:Overload+1","bronze:Branch"],"picked":"bronze:BronzeOrb","floor":19},{"not_picked":["bronze:Branch","bronze:Invalidate"],"picked":"bronze:FineTuning","floor":20},{"not_picked":["bronze:Shield","bronze:Overheat+1"],"picked":"bronze:CutThrough+1","floor":21},{"not_picked":["bronze:Repair+1","bronze:Deprecate"],"picked":"bronze:Format","floor":22},{"not_picked":["bronze:DigitalCarnage+1","bronze:Boost"],"picked":"bronze:Backtrace","floor":23},{"not_picked":["bronze:CutThrough","bronze:FollowUp+1"],"picked":"bronze:Invalidate+1","floor":25},{"not_picked":["bronze:Turbo","bronze:BitShift"],"picked":"bronze:FollowUp","floor":28},{"not_picked":["bronze:FineTuning","bronze:CutThrough"],"picked":"bronze:BuggyMess","floor":29},{"not_picked":["bronze:Safeguard+1","bronze:Shell+1"],"picked":"bronze:Iterate","floor":30},{"not_picked":["bronze:WildBeam","bronze:Flail+1"],"picked":"bronze:ShipIt","floor":31},{"not_picked":["bronze:Safeguard","bronze:Backtrace"],"picked":"bronze:DelayedGuard","floor":32},{"not_picked":["m_Survivalism","champ:Taunt"],"picked":"bronze:Goto","floor":34},{"not_picked":["bronze:Break","bronze:FindAndReplace"],"picked":"bronze:Assembly","floor":34},{"not_picked":["MostiFishMod:SupremeArchaeology","Jack Of All Trades"],"picked":"Trip","floor":34},{"not_picked":["ReplayTheSpireMod:Black Plague","infinitespire:TheBestDefense"],"picked":"infinitespire:Fortify","floor":34},{"not_picked":["bronze:OilSpill+1","bronze:Deprecate"],"picked":"bronze:Iterate","floor":36},{"not_picked":["bronze:ForceShield+1","bronze:OilSpill+1"],"picked":"bronze:ChosenStrike+1","floor":37},{"not_picked":["bronze:DarkDash+1","bronze:DelayedGuard"],"picked":"bronze:MaxOutput+1","floor":38},{"not_picked":["bronze:Frontload","bronze:CutThrough"],"picked":"bronze:BronzeArmor","floor":40},{"not_picked":["bronze:NullPointer","bronze:BurnOut"],"picked":"bronze:Invalidate","floor":42}],"player_experience":172515,"relics_obtained":[{"floor":2,"key":"LetterFromLob"},{"floor":7,"key":"Pet Ghost"},{"floor":9,"key":"Dream Catcher"},{"floor":12,"key":"Pear"},{"floor":23,"key":"MealTicket"},{"floor":24,"key":"Replay:Accelerometer"},{"floor":28,"key":"War Paint"},{"floor":31,"key":"Frozen Egg 2"},{"floor":41,"key":"infinitespire:WardingShard"}],"event_choices":[],"is_beta":false,"boss_relics":[{"not_picked":["OneHitWonderSystem","SlaversCollar"],"picked":"HereWithMe"},{"not_picked":["Snecko Eye","Ring of Chaos"],"picked":"ReplayTheSpireMod:SealedPack"}],"items_purged_floors":[],"is_endless":true,"potions_floor_spawned":[3,6,8,9,12,15,16,19,20,22,29,30,32,37,38],"killed_by":"Spire Growth","ascension_level":0}}