{"host":"axuns55dzq466eei","time":1612788087,"event":{"mods":["BaseMod","Colored Map","Keyboard Shortcuts","Minty Spire (QoL Compilation)","StSLib","SuperFastMode"],"gold_per_floor":[118,42,42,55,66,66,77,110,136,136,27,27,46,46,46,46,46],"floor_reached":16,"language":"KOR","playtime":280,"items_purged":["Strike_R"],"score":200,"play_id":"a7a56fe7-5203-4bf8-9bb1-ea3d8538a398","local_time":"20210208214127","is_ascension_mode":true,"campfire_choices":[{"data":"Hemokinesis","floor":6,"key":"SMITH"},{"data":"Pommel Strike","floor":10,"key":"SMITH"},{"data":"Disarm","floor":12,"key":"SMITH"},{"data":"Body Slam","floor":15,"key":"SMITH"}],"circlet_count":0,"master_deck":["AscendersBane","Strike_R","Strike_R","Strike_R","Defend_R","Defend_R","Defend_R","Defend_R","Bash","Brutality","Body Slam+1","Hemokinesis+1","Battle Trance","Dropkick","Carnage","Pommel Strike+1","Disarm+1"],"relics":["Burning Blood","Art of War","CeramicFish"],"acts_visited":["Exordium"],"potions_floor_usage":[8,16],"damage_taken":[{"damage":22,"enemies":"Cultist","floor":1,"turns":5},{"damage":8,"enemies":"2 Louse","floor":4,"turns":3},{"damage":2,"enemies":"Small Slimes","floor":5,"turns":2},{"damage":2,"enemies":"2 Fungi Beasts","floor":7,"turns":2},{"damage":26,"enemies":"3 Sentries","floor":8,"turns":6},{"damage":9,"enemies":"Looter","floor":13,"turns":3},{"damage":31,"enemies":"Hexaghost","floor":16,"turns":8}],"seed_played":"3286346900562135817","potions_obtained":[{"floor":5,"key":"DuplicationPotion"},{"floor":8,"key":"FearPotion"}],"is_trial":false,"path_per_floor":["M","$","?","M","M","R","M","E","T","R","$","R","M","?","R","B"],"character_chosen":"IRONCLAD","items_purchased":["Hemokinesis","Disarm"],"campfire_rested":0,"item_purchase_floors":[2,11],"current_hp_per_floor":[52,52,52,50,54,54,58,38,38,38,38,38,35,28,28,0,0],"gold":46,"neow_bonus":"ONE_RANDOM_RARE_CARD","is_daily":false,"chose_seed":false,"campfire_upgraded":4,"win_rate":0.0,"timestamp":1612788087,"path_taken":["M","?","?","M","M","R","M","E","T","R","$","R","M","?","R","BOSS"],"items_purchased_type":["Card","Card"],"build_version":"2020-12-22","purchased_purges":1,"victory":false,"max_hp_per_floor":[75,75,75,75,75,75,75,75,75,75,75,75,75,75,75,75,75],"card_choices":[{"not_picked":["Havoc","Anger"],"picked":"Body Slam","floor":1},{"not_picked":["Bloodletting","Sever Soul"],"picked":"Battle Trance","floor":4},{"not_picked":["Clash","Flex"],"picked":"Dropkick","floor":5},{"not_picked":["Metallicize","Headbutt"],"picked":"Carnage","floor":7},{"not_picked":["Shockwave","Perfected Strike"],"picked":"Pommel Strike","floor":8},{"not_picked":["Entrench","Heavy Blade","True Grit"],"picked":"SKIP","floor":13}],"player_experience":1125067,"relics_obtained":[{"floor":8,"key":"Art of War"},{"floor":9,"key":"CeramicFish"}],"event_choices":[{"damage_healed":0,"gold_gain":0,"player_choice":"Ignored","damage_taken":0,"max_hp_gain":0,"max_hp_loss":0,"event_name":"Liars Game","floor":3,"gold_loss":0},{"cards_removed":["Strike_R"],"damage_healed":0,"gold_gain":0,"player_choice":"Card Removal","damage_taken":7,"max_hp_gain":0,"max_hp_loss":0,"event_name":"Golden Wing","floor":14,"gold_loss":0}],"is_beta":false,"boss_relics":[],"items_purged_floors":[11],"is_endless":false,"potions_floor_spawned":[5,8],"killed_by":"Hexaghost","ascension_level":20}}