{"host":"3498uni0c31c9bdm","time":1612775469,"event":{"mods":["BaseMod","Better Match","Better Note","Better Sensory Stone","Better Skull","Better Third Choice","Colored Map","Minty Spire (QoL Compilation)","Quick Restart","RNG Fix","Random Character Button","Replay The Spire","Shop Mod","Smile Girya","StSLib","Unceasing Turn Reminder"],"gold_per_floor":[113,288,307,325,345,377,388,401,424,194,194,42,61,78,78,181,181,192,192,492,502,502,502,529,68,68,95,95,95,114,114,114,114,114],"floor_reached":33,"language":"ENG","playtime":1266,"items_purged":[],"score":445,"play_id":"21de9155-d5b3-40a1-8bc7-98b9cac6e376","local_time":"20210208201109","is_ascension_mode":true,"campfire_choices":[{"floor":11.0,"key":"RECALL"},{"data":"Metallicize","floor":15.0,"key":"SMITH"},{"data":"Flame Barrier","floor":23.0,"key":"SMITH"},{"floor":29.0,"key":"REST"}],"circlet_count":0,"master_deck":["AscendersBane","Strike_R+1","Strike_R+1","Strike_R+1","Strike_R+1","Strike_R+1","Defend_R+1","Defend_R+1","Defend_R+1","Defend_R+1","Bash","Flame Barrier+1","Doubt","Perfected Strike","Iron Wave","Twin Strike","Pummel","Metallicize+1","Sword Boomerang","Fire Breathing","Inflame","Blood for Blood","Exhume+1","Cleave+1","Abandon","Dual Wield","Armaments"],"relics":["Burning Blood","NeowsBlessing","Potion Belt","MealTicket","Sling","Omamori","Busted Crown","Old Coin","Bottled Tornado","FossilizedHelix","TheAbacus","Regal Pillow"],"acts_visited":["Exordium","TheCity"],"potions_floor_usage":[33],"damage_taken":[{"damage":0.0,"enemies":"Small Slimes","floor":1.0,"turns":1.0},{"damage":0.0,"enemies":"Cultist","floor":3.0,"turns":1.0},{"damage":0.0,"enemies":"2 Louse","floor":4.0,"turns":1.0},{"damage":5.0,"enemies":"2 Fungi Beasts","floor":5.0,"turns":4.0},{"damage":51.0,"enemies":"Lagavulin","floor":6.0,"turns":10.0},{"damage":13.0,"enemies":"3 Louse","floor":7.0,"turns":4.0},{"damage":0.0,"enemies":"Large Slime","floor":8.0,"turns":5.0},{"damage":0.0,"enemies":"2 Fungi Beasts","floor":13.0,"turns":4.0},{"damage":13.0,"enemies":"Blue Slaver","floor":14.0,"turns":4.0},{"damage":39.0,"enemies":"Hexaghost","floor":16.0,"turns":9.0},{"damage":3.0,"enemies":"3 Byrds","floor":18.0,"turns":5.0},{"damage":15.0,"enemies":"Shell Parasite","floor":21.0,"turns":5.0},{"damage":45.0,"enemies":"Slavers","floor":24.0,"turns":4.0},{"damage":51.0,"enemies":"Book of Stabbing","floor":27.0,"turns":6.0},{"damage":19,"enemies":"3 Cultists","floor":30,"turns":5},{"damage":85,"enemies":"Champ","floor":33,"turns":16}],"seed_played":"-7436359977512249145","potions_obtained":[{"floor":3.0,"key":"Fire Potion"},{"floor":8.0,"key":"SteroidPotion"},{"floor":13.0,"key":"AttackPotion"},{"floor":16.0,"key":"SpeedPotion"},{"floor":18.0,"key":"ColorlessPotion"},{"floor":19.0,"key":"Fruit Juice"},{"floor":19.0,"key":"ElixirPotion"},{"floor":19.0,"key":"Regen Potion"},{"floor":27.0,"key":"Toxic Potion"}],"is_trial":false,"path_per_floor":["M","?","M","M","M","E","M","M","T","$","R","$","M","M","R","B",null,"M","?","?","M","?","R","E","$","T","E","$","R","M","?","R_BF","B"],"character_chosen":"IRONCLAD","items_purchased":["Sling","Fire Breathing","Omamori","FossilizedHelix","TheAbacus"],"campfire_rested":1,"item_purchase_floors":[10,10,12,25,25],"current_hp_per_floor":[78,78,80,80,80,35,28,34,34,49,49,64,70,63,63,30,68,71,76,76,67,67,67,40,55,55,10,25,65,52,52,85,0,0],"gold":114,"neow_bonus":"THREE_ENEMY_KILL","is_daily":false,"chose_seed":false,"campfire_upgraded":2,"win_rate":0.0,"timestamp":1612775469,"path_taken":["M","?","?","M","M","E","M","M","T","$","R","$","M","M","R","BOSS","M","?","?","M","?","R","E","$","T","E","$","R","?","?","R_BF","BOSS"],"items_purchased_type":["Relic","Card","Relic","Relic","Relic"],"build_version":"2020-12-22","purchased_purges":0,"victory":false,"max_hp_per_floor":[80,80,80,80,80,80,80,80,80,80,80,80,80,80,80,80,80,80,85,85,85,85,85,85,85,85,85,85,85,85,85,85,85,85],"card_choices":[{"not_picked":["ReplayTheSpireMod:Corrosion Curse","Thunderclap"],"picked":"Flame Barrier","floor":1.0},{"not_picked":["Flex","Reckless Charge"],"picked":"Perfected Strike","floor":3.0},{"not_picked":["True Grit","Dark Embrace"],"picked":"Iron Wave","floor":4.0},{"not_picked":["Demonic Infusion","True Grit"],"picked":"Twin Strike","floor":5.0},{"not_picked":["Headbutt","Cleave"],"picked":"Pummel","floor":6.0},{"not_picked":["Life Link","Cleave"],"picked":"Metallicize","floor":7.0},{"not_picked":["Warcry","Dual Wield"],"picked":"Sword Boomerang","floor":8.0},{"not_picked":["Body Slam","Perfected Strike"],"picked":"Inflame","floor":13.0},{"not_picked":["Anger","Hemokinesis"],"picked":"Blood for Blood","floor":14.0},{"not_picked":["Brutality","Demonic Infusion"],"picked":"Exhume","floor":16.0},{"not_picked":[],"picked":"Cleave","floor":18.0},{"not_picked":["Second Wind+1"],"picked":"SKIP","floor":21.0},{"not_picked":[],"picked":"Abandon","floor":24.0},{"not_picked":[],"picked":"Dual Wield","floor":27.0},{"not_picked":[],"picked":"Armaments","floor":30}],"player_experience":850074,"relics_obtained":[{"floor":6.0,"key":"Potion Belt"},{"floor":9.0,"key":"MealTicket"},{"floor":24.0,"key":"Bottled Tornado"},{"floor":27.0,"key":"Regal Pillow"}],"event_choices":[{"damage_healed":0.0,"max_hp_gain":0.0,"max_hp_loss":0.0,"gold_gain":175.0,"event_name":"betterThird:BetterSerpent","player_choice":"AGREE","floor":2.0,"gold_loss":0.0,"damage_taken":113.0},{"damage_healed":0.0,"max_hp_gain":0.0,"max_hp_loss":0.0,"gold_gain":0.0,"event_name":"Lab","player_choice":"Got Potions","floor":19.0,"gold_loss":0.0,"damage_taken":0.0},{"damage_healed":0.0,"max_hp_gain":0.0,"max_hp_loss":0.0,"gold_gain":0.0,"event_name":"The Mausoleum","player_choice":"Opened","floor":20.0,"gold_loss":0.0,"damage_taken":0.0,"relics_obtained":["Old Coin"]},{"damage_healed":0.0,"max_hp_gain":0.0,"max_hp_loss":0.0,"gold_gain":0.0,"event_name":"Upgrade Shrine","player_choice":"Upgraded","floor":22.0,"gold_loss":0.0,"damage_taken":0.0,"cards_upgraded":["Exhume"]},{"damage_healed":0,"gold_gain":0,"player_choice":"Simplicity","damage_taken":0,"max_hp_gain":0,"max_hp_loss":9,"event_name":"betterThird:BetterWriting","floor":31,"gold_loss":0}],"is_beta":false,"boss_relics":[{"not_picked":["Replay:Wanted Poster","Kintsugi"],"picked":"Busted Crown"}],"items_purged_floors":[],"is_endless":false,"potions_floor_spawned":[3,8,13,16,18,27],"killed_by":"Champ","ascension_level":11}}