{"host":"853vx6s5mj9srtgy","time":1612773287,"event":{"mods":["2.2 Compatiblity","Act Like it!","Aspiration","BaseMod","Better Skull","Better Vampires","CCEM2","CapriCore","Colored Powertips","Conspire","Downfall","Energized Spire","Friendly Minions","Gensokyo","GifTheSpireLib","Halation","HornydragonMod","Hubris","Infinite Spire","Koishi","LagranYue(©Ô®æ®Ô¡P¤ë)","Marisa¡]Ãú«B¡@Å]²z¨F¡^","Minty Spire (QoL Compilation)","MostiFishMod","Permanent Neow","Quick Restart","Rare Cards Sparkle","Red Circlet Mod","Reimu¡]³Õ???¡^","Relic Sorter","Relic Stats","Remilia¡]Á¢¦Ì²ú?¡^","RumiaBox-ÅS¦Ì?ªº¯«¯µ²°¤l","Ryuuou?¤ý","Small Relic Pack","Spicy Shops","Spikes Relics","StSLib","TestMod","The Immortal","The Servant 0.9.4","Unknown Chances","Yakumo Yukari mod","Youmu¡]»î¾z§¯?¡^","Yuyuko","noobMod","yUi","¡i¥\¯àMod¡j²V¨P¤§?­×Î`?¤B"],"gold_per_floor":[110,110,110,35,35,367,367,400,400,425,438,470,470,484,484,585,585,600,600,619,297,297,297,325,325,325,0,0,25,44,44,44,44,44],"floor_reached":33,"language":"ZHS","playtime":2145,"items_purged":["Defend_MRS","Defend_MRS","Defend_MRS+1"],"score":437,"play_id":"b1e2b6bb-e5ed-4eb7-b1fb-06c24ecb1f32","local_time":"20210208163447","is_ascension_mode":true,"campfire_choices":[{"data":"EscapeVelocity","floor":15.0,"key":"SMITH"},{"data":"FinalSpark","floor":23.0,"key":"SMITH"},{"data":"Orbital","floor":25.0,"key":"SMITH"},{"data":"MillisecondPulsars","floor":32.0,"key":"SMITH"}],"circlet_count":0,"master_deck":["Strike_MRS+1","Strike_MRS+1","Strike_MRS+1","Strike_MRS+1","Defend_MRS","MasterSpark+1","MillisecondPulsars+1","DoubleSpark","Orbital+1","EscapeVelocity+1","ShootingEcho","SuperNova+1","RefractionSpark","FinalSpark+1","DoubleSpark+1","DoubleSpark+1","MostiFishMod:Neptune","MostiFishMod:TheEndOfMoonlight","MostiFishMod:SparklingWater","MostiFishMod:FantasySummer","MostiFishMod:NightSea","infinitespire:FutureSight","ShootingEcho","SuperPerseids","ShootingEcho"],"relics":["MiniHakkero","testmod-TestBox","DaveBox","ice","LagranYue:RandomDrawCardRelic","GuanYuAspect","testmod-ConstraintPeriapt","Oddly Smooth Stone","SynthV:TestCard","Gensokyo:Mercy","Old Coin","aspiration:ArtOfWarUpgrade","White Beast Statue","RollingBoulder","hubris:DeckOfHolding","CCEMRelics:MissingSock","RhineSuit","Centennial Puzzle","Bronze Scales","relicPack:AllForOne","Baka2","testmod-Fortitude","MagicDraw1","Membership Card","MoonlightInvasionPlan","aspiration:HiddenCompartment","CCEMRelics:TinyMinotavrHorn"],"acts_visited":["Gensokyo:Gensokyo","Gensokyo:Gensokyoer"],"potions_floor_usage":[33],"damage_taken":[{"damage":0.0,"enemies":"Gensokyo:Python","floor":1.0,"turns":2.0},{"damage":18.0,"enemies":"Gensokyo:Cirno","floor":6.0,"turns":6.0},{"damage":16.0,"enemies":"Gensokyo:Mamizou","floor":8.0,"turns":4.0},{"damage":23.0,"enemies":"Gensokyo:Cirno","floor":10.0,"turns":4.0},{"damage":19.0,"enemies":"Gensokyo:3_Fairies","floor":11.0,"turns":4.0},{"damage":0.0,"enemies":"Gensokyo:Mamizou","floor":12.0,"turns":5.0},{"damage":18.0,"enemies":"Gensokyo:2_Kodama","floor":14.0,"turns":2.0},{"damage":52.0,"enemies":"Gensokyo:Kokoro","floor":16.0,"turns":7.0},{"damage":0.0,"enemies":"Gensokyo:AngelMirror","floor":18.0,"turns":2.0},{"damage":11.0,"enemies":"Gensokyo:CosmicMonolith","floor":20.0,"turns":3.0},{"damage":11.0,"enemies":"Gensokyo:Koishi","floor":24.0,"turns":3.0},{"damage":2.0,"enemies":"Nightmare","floor":29.0,"turns":2.0},{"damage":5.0,"enemies":"Gensokyo:Mirror_and_Dog","floor":30.0,"turns":1.0},{"damage":0.0,"enemies":"Gensokyo:3_Gloops","floor":31.0,"turns":2.0},{"damage":35,"enemies":"Gensokyo:Eiki","floor":33,"turns":2}],"seed_played":"-1013770281220838405","potions_obtained":[{"floor":10.0,"key":"SneckoOil"},{"floor":12.0,"key":"Fire Potion"},{"floor":14.0,"key":"BottledSpark"},{"floor":16.0,"key":"SkillPotion"},{"floor":18.0,"key":"LiquidMemories"},{"floor":20.0,"key":"Strength Potion"},{"floor":24.0,"key":"ZuzhouPotion:ReiMu"},{"floor":29.0,"key":"conspire:TimeTravelPotion"}],"is_trial":false,"path_per_floor":["M","?","?","$","?","E","R","E","T","E","M","E","R","M","R","B",null,"M","?","M","$","?","R","E","R","T","?","AVR","NM","M","M","R","B"],"character_chosen":"MARISA","items_purchased":["Centennial Puzzle","Bronze Scales"],"campfire_rested":0,"item_purchase_floors":[21,21],"current_hp_per_floor":[38,27,27,27,29,38,38,26,26,30,29,35,35,25,25,11,29,33,33,29,29,29,29,29,29,29,29,29,35,35,35,35,0,0],"gold":44,"neow_bonus":"RANDOM_COMMON_RELIC","is_daily":false,"chose_seed":false,"campfire_upgraded":4,"win_rate":0.0,"timestamp":1612773287,"path_taken":["M","?","?","$","?","E","R","E","T","E","M","E","R","?","R","BOSS","M","?","M","$","?","R","E","R","T","?","AVR","NM","M","M","R","BOSS"],"items_purchased_type":["Relic","Relic"],"build_version":"2020-12-22","purchased_purges":3,"victory":false,"max_hp_per_floor":[38,38,38,38,38,38,38,38,38,35,35,35,35,35,35,35,35,35,35,35,35,35,35,35,35,35,35,35,35,35,35,35,35,35],"relic_stats":{"Centennial Puzzle":[12],"counters":[15,49],"Bronze Scales":[9],"obtain_stats":[{"DaveBox":0,"LagranYue:RandomDrawCardRelic":0,"RhineSuit":17,"ice":0,"Old Coin":6,"MagicDraw1":26,"Frozen Eye":24,"Centennial Puzzle":21,"Baka2":24,"GuanYuAspect":0,"RollingBoulder":9,"hubris:DeckOfHolding":10,"aspiration:ArtOfWarUpgrade":13,"relicPack:AllForOne":22,"testmod-TestBox":0,"Oddly Smooth Stone":0,"MoonlightInvasionPlan":28,"Baka":1,"CCEMRelics:MissingSock":12,"testmod-ConstraintPeriapt":0,"aspiration:HiddenCompartment":29,"White Beast Statue":8,"testmod-Fortitude":24,"SynthV:TestCard":1,"Gensokyo:Mercy":3,"Bronze Scales":21,"CCEMRelics:TinyMinotavrHorn":31,"Art of War":6,"MiniHakkero":0,"Membership Card":28},{"DaveBox":0,"LagranYue:RandomDrawCardRelic":0,"RhineSuit":8,"ice":0,"Old Coin":2,"MagicDraw1":11,"Frozen Eye":10,"Centennial Puzzle":10,"Baka2":11,"GuanYuAspect":0,"RollingBoulder":3,"hubris:DeckOfHolding":4,"aspiration:ArtOfWarUpgrade":6,"relicPack:AllForOne":10,"testmod-TestBox":0,"Oddly Smooth Stone":0,"MoonlightInvasionPlan":11,"Baka":1,"CCEMRelics:MissingSock":6,"testmod-ConstraintPeriapt":0,"aspiration:HiddenCompartment":12,"White Beast Statue":3,"testmod-Fortitude":11,"SynthV:TestCard":1,"Gensokyo:Mercy":1,"Bronze Scales":10,"CCEMRelics:TinyMinotavrHorn":14,"Art of War":2,"MiniHakkero":0,"Membership Card":11},{"DaveBox":0,"LagranYue:RandomDrawCardRelic":0,"RhineSuit":34,"ice":0,"Old Coin":8,"MagicDraw1":42,"Frozen Eye":39,"Centennial Puzzle":39,"Baka2":42,"GuanYuAspect":0,"RollingBoulder":12,"hubris:DeckOfHolding":16,"aspiration:ArtOfWarUpgrade":25,"relicPack:AllForOne":39,"testmod-TestBox":0,"Oddly Smooth Stone":0,"MoonlightInvasionPlan":42,"Baka":2,"CCEMRelics:MissingSock":25,"testmod-ConstraintPeriapt":0,"aspiration:HiddenCompartment":44,"White Beast Statue":12,"testmod-Fortitude":42,"SynthV:TestCard":2,"Gensokyo:Mercy":2,"Bronze Scales":39,"CCEMRelics:TinyMinotavrHorn":47,"Art of War":8,"MiniHakkero":0,"Membership Card":42}]},"card_choices":[{"not_picked":["SprinkleStarSeal","PulseMagic"],"picked":"UnstableBomb","floor":1.0},{"not_picked":["AsteroidBelt","MilkyWay","UnstableBomb","ManaConvection","ChargingUp"],"picked":"SKIP","floor":6.0},{"not_picked":["MagicAbsorber","SuperPerseids","EnergyRecoil","EarthLightRay"],"picked":"MillisecondPulsars","floor":8.0},{"not_picked":["SprinkleStarSeal","SuperPerseids","WitchOfGreed","UnstableBomb"],"picked":"DoubleSpark","floor":10.0},{"not_picked":["ShootTheMoon","PowerUp","GravityBeat","EventHorizon"],"picked":"Orbital","floor":11.0},{"not_picked":["SporeBomb","6A","GalacticHalo","GrandCross"],"picked":"EscapeVelocity","floor":12.0},{"not_picked":["DC","LuminesStrike","Orbital","GrandCross"],"picked":"ShootingEcho","floor":14.0},{"not_picked":["CasketOfStar","BigCrunch","StarDustReverie","MaximisePower"],"picked":"SuperNova","floor":16.0},{"not_picked":["SporeBomb","Acceleration","AsteroidBelt+1","UnstableBomb"],"picked":"RefractionSpark","floor":18.0},{"not_picked":["OneTimeOff","EnergyRecoil+1","Orbital+1","WitchOfGreed"],"picked":"DoubleSpark","floor":20.0},{"not_picked":["SatelliteIllusion","Occultation","Robbery","GravityBeat+1"],"picked":"DoubleSpark","floor":24.0},{"not_picked":["DeepEcoloBomb+1","JA","6A+1","Singularity"],"picked":"ShootingEcho","floor":29.0},{"not_picked":["IllusionStar","Acceleration","SporeBomb+1","ChargingUp"],"picked":"SuperPerseids","floor":30.0},{"not_picked":["Robbery","ShootTheMoon","GravityBeat","ChargeUpSpray"],"picked":"ShootingEcho","floor":31.0}],"player_experience":360520,"relics_obtained":[{"floor":1.0,"key":"Baka"},{"floor":1.0,"key":"SynthV:TestCard"},{"floor":6.0,"key":"Old Coin"},{"floor":6.0,"key":"Art of War"},{"floor":8.0,"key":"White Beast Statue"},{"floor":9.0,"key":"RollingBoulder"},{"floor":10.0,"key":"hubris:DeckOfHolding"},{"floor":12.0,"key":"CCEMRelics:MissingSock"},{"floor":24.0,"key":"Baka2"},{"floor":24.0,"key":"testmod-Fortitude"},{"floor":26.0,"key":"MagicDraw1"},{"floor":29.0,"key":"aspiration:HiddenCompartment"},{"floor":31.0,"key":"CCEMRelics:TinyMinotavrHorn"}],"event_choices":[],"is_beta":false,"boss_relics":[{"not_picked":["energizedSpire:MagnifyingGlass","CCEMRelics:ReaperScythe"],"picked":"RhineSuit"}],"items_purged_floors":[4,21,28],"is_endless":true,"potions_floor_spawned":[10,11,12,14,16,18,20,24,29,30,31],"killed_by":"Gensokyo:Eiki","ascension_level":2}}