{"host":"t9zjxed0utvsfjwc","time":1612798177,"event":{"mods":["2.2 Compatiblity","Aspiration","BaseMod","Better Altar","Better Match","Better Note","Better Sensory Stone","Better Skull","Better Third Choice","Block Reminder","Colored Map","Colored Powertips","Custom Start","Downfall","Hermit","Highlight Path","Hubris","Infinite Spire","Marisa????????","Minty Spire (QoL Compilation)","Quick Restart","Rare Cards Sparkle","Reliquary","Replay The Spire","StSLib","The Cursed","The Marked","The Runesmith","Unceasing Turn Reminder","everything is the same but u backflip on backflip"],"gold_per_floor":[110,110,110,60,60,60,120,120,145,145,174,188,205,205,205,205,205],"floor_reached":16,"language":"ENG","playtime":544,"items_purged":[],"score":96,"play_id":"36c97fc7-e29c-413f-85b0-6760efe7d3f3","local_time":"20210208152937","is_ascension_mode":false,"campfire_choices":[{"data":"hermit:Vantage","floor":6,"key":"SMITH"},{"data":"hermit:Snapshot","floor":8,"key":"SMITH"}],"circlet_count":0,"master_deck":["hermit:Strike_Hermit","hermit:Strike_Hermit","hermit:Strike_Hermit","hermit:Strike_Hermit","hermit:Defend_Hermit","hermit:Snapshot+1","hermit:Covet","hermit:Vantage+1","Apotheosis+1","hermit:HighCaliber","hermit:CursedWeapon","hermit:LoneWolf+1"],"relics":["hermit:Momento","aspiration:Nostalgia","PureWater","hermit:RedScarf","Art of War","infinitespire:Satchel"],"acts_visited":["Exordium"],"potions_floor_usage":[7,16],"damage_taken":[{"damage":1,"enemies":"Jaw Worm","floor":1,"turns":3},{"damage":1,"enemies":"3 Sentries","floor":7,"turns":4},{"damage":10,"enemies":"3 Sentries","floor":11,"turns":7},{"damage":0,"enemies":"Small Slimes","floor":12,"turns":2},{"damage":0,"enemies":"2 Louse","floor":13,"turns":1},{"damage":67,"enemies":"The Guardian","floor":16,"turns":8}],"seed_played":"-4677462466411941656","potions_obtained":[{"floor":1,"key":"Strength Potion"},{"floor":11,"key":"hermit:Tonic"}],"is_trial":false,"path_per_floor":["M","?","?","?","$","R","?","R","T","?","E","M","M","?","R_BF","B"],"character_chosen":"HERMIT","items_purchased":[],"campfire_rested":0,"item_purchase_floors":[],"current_hp_per_floor":[74,74,74,74,74,74,73,73,73,73,63,63,63,63,63,0,0],"gold":205,"neow_bonus":"NOSTALGIA","is_daily":false,"chose_seed":false,"campfire_upgraded":2,"win_rate":0.0,"timestamp":1612798177,"path_taken":["M","?","?","?","?","R","?","R","T","?","E","?","?","?","R_BF","BOSS"],"items_purchased_type":[],"build_version":"2020-12-22","purchased_purges":0,"victory":false,"max_hp_per_floor":[75,75,75,75,75,75,75,75,75,75,75,75,75,75,75,75,75],"card_choices":[{"not_picked":["hermit:PistolWhip","hermit:Roulette"],"picked":"hermit:Vantage","floor":1},{"not_picked":["hermit:Grudge","hermit:BodyArmor"],"picked":"hermit:HighCaliber","floor":11},{"not_picked":["hermit:CalledShot","hermit:Roulette"],"picked":"hermit:CursedWeapon","floor":12},{"not_picked":["hermit:SprayPray","hermit:Roulette"],"picked":"hermit:LoneWolf","floor":13}],"player_experience":534143,"relics_obtained":[{"floor":7,"key":"hermit:RedScarf"},{"floor":9,"key":"Art of War"},{"floor":11,"key":"infinitespire:Satchel"}],"event_choices":[{"damage_healed":74,"gold_gain":0,"player_choice":"Embrace","damage_taken":0,"max_hp_gain":0,"max_hp_loss":75,"event_name":"betterThird:BetterShining","floor":2,"gold_loss":0},{"cards_removed":["hermit:Defend_Hermit"],"damage_healed":0,"gold_gain":0,"player_choice":"Forget","damage_taken":0,"max_hp_gain":0,"max_hp_loss":0,"event_name":"Living Wall","floor":3,"gold_loss":0},{"cards_removed":["hermit:Defend_Hermit"],"damage_healed":0,"gold_gain":0,"player_choice":"Card Removal","damage_taken":0,"max_hp_gain":0,"max_hp_loss":0,"event_name":"The Cleric","floor":4,"gold_loss":50},{"damage_healed":0,"gold_gain":0,"player_choice":"Searched \u00271\u0027 times","damage_taken":0,"max_hp_gain":0,"max_hp_loss":0,"event_name":"Dead Adventurer","floor":7,"gold_loss":0},{"damage_healed":0,"gold_gain":0,"player_choice":"Upgraded","damage_taken":0,"max_hp_gain":0,"max_hp_loss":0,"event_name":"Upgrade Shrine","floor":14,"gold_loss":0,"cards_upgraded":["hermit:LoneWolf"]}],"is_beta":false,"boss_relics":[],"items_purged_floors":[],"is_endless":false,"potions_floor_spawned":[1,11],"killed_by":"The Guardian","ascension_level":0}}