{"host":"qheym18ww6mhskxf","time":1612795126,"event":{"mods":["100% Spire Juice","BaseMod","CapriCore","Friendly Minions","GungeonMod","KOR Keyword Fix","Kiyohime£¨?ýï£©","Minty Spire (QoL Compilation)","Prisma Mod","Quick Restart","Rare Cards Sparkle","Shop Mod","Spicy Shops","StSLib","Td1madao Mod","The Dragon Tamer","Username Fix"],"gold_per_floor":[117,127,127,52,62,93,93,112,112,131,158,189,44,119,119,218,218,240,255,1,24,24,24,68,68,68],"floor_reached":25,"language":"KOR","playtime":1160,"items_purged":["Strike_G"],"score":494,"play_id":"267a2d69-40be-4ab2-abcd-7c61b9e57daa","local_time":"20210208233846","daily_mods":["Heirloom","Time Dilation","DeadlyEvents","Elite Swarm"],"is_ascension_mode":true,"campfire_choices":[{"floor":7.0,"key":"REST"},{"data":"PrismaMod:ChloeCheapAttack","floor":15.0,"key":"SMITH"},{"data":"PrismaMod:ChloeCarnivalDefend","floor":23.0,"key":"SMITH"}],"circlet_count":0,"master_deck":["Strike_G","Strike_G","Strike_G","Defend_G","Defend_G","Defend_G","Defend_G","Defend_G","Neutralize","PrismaMod:ChloeCheapAttack+1","Quick Slash","PrismaMod:ChloeCarnivalDefend+1","Slice+1","PrismaMod:ChloeCheapAttack+1","PrismaMod:ChloeRhongomyniad+1","PrismaMod:ChloeCarnivalAttack+1"],"relics":["Ring of the Snake","FossilizedHelix","Molten Egg 2","MerchantsRug","CeramicFish","WristBlade","Membership Card","Kunai","The Specimen"],"acts_visited":["Exordium","TheCity"],"potions_floor_usage":[25,25,25],"damage_taken":[{"damage":0.0,"enemies":"2 Louse","floor":1.0,"turns":3.0},{"damage":0.0,"enemies":"Cultist","floor":2.0,"turns":3.0},{"damage":0.0,"enemies":"Small Slimes","floor":5.0,"turns":3.0},{"damage":37.0,"enemies":"Lagavulin","floor":6.0,"turns":7.0},{"damage":0.0,"enemies":"Gremlin Gang","floor":8.0,"turns":9.0},{"damage":0.0,"enemies":"Blue Slaver","floor":10.0,"turns":3.0},{"damage":9.0,"enemies":"3 Sentries","floor":11.0,"turns":14.0},{"damage":2.0,"enemies":"Lagavulin","floor":12.0,"turns":9.0},{"damage":18.0,"enemies":"The Guardian","floor":16.0,"turns":16.0},{"damage":11.0,"enemies":"Spheric Guardian","floor":18.0,"turns":5.0},{"damage":0.0,"enemies":"2 Thieves","floor":19.0,"turns":4.0},{"damage":0.0,"enemies":"Centurion and Healer","floor":21.0,"turns":4.0},{"damage":41.0,"enemies":"Slavers","floor":24.0,"turns":6.0},{"damage":10,"enemies":"Gremlin Leader","floor":25,"turns":4}],"seed_played":"-7613598684397834825","potions_obtained":[{"floor":6.0,"key":"ColorlessPotion"},{"floor":8.0,"key":"Weak Potion"},{"floor":10.0,"key":"Regen Potion"},{"floor":16.0,"key":"BlessingOfTheForge"},{"floor":19.0,"key":"Strength Potion"},{"floor":24.0,"key":"EntropicBrew"}],"is_trial":true,"path_per_floor":["M","M","?","$","M","E","R","M","T","M","E","E","$","?","R","B",null,"M","M","$","M","?","R","E","E"],"character_chosen":"THE_SILENT","items_purchased":["MerchantsRug","CeramicFish","Membership Card","Kunai"],"campfire_rested":1,"item_purchase_floors":[13,13,20,20],"current_hp_per_floor":[63,63,63,63,63,26,47,47,47,47,38,51,51,44,44,26,59,48,48,48,48,48,48,7,0,0],"gold":68,"neow_bonus":"","is_daily":false,"chose_seed":false,"campfire_upgraded":2,"win_rate":0.0,"timestamp":1612795126,"path_taken":["M","M","?","$","M","E","R","M","T","M","?","E","$","?","R","BOSS","M","?","$","M","?","R","E","?"],"items_purchased_type":["Relic","Relic","Relic","Relic"],"build_version":"2020-12-22","purchased_purges":1,"victory":false,"max_hp_per_floor":[70,70,70,70,70,70,70,70,70,70,70,70,70,70,70,70,70,70,70,70,70,70,70,70,70,70],"card_choices":[{"not_picked":["PrismaMod:ChloeCheapDefend","Underhanded Strike"],"picked":"PrismaMod:ChloeCheapAttack","floor":1.0},{"not_picked":["PrismaMod:ChloeDiscardRecovery","Slice"],"picked":"Quick Slash","floor":2.0},{"not_picked":["PrismaMod:ChloeCheapDefend","Deflect","Acrobatics"],"picked":"SKIP","floor":5.0},{"not_picked":["Storm of Steel","Envenom"],"picked":"PrismaMod:ChloeCarnivalDefend","floor":6.0},{"not_picked":["Quick Slash+1","Terror"],"picked":"Slice+1","floor":8.0},{"not_picked":["Expertise","Prepared","PiercingWail"],"picked":"SKIP","floor":10.0},{"not_picked":["PrismaMod:ChloeAnyPowerTrace","PrismaMod:ChloeAnyCommonTrace","Storm of Steel"],"picked":"SKIP","floor":11.0},{"not_picked":["PrismaMod:ChloeGreatTracePools","Night Terror","PrismaMod:ChloeAnyCommonTrace"],"picked":"SKIP","floor":12.0},{"not_picked":["Underhanded Strike+1","PrismaMod:ChloeCheapAttackTwo+1"],"picked":"PrismaMod:ChloeCheapAttack+1","floor":18.0},{"not_picked":["Underhanded Strike+1","Outmaneuver+1","Acrobatics"],"picked":"SKIP","floor":19.0},{"not_picked":["Escape Plan","Quick Slash+1"],"picked":"PrismaMod:ChloeRhongomyniad+1","floor":21.0},{"not_picked":["PrismaMod:ChloeUnlimitedBladeWorks","PrismaMod:ChloeAnyAttackTrace"],"picked":"PrismaMod:ChloeCarnivalAttack+1","floor":24.0}],"player_experience":481176,"relics_obtained":[{"floor":6.0,"key":"Molten Egg 2"},{"floor":9.0,"key":"Ornamental Fan"},{"floor":11.0,"key":"Dream Catcher"},{"floor":12.0,"key":"Toy Ornithopter"},{"floor":24.0,"key":"The Specimen"}],"event_choices":[{"cards_removed":["Strike_G"],"damage_healed":0.0,"max_hp_gain":0.0,"max_hp_loss":0.0,"gold_gain":0.0,"event_name":"Purifier","player_choice":"Purged","floor":3.0,"gold_loss":0.0,"damage_taken":0.0},{"damage_healed":0.0,"max_hp_gain":0.0,"max_hp_loss":0.0,"gold_gain":75.0,"event_name":"FaceTrader","player_choice":"Touch","floor":14.0,"gold_loss":0.0,"damage_taken":7.0},{"cards_removed":["Survivor"],"damage_healed":0.0,"max_hp_gain":0.0,"max_hp_loss":0.0,"gold_gain":0.0,"event_name":"Wheel of Change","player_choice":"Card Removal","floor":22.0,"gold_loss":0.0,"damage_taken":0.0}],"is_beta":false,"boss_relics":[{"not_picked":["Coffee Dripper","Fusion Hammer"],"picked":"WristBlade"}],"items_purged_floors":[4],"is_endless":true,"potions_floor_spawned":[6,8,10,16,19,24],"killed_by":"Gremlin Leader","ascension_level":9}}