{"host":"1focbxb2e8qu7ccd","time":1612812489,"event":{"mods":["AchievementEnabler","BaseMod","Bestiary","Highlight Path","Minty Spire (QoL Compilation)","Relic Stats"],"gold_per_floor":[111,129,140,140,155,190,190,202,283,318,335,367,383,1,1,78,78,91,91,105,105,116,147,163,163,238,163,163,180,211,226,226,226,226],"floor_reached":33,"language":"ENG","playtime":2075,"items_purged":[],"score":647,"play_id":"3c913c43-d848-4492-b754-dfa031c103ea","local_time":"20210208142809","is_ascension_mode":true,"campfire_choices":[{"data":"Pommel Strike","floor":7.0,"key":"SMITH"},{"floor":15,"key":"REST"},{"data":"Rupture","floor":25,"key":"SMITH"},{"data":"Inflame","floor":28,"key":"SMITH"},{"floor":32,"key":"REST"}],"circlet_count":0,"master_deck":["AscendersBane","Strike_R+1","Strike_R+1","Defend_R+1","Defend_R+1","Defend_R+1","Bash","Pommel Strike+1","Battle Trance","Twin Strike","Rupture+1","Impervious","Armaments","Disarm","Feel No Pain","Combust","Reaper","Inflame+1","Battle Trance","Limit Break"],"relics":["Burning Blood","NeowsBlessing","Mango","The Courier","Bird Faced Urn","Boot","Membership Card","Orichalcum","Potion Belt","Runic Pyramid","Vajra","Pear","Tiny Chest"],"acts_visited":["Exordium","TheCity"],"potions_floor_usage":[23,23,24,30,30,30],"damage_taken":[{"damage":0.0,"enemies":"Cultist","floor":1.0,"turns":1.0},{"damage":0.0,"enemies":"Small Slimes","floor":2.0,"turns":1.0},{"damage":0.0,"enemies":"2 Louse","floor":3.0,"turns":1.0},{"damage":2.0,"enemies":"2 Fungi Beasts","floor":5.0,"turns":4.0},{"damage":35.0,"enemies":"3 Sentries","floor":6.0,"turns":9.0},{"damage":15.0,"enemies":"3 Louse","floor":8.0,"turns":4.0},{"damage":8.0,"enemies":"Gremlin Nob","floor":10.0,"turns":3.0},{"damage":0.0,"enemies":"Large Slime","floor":11.0,"turns":3.0},{"damage":50,"enemies":"Lagavulin","floor":12,"turns":8},{"damage":8,"enemies":"Lots of Slimes","floor":13,"turns":6},{"damage":31,"enemies":"The Guardian","floor":16,"turns":12},{"damage":27,"enemies":"Spheric Guardian","floor":18,"turns":6},{"damage":14,"enemies":"Chosen","floor":20,"turns":6},{"damage":23,"enemies":"Centurion and Healer","floor":22,"turns":8},{"damage":74,"enemies":"Book of Stabbing","floor":23,"turns":8},{"damage":50,"enemies":"3 Cultists","floor":24,"turns":6},{"damage":11,"enemies":"Snecko","floor":29,"turns":5},{"damage":69,"enemies":"Gremlin Leader","floor":30,"turns":8},{"damage":30,"enemies":"Snake Plant","floor":31,"turns":4},{"damage":114,"enemies":"Collector","floor":33,"turns":8}],"seed_played":"1387224814816271522","potions_obtained":[{"floor":2.0,"key":"SteroidPotion"},{"floor":8.0,"key":"Fire Potion"},{"floor":10.0,"key":"DistilledChaos"},{"floor":12,"key":"SpeedPotion"},{"floor":18,"key":"SkillPotion"},{"floor":23,"key":"Ancient Potion"},{"floor":24,"key":"Block Potion"},{"floor":29,"key":"EssenceOfSteel"}],"is_trial":false,"path_per_floor":["M","M","M","?","M","E","R","M","T","E","M","E","M","$","R","B",null,"M","?","M","?","M","E","M","R","T","?","R","M","E","M","R","B"],"character_chosen":"IRONCLAD","items_purchased":["Membership Card","Orichalcum","Feel No Pain","Combust","Potion Belt","LiquidMemories","LiquidMemories"],"campfire_rested":2,"item_purchase_floors":[14,14,14,14,14,14,14],"current_hp_per_floor":[74,75,75,75,75,60,60,51,51,49,55,13,11,11,37,18,71,61,61,67,67,74,24,17,17,27,27,27,44,24,23,52,0,0],"gold":226,"neow_bonus":"THREE_ENEMY_KILL","is_daily":false,"chose_seed":false,"campfire_upgraded":3,"win_rate":0.0,"timestamp":1612812489,"path_taken":["M","?","?","?","M","E","R","M","T","E","?","E","M","$","R","BOSS","M","?","M","?","M","E","M","R","T","?","R","M","E","M","R","BOSS"],"items_purchased_type":["Relic","Relic","Card","Card","Relic","Potion","Potion"],"build_version":"2020-12-22","purchased_purges":0,"victory":false,"max_hp_per_floor":[75,75,75,75,75,89,89,89,89,89,89,89,89,89,89,89,89,89,89,89,89,89,89,89,89,99,99,99,99,99,99,99,99,99],"relic_stats":{"counters":[20,111],"Bird Faced Urn":[64],"Tiny Chest":0,"Orichalcum":[138],"Boot":[12],"obtain_stats":[{"Potion Belt":14,"Pear":26,"NeowsBlessing":0,"Vajra":23,"Mango":6,"The Courier":9,"Orichalcum":14,"Boot":12,"Burning Blood":0,"Bird Faced Urn":10,"Tiny Chest":30,"Membership Card":14,"Runic Pyramid":17},{"Potion Belt":10,"Pear":16,"NeowsBlessing":0,"Vajra":15,"Mango":5,"The Courier":6,"Orichalcum":10,"Boot":9,"Burning Blood":0,"Bird Faced Urn":7,"Tiny Chest":18,"Membership Card":10,"Runic Pyramid":11},{"Potion Belt":40,"Pear":86,"NeowsBlessing":0,"Vajra":80,"Mango":16,"The Courier":20,"Orichalcum":40,"Boot":34,"Burning Blood":0,"Bird Faced Urn":23,"Tiny Chest":99,"Membership Card":40,"Runic Pyramid":52}],"Burning Blood":99},"card_choices":[{"not_picked":["Infernal Blade","Clothesline"],"picked":"Pommel Strike","floor":1.0},{"not_picked":["Shockwave","Pummel"],"picked":"Battle Trance","floor":2.0},{"not_picked":["Perfected Strike","Clothesline"],"picked":"Twin Strike","floor":3.0},{"not_picked":["Cleave","Clash"],"picked":"Rupture","floor":5.0},{"not_picked":["Shrug It Off","Infernal Blade"],"picked":"Impervious","floor":6.0},{"not_picked":["Flex","Heavy Blade"],"picked":"Armaments","floor":8.0},{"not_picked":["Whirlwind","Juggernaut"],"picked":"Disarm","floor":10.0},{"not_picked":["Clothesline","Perfected Strike","Flex"],"picked":"SKIP","floor":11.0},{"not_picked":["Thunderclap","Cleave","Whirlwind"],"picked":"SKIP","floor":12},{"not_picked":["Burning Pact","Heavy Blade","Havoc"],"picked":"SKIP","floor":13},{"not_picked":["Bludgeon","Berserk"],"picked":"Reaper","floor":16},{"not_picked":["Warcry","Cleave","Armaments"],"picked":"SKIP","floor":18},{"not_picked":["True Grit","Havoc","Clash"],"picked":"SKIP","floor":20},{"not_picked":["Metallicize+1","Inflame","Wild Strike"],"picked":"SKIP","floor":22},{"not_picked":["Armaments","Headbutt"],"picked":"Limit Break","floor":23},{"not_picked":["Dropkick","Fire Breathing","Sword Boomerang"],"picked":"SKIP","floor":24},{"not_picked":["Blood for Blood+1","Sentinel","Perfected Strike"],"picked":"SKIP","floor":29},{"not_picked":["Perfected Strike","Twin Strike+1","Sentinel"],"picked":"SKIP","floor":30},{"not_picked":["Twin Strike","Power Through","Anger"],"picked":"SKIP","floor":31}],"player_experience":897830,"relics_obtained":[{"floor":6.0,"key":"Mango"},{"floor":9.0,"key":"The Courier"},{"floor":10.0,"key":"Bird Faced Urn"},{"floor":12,"key":"Boot"},{"floor":23,"key":"Vajra"},{"floor":26,"key":"Pear"},{"floor":30,"key":"Tiny Chest"}],"event_choices":[{"cards_removed":["Strike_R"],"damage_healed":0.0,"max_hp_gain":0.0,"max_hp_loss":0.0,"gold_gain":0.0,"event_name":"Bonfire Elementals","player_choice":"Offered Basic","floor":4.0,"gold_loss":0.0,"damage_taken":0.0},{"damage_healed":0,"gold_gain":0,"player_choice":"Simplicity","damage_taken":0,"max_hp_gain":0,"max_hp_loss":0,"event_name":"Back to Basics","floor":19,"gold_loss":0,"cards_upgraded":["Strike_R","Strike_R","Strike_R","Strike_R","Defend_R","Defend_R","Defend_R","Defend_R"]},{"damage_healed":0,"gold_gain":0,"cards_transformed":["Strike_R","Defend_R"],"player_choice":"Became Test Subject","damage_taken":0,"max_hp_gain":0,"max_hp_loss":0,"event_name":"Drug Dealer","floor":21,"gold_loss":0,"cards_obtained":["Inflame","Battle Trance"]},{"cards_removed":["Strike_R"],"damage_healed":0,"gold_gain":0,"player_choice":"Gave Gold","damage_taken":0,"max_hp_gain":0,"max_hp_loss":0,"event_name":"Beggar","floor":27,"gold_loss":75}],"is_beta":false,"boss_relics":[{"not_picked":["Black Star","Sozu"],"picked":"Runic Pyramid"}],"items_purged_floors":[],"is_endless":false,"potions_floor_spawned":[2,8,10,12,18,23,24,29],"killed_by":"Collector","ascension_level":20}}