{"host":"gnfs9pc52tj5b2xa","time":1612768821,"event":{"mods":["BaseMod","Minty Spire (QoL Compilation)","Relic Sorter","Relic Stats","Slay the Relics Exporter","ojb\u0027s Better Paths Mod","ojb\u0027s Info Mod"],"gold_per_floor":[116,127,127,71,83,83,117,127,127,153,153,168,198,34,34,34,34],"floor_reached":16,"language":"ENG","playtime":837,"items_purged":[],"score":240,"play_id":"248742b3-2f52-40fe-ad87-d2f215dbc9e1","local_time":"20210207232021","is_ascension_mode":true,"campfire_choices":[{"data":"Bash","floor":11,"key":"SMITH"},{"data":"Inflame","floor":15,"key":"SMITH"}],"circlet_count":0,"master_deck":["AscendersBane","Strike_R","Strike_R","Strike_R","Strike_R","Strike_R","Defend_R","Defend_R","Defend_R","Defend_R","Bash+1","Dramatic Entrance+1","Carnage","Inflame+1","Sword Boomerang","Bludgeon","Anger","Carnage","Limit Break"],"relics":["Burning Blood","Strawberry","InkBottle","Potion Belt","Oddly Smooth Stone","Blood Vial","Bronze Scales"],"acts_visited":["Exordium"],"potions_floor_usage":[7,16,16],"damage_taken":[{"damage":14.0,"enemies":"Jaw Worm","floor":1.0,"turns":5.0},{"damage":0,"enemies":"2 Louse","floor":2,"turns":2},{"damage":0,"enemies":"Cultist","floor":5,"turns":2},{"damage":25,"enemies":"3 Sentries","floor":7,"turns":4},{"damage":0,"enemies":"Large Slime","floor":8,"turns":4},{"damage":30,"enemies":"Lagavulin","floor":10,"turns":6},{"damage":5,"enemies":"Looter","floor":12,"turns":2},{"damage":8,"enemies":"Gremlin Nob","floor":13,"turns":3},{"damage":20,"enemies":"Hexaghost","floor":16,"turns":4}],"seed_played":"6098848238250191992","potions_obtained":[{"floor":1.0,"key":"SkillPotion"},{"floor":7,"key":"Fire Potion"},{"floor":10,"key":"SpeedPotion"}],"is_trial":false,"path_per_floor":["M","M","?","$","M","?","E","M","T","E","R","M","E","$","R","B"],"character_chosen":"IRONCLAD","items_purchased":["Sword Boomerang","Bronze Scales"],"campfire_rested":0,"item_purchase_floors":[4,14],"current_hp_per_floor":[60,66,47,47,53,53,34,40,40,16,16,17,15,15,15,0,0],"gold":34,"neow_bonus":"RANDOM_COLORLESS","is_daily":false,"chose_seed":false,"campfire_upgraded":2,"win_rate":0.0,"timestamp":1612768821,"path_taken":["M","M","?","$","M","?","E","M","T","E","R","M","E","$","R","BOSS"],"items_purchased_type":["Card","Relic"],"build_version":"2020-12-22","purchased_purges":0,"victory":false,"max_hp_per_floor":[75,75,82,82,82,82,82,82,82,82,82,82,82,82,82,82,82],"relic_stats":{"Blood Vial":2,"counters":[9,32],"Bronze Scales":[24],"obtain_stats":[{"Potion Belt":9,"Blood Vial":13,"Strawberry":3,"Bronze Scales":14,"Oddly Smooth Stone":10,"Burning Blood":0,"InkBottle":7},{"Potion Belt":5,"Blood Vial":8,"Strawberry":2,"Bronze Scales":8,"Oddly Smooth Stone":6,"Burning Blood":0,"InkBottle":4},{"Potion Belt":17,"Blood Vial":28,"Strawberry":7,"Bronze Scales":28,"Oddly Smooth Stone":23,"Burning Blood":0,"InkBottle":13}],"Burning Blood":48,"InkBottle":[3]},"card_choices":[{"not_picked":["Swift Strike","Jack Of All Trades"],"picked":"Dramatic Entrance","floor":0.0},{"not_picked":["Heavy Blade","Blood for Blood"],"picked":"Carnage","floor":1.0},{"not_picked":["Battle Trance","Thunderclap"],"picked":"Inflame","floor":2},{"not_picked":["Havoc","Clothesline"],"picked":"Bludgeon","floor":5},{"not_picked":["Rage","Inflame","Fire Breathing"],"picked":"SKIP","floor":7},{"not_picked":["Body Slam","Perfected Strike"],"picked":"Anger","floor":8},{"not_picked":["Warcry","Intimidate"],"picked":"Carnage","floor":10},{"not_picked":["Sentinel","Carnage"],"picked":"Limit Break","floor":12},{"not_picked":["Warcry","Dual Wield","Clash"],"picked":"SKIP","floor":13}],"player_experience":1287973,"relics_obtained":[{"floor":7,"key":"InkBottle"},{"floor":9,"key":"Potion Belt"},{"floor":10,"key":"Oddly Smooth Stone"},{"floor":13,"key":"Blood Vial"}],"event_choices":[{"damage_healed":0,"gold_gain":0,"player_choice":"Success","damage_taken":26,"relics_obtained":["Strawberry"],"max_hp_gain":0,"max_hp_loss":0,"event_name":"Scrap Ooze","floor":3,"gold_loss":0},{"damage_healed":0,"gold_gain":0,"player_choice":"Upgraded","damage_taken":0,"max_hp_gain":0,"max_hp_loss":0,"event_name":"Upgrade Shrine","floor":6,"gold_loss":0,"cards_upgraded":["Dramatic Entrance"]}],"is_beta":false,"boss_relics":[],"items_purged_floors":[],"is_endless":false,"potions_floor_spawned":[1,7,10],"killed_by":"Hexaghost","ascension_level":20}}