{"host":"z42sc0n2dozsmk72","time":1612759469,"event":{"mods":["AchievementEnabler","BaseMod","Better Third Choice","Colored Map","Curses Come First","Highlight Path","Minty Spire (QoL Compilation)","Permanent Neow","Quick Restart","Relic Stats","Shop Mod","StSLib","egg","slay the spire mod where everything is the same but ironclad has a cowboy hat"],"gold_per_floor":[116,134,144,163,163,163,176,186,240,240,270,284,298,329,329,329,329],"floor_reached":16,"language":"ENG","playtime":1123,"items_purged":[],"score":139,"play_id":"43d7510e-6a20-4fd2-8df1-86dd230f3d6b","local_time":"20210208174429","is_ascension_mode":true,"campfire_choices":[{"data":"Dualcast","floor":6.0,"key":"SMITH"},{"data":"Zap","floor":10.0,"key":"SMITH"},{"data":"Cold Snap","floor":15,"key":"SMITH"}],"circlet_count":0,"master_deck":["Strike_B","Defend_B","Defend_B","Defend_B","Defend_B","Zap+1","Dualcast+1","Recycle+1","Rebound+1","Genetic Algorithm+1","Cold Snap+1","Cold Snap"],"relics":["Astrolabe","TungstenRod","Art of War","Ornamental Fan","Blood Vial"],"acts_visited":["Exordium"],"potions_floor_usage":[],"damage_taken":[{"damage":9.0,"enemies":"Cultist","floor":1.0,"turns":5.0},{"damage":0.0,"enemies":"2 Louse","floor":2.0,"turns":3.0},{"damage":0.0,"enemies":"Jaw Worm","floor":3.0,"turns":4.0},{"damage":0.0,"enemies":"2 Fungi Beasts","floor":4.0,"turns":4.0},{"damage":0.0,"enemies":"Exordium Wildlife","floor":7.0,"turns":5.0},{"damage":0.0,"enemies":"3 Louse","floor":8.0,"turns":4.0},{"damage":40,"enemies":"Gremlin Nob","floor":11,"turns":7},{"damage":2,"enemies":"Looter","floor":12,"turns":3},{"damage":7,"enemies":"2 Fungi Beasts","floor":13,"turns":3},{"damage":9,"enemies":"3 Sentries","floor":14,"turns":8},{"damage":15,"enemies":"Hexaghost","floor":16,"turns":11}],"seed_played":"-2010651892556584225","potions_obtained":[{"floor":1.0,"key":"FearPotion"},{"floor":2.0,"key":"GamblersBrew"},{"floor":3.0,"key":"LiquidMemories"},{"floor":11,"key":"SteroidPotion"},{"floor":12,"key":"LiquidBronze"}],"is_trial":false,"path_per_floor":["M","M","M","M","?","R","M","M","T","R","E","M","M","E","R","B"],"character_chosen":"DEFECT","items_purchased":[],"campfire_rested":0,"item_purchase_floors":[],"current_hp_per_floor":[66,66,66,66,66,66,66,66,66,66,26,24,17,8,8,0,0],"gold":329,"neow_bonus":"BOSS_RELIC","is_daily":false,"chose_seed":false,"campfire_upgraded":3,"win_rate":0.0,"timestamp":1612759469,"path_taken":["M","M","?","M","?","R","M","M","T","R","E","M","?","E","R","BOSS"],"items_purchased_type":[],"build_version":"2020-12-22","purchased_purges":0,"victory":false,"max_hp_per_floor":[75,75,75,75,75,75,75,75,75,75,75,75,75,75,75,75,75],"relic_stats":{"Blood Vial":2,"counters":[11,57],"Ornamental Fan":[4],"Astrolabe":["Recycle","Rebound","Genetic Algorithm"],"Art of War":[1],"obtain_stats":[{"Blood Vial":14,"Ornamental Fan":11,"Astrolabe":0,"Art of War":9,"Cracked Core":0,"TungstenRod":5},{"Blood Vial":10,"Ornamental Fan":7,"Astrolabe":0,"Art of War":6,"Cracked Core":0,"TungstenRod":4},{"Blood Vial":46,"Ornamental Fan":32,"Astrolabe":0,"Art of War":25,"Cracked Core":0,"TungstenRod":16}],"TungstenRod":14},"card_choices":[{"not_picked":["Turbo","Streamline"],"picked":"Cold Snap","floor":1.0},{"not_picked":["Doom and Gloom","Ball Lightning"],"picked":"Cold Snap","floor":2.0},{"not_picked":["Ball Lightning","Compile Driver","Cold Snap"],"picked":"SKIP","floor":3.0},{"not_picked":["Hologram","Lockon","Rip and Tear"],"picked":"SKIP","floor":4.0},{"not_picked":["Hologram","Lockon","Rip and Tear"],"picked":"SKIP","floor":4.0},{"not_picked":["Cold Snap","Double Energy","Stack"],"picked":"SKIP","floor":7.0},{"not_picked":["Compile Driver","Loop","Turbo"],"picked":"SKIP","floor":8.0},{"not_picked":["Turbo","Darkness","White Noise"],"picked":"SKIP","floor":11},{"not_picked":["Melter","Beam Cell","Sweeping Beam"],"picked":"SKIP","floor":12},{"not_picked":["Barrage","Ball Lightning","Hello World"],"picked":"SKIP","floor":13},{"not_picked":["Chill","Reinforced Body","Streamline"],"picked":"SKIP","floor":14}],"player_experience":920173,"relics_obtained":[{"floor":9.0,"key":"Art of War"},{"floor":11,"key":"Ornamental Fan"},{"floor":14,"key":"Blood Vial"}],"event_choices":[{"damage_healed":0.0,"max_hp_gain":0.0,"max_hp_loss":0.0,"gold_gain":0.0,"event_name":"WeMeetAgain","player_choice":"Gave Potion","floor":5.0,"gold_loss":0.0,"damage_taken":0.0,"relics_obtained":["TungstenRod"]}],"is_beta":false,"boss_relics":[],"items_purged_floors":[],"is_endless":false,"potions_floor_spawned":[1,2,3,11,12],"killed_by":"Hexaghost","ascension_level":4}}