{"host":"oopoa2qluour3scl","time":1612797300,"event":{"mods":["2.2 Compatiblity","AchievementEnabler","AlwaysNeverKeys","BaseMod","Better Match","Better Note","Better Sensory Stone","Better Synergies","Better Third Choice","Better Vampires","BetterRewards","Bossed Relics","Colored Powertips","Communication Mod","Infinite Spire","Minty Spire (QoL Compilation)","Practice Mode","Random Character Button","Relic Filter Mod","Relic Stats","Smile Girya","StS++","StSLib","SuperFastMode","Swap Starting Deck Mod","Weighted Paths"],"gold_per_floor":[114,114,130,61,71,71,0,15,61,61,74,74,94,113,113,210,210,221,221,291,291,306,334,353,378,401,401,419,419,419],"floor_reached":29,"language":"ENG","playtime":1251,"items_purged":[],"score":332,"play_id":"152cfff5-03f8-42a6-9b39-31cc178a9c34","local_time":"20210208161500","is_ascension_mode":false,"campfire_choices":[{"data":"Defragment","floor":6,"key":"SMITH"},{"data":"Redo","floor":12,"key":"SMITH"},{"data":"Seek","floor":15,"key":"SMITH"},{"data":"Double Energy","floor":27,"key":"SMITH"}],"circlet_count":0,"master_deck":["Blizzard","Blizzard","Blizzard","Blizzard","Blizzard","Chill","Coolheaded","Coolheaded","Coolheaded","Coolheaded","Defragment+1","Flash of Steel","Gash","Reinforced Body","Seek+1","Enlightenment","Gash","Redo+1","White Noise","Machine Learning","Gash","infinitespire:TheBestDefense+1","Double Energy+1","Defragment+1","Hologram+1","Rebound+1","Gash+1"],"relics":["Cracked Core","swapstartingdeckmod:DeadBlossom","infinitespire:PuzzleCube","Omamori","Inserter","Mummified Hand","infinitespire:Lucky Rock","Vajra","Art of War"],"acts_visited":["Exordium","TheCity"],"potions_floor_usage":[16,28],"damage_taken":[{"damage":2,"enemies":"Small Slimes","floor":1,"turns":3},{"damage":5,"enemies":"Jaw Worm","floor":3,"turns":3},{"damage":0,"enemies":"Cultist","floor":5,"turns":3},{"damage":11,"enemies":"3 Louse","floor":8,"turns":3},{"damage":0,"enemies":"Lots of Slimes","floor":11,"turns":1},{"damage":0,"enemies":"Exordium Thugs","floor":13,"turns":3},{"damage":12,"enemies":"Blue Slaver","floor":14,"turns":3},{"damage":34,"enemies":"The Guardian","floor":16,"turns":7},{"damage":4,"enemies":"Spheric Guardian","floor":18,"turns":4},{"damage":0,"enemies":"Chosen","floor":22,"turns":5},{"damage":25,"enemies":"Slavers","floor":23,"turns":5},{"damage":1,"enemies":"Centurion and Healer","floor":24,"turns":5},{"damage":4,"enemies":"Gremlin Leader","floor":25,"turns":5},{"damage":8,"enemies":"Shelled Parasite and Fungi","floor":28,"turns":4},{"damage":14,"enemies":"Slavers","floor":29,"turns":2}],"seed_played":"3462570864298129433","potions_obtained":[{"floor":3,"key":"Regen Potion"},{"floor":11,"key":"AttackPotion"},{"floor":18,"key":"Strength Potion"},{"floor":23,"key":"SteroidPotion"},{"floor":25,"key":"StSpp:ScatteredWeakPotion"}],"is_trial":false,"path_per_floor":["M","?","M","$","M","R","?","M","T","?","M","R","M","M","R","B",null,"M","?","T","$","M","E","M","E","T","R","M","E"],"character_chosen":"DEFECT","items_purchased":["Reinforced Body"],"campfire_rested":0,"item_purchase_floors":[4],"current_hp_per_floor":[73,73,68,68,68,68,71,60,60,60,60,60,60,48,48,14,55,51,51,51,51,51,26,25,21,21,21,13,0,0],"gold":419,"neow_bonus":"","is_daily":false,"chose_seed":false,"campfire_upgraded":4,"win_rate":0.0,"timestamp":1612797300,"path_taken":["M","?","M","$","M","R","?","M","T","?","M","R","M","?","R","BOSS","M","?","?","$","M","E","?","E","T","R","M","E"],"items_purchased_type":["Card"],"build_version":"2020-12-22","purchased_purges":0,"victory":false,"max_hp_per_floor":[75,75,75,75,75,75,81,81,81,81,81,81,81,81,81,81,81,81,81,81,81,81,81,81,81,81,81,81,81,81],"relic_stats":{"Inserter":[15],"counters":[15,56],"Mummified Hand":[18],"Art of War":[0],"obtain_stats":[{"swapstartingdeckmod:DeadBlossom":0,"Inserter":17,"Mummified Hand":20,"Vajra":25,"Omamori":10,"Art of War":26,"infinitespire:Lucky Rock":23,"Cracked Core":0,"infinitespire:PuzzleCube":9},{"swapstartingdeckmod:DeadBlossom":0,"Inserter":8,"Mummified Hand":9,"Vajra":13,"Omamori":4,"Art of War":13,"infinitespire:Lucky Rock":11,"Cracked Core":0,"infinitespire:PuzzleCube":4},{"swapstartingdeckmod:DeadBlossom":0,"Inserter":26,"Mummified Hand":30,"Vajra":50,"Omamori":12,"Art of War":50,"infinitespire:Lucky Rock":40,"Cracked Core":0,"infinitespire:PuzzleCube":12}]},"card_choices":[{"not_picked":["Steam","Lockon"],"picked":"Defragment","floor":1},{"not_picked":["PanicButton","Forethought"],"picked":"Flash of Steel","floor":2},{"not_picked":["Ball Lightning","Beam Cell"],"picked":"Gash","floor":3},{"not_picked":["Auto Shields","Defragment"],"picked":"Seek","floor":5},{"not_picked":["Auto Shields","Doom and Gloom"],"picked":"Gash","floor":8},{"not_picked":["Hello World","Steam"],"picked":"Redo","floor":11},{"not_picked":["Reprogram","Steam Power"],"picked":"White Noise","floor":13},{"not_picked":["Rip and Tear","Barrage","Streamline"],"picked":"SKIP","floor":14},{"not_picked":["Rainbow","All For One"],"picked":"Machine Learning","floor":16},{"not_picked":["Go for the Eyes","Redo"],"picked":"Gash","floor":18},{"not_picked":["Steam Power","Redo"],"picked":"Double Energy","floor":22},{"not_picked":["Undo+1","Storm"],"picked":"Defragment+1","floor":23},{"not_picked":["StSpp:Channeliser","Storm"],"picked":"Hologram+1","floor":24},{"not_picked":["Steam Power","Streamline"],"picked":"Rebound+1","floor":25},{"not_picked":["Steam Power","Barrage"],"picked":"Gash+1","floor":28}],"player_experience":505152,"relics_obtained":[{"floor":9,"key":"infinitespire:PuzzleCube"},{"floor":20,"key":"Mummified Hand"},{"floor":23,"key":"infinitespire:Lucky Rock"},{"floor":25,"key":"Vajra"},{"floor":26,"key":"Art of War"}],"event_choices":[{"damage_healed":0,"gold_gain":1,"player_choice":"1","damage_taken":0,"max_hp_gain":0,"max_hp_loss":0,"event_name":"betterStone:BetterStone","floor":2,"gold_loss":0},{"damage_healed":0,"gold_gain":0,"player_choice":"RENOUNCE","damage_taken":71,"max_hp_gain":0,"max_hp_loss":0,"event_name":"betterThird:BetterSerpent","floor":7,"gold_loss":71,"cards_obtained":["Enlightenment"]},{"damage_healed":0,"gold_gain":0,"player_choice":"Gave Potion","damage_taken":0,"relics_obtained":["Omamori"],"max_hp_gain":0,"max_hp_loss":0,"event_name":"WeMeetAgain","floor":10,"gold_loss":0},{"cards_removed":["Seek"],"damage_healed":0,"gold_gain":0,"player_choice":"Take \u0026 Give","damage_taken":0,"max_hp_gain":0,"max_hp_loss":0,"event_name":"betterNote:BetterNote","floor":19,"gold_loss":0,"cards_obtained":["infinitespire:TheBestDefense"]}],"is_beta":false,"boss_relics":[{"not_picked":["Runic Pyramid","Black Star"],"picked":"Inserter"}],"items_purged_floors":[],"is_endless":false,"potions_floor_spawned":[3,11,18,23,25],"killed_by":"Slavers","ascension_level":0}}