{"host":"7jxhn92mkgyil7o5","time":1612812779,"event":{"mods":["BaseMod","Colored Map","Minty Spire (QoL Compilation)","Permanent Neow"],"gold_per_floor":[113,113,113,28,47,47,76,76,76,76,87,115,125,125,125,197,197,215,229,244,258,148,182,182,201,255,333,346,346,346,346],"floor_reached":30,"language":"ENG","playtime":3319,"items_purged":[],"score":710,"play_id":"7e5864b7-3f41-427e-b2a3-26530151aa7f","local_time":"20210208203259","is_ascension_mode":true,"campfire_choices":[{"data":"Conclude","floor":6.0,"key":"SMITH"},{"data":"WaveOfTheHand","floor":8.0,"key":"SMITH"},{"data":"Meditate","floor":15.0,"key":"SMITH"},{"floor":24.0,"key":"REST"}],"circlet_count":0,"master_deck":["AscendersBane","Strike_P+1","Defend_P+1","Defend_P+1","Defend_P+1","Eruption+1","Vigilance+1","Conclude+1","Vault+1","Consecrate+1","DevaForm","Protect","WaveOfTheHand+1","LessonLearned+1","DeceiveReality","Meditate+1","Omniscience+1","Indignation+1","EmptyMind+1","BattleHymn+1","Wish","CutThroughFate","Adaptation","Writhe"],"relics":["PureWater","Lizard Tail","Art of War","Dead Branch","Strawberry","Runic Dome","Potion Belt","Nunchaku","TungstenRod"],"acts_visited":["Exordium","TheCity"],"potions_floor_usage":[30],"damage_taken":[{"damage":2.0,"enemies":"Small Slimes","floor":1.0,"turns":3.0},{"damage":2.0,"enemies":"2 Louse","floor":5.0,"turns":4.0},{"damage":2.0,"enemies":"3 Sentries","floor":7.0,"turns":3.0},{"damage":4.0,"enemies":"Jaw Worm","floor":11.0,"turns":5.0},{"damage":0.0,"enemies":"Gremlin Nob","floor":12.0,"turns":3.0},{"damage":12.0,"enemies":"Exordium Wildlife","floor":13.0,"turns":5.0},{"damage":0.0,"enemies":"The Guardian","floor":16.0,"turns":11.0},{"damage":0.0,"enemies":"3 Byrds","floor":18.0,"turns":9.0},{"damage":29.0,"enemies":"Shell Parasite","floor":19.0,"turns":10.0},{"damage":8.0,"enemies":"Cultist and Chosen","floor":20.0,"turns":4.0},{"damage":6.0,"enemies":"Snecko","floor":21.0,"turns":10.0},{"damage":21.0,"enemies":"Book of Stabbing","floor":23.0,"turns":7.0},{"damage":0.0,"enemies":"3 Cultists","floor":25.0,"turns":5.0},{"damage":50.0,"enemies":"Slavers","floor":27.0,"turns":7.0},{"damage":0.0,"enemies":"Sentry and Sphere","floor":28.0,"turns":3.0},{"damage":20,"enemies":"Masked Bandits","floor":30,"turns":2}],"seed_played":"-7026667527640898541","potions_obtained":[{"floor":1.0,"key":"FairyPotion"},{"floor":5.0,"key":"Strength Potion"},{"floor":13.0,"key":"Energy Potion"},{"floor":19.0,"key":"Fire Potion"},{"floor":25.0,"key":"GamblersBrew"},{"floor":27.0,"key":"CultistPotion"}],"is_trial":false,"path_per_floor":["M","?","?","$","M","R","E","R","T","?","M","E","M","?","R","B",null,"M","M","M","M","?","E","R","M","T","E","M","?","?"],"character_chosen":"WATCHER","items_purchased":["DevaForm"],"campfire_rested":1,"item_purchase_floors":[4],"current_hp_per_floor":[59,48,29,29,27,27,25,25,25,25,21,28,16,16,16,16,56,56,27,19,13,13,15,35,35,35,19,19,19,0,0],"gold":346,"neow_bonus":"TRANSFORM_TWO_CARDS","is_daily":false,"chose_seed":false,"campfire_upgraded":3,"win_rate":0.0,"timestamp":1612812779,"path_taken":["M","?","?","?","?","R","E","R","T","?","?","E","M","?","R","BOSS","M","?","M","M","?","E","R","M","T","E","?","?","?"],"items_purchased_type":["Card"],"build_version":"2020-12-22","purchased_purges":0,"victory":false,"max_hp_per_floor":[62,62,62,62,62,62,62,62,62,62,62,69,69,69,69,69,69,69,69,69,69,69,69,69,69,69,69,69,69,69,69],"card_choices":[{"not_picked":["EmptyBody","Indignation"],"picked":"Consecrate","floor":1.0},{"not_picked":["Consecrate","EmptyFist"],"picked":"Protect","floor":5.0},{"not_picked":["FlyingSleeves","Evaluate"],"picked":"WaveOfTheHand","floor":7.0},{"not_picked":["FollowUp","Crescendo"],"picked":"LessonLearned","floor":11.0},{"not_picked":["Evaluate","FollowUp"],"picked":"DeceiveReality","floor":12.0},{"not_picked":["ThirdEye","Evaluate"],"picked":"Meditate","floor":13.0},{"not_picked":["ConjureBlade","Scrawl"],"picked":"Omniscience","floor":16.0},{"not_picked":["Perseverance","WreathOfFlame","Halt"],"picked":"SKIP","floor":18.0},{"not_picked":["CrushJoints","JustLucky"],"picked":"Indignation","floor":19.0},{"not_picked":["DeceiveReality","EmptyBody"],"picked":"EmptyMind","floor":20.0},{"not_picked":["ClearTheMind","Crescendo"],"picked":"BattleHymn","floor":21.0},{"not_picked":["Evaluate","FollowUp","Conclude"],"picked":"SKIP","floor":23.0},{"not_picked":["Worship","Evaluate+1"],"picked":"Wish","floor":25.0},{"not_picked":["Prostrate","Blasphemy"],"picked":"CutThroughFate","floor":27.0},{"not_picked":["JustLucky","Nirvana"],"picked":"Adaptation","floor":28.0}],"player_experience":987691,"relics_obtained":[{"floor":7.0,"key":"Art of War"},{"floor":9.0,"key":"Dead Branch"},{"floor":12.0,"key":"Strawberry"},{"floor":23.0,"key":"Potion Belt"},{"floor":27.0,"key":"Nunchaku"}],"event_choices":[{"damage_healed":0.0,"max_hp_gain":0.0,"max_hp_loss":0.0,"gold_gain":0.0,"event_name":"Scrap Ooze","player_choice":"Success","floor":2.0,"gold_loss":0.0,"damage_taken":11.0,"relics_obtained":["Lizard Tail"]},{"damage_healed":0.0,"max_hp_gain":0.0,"max_hp_loss":0.0,"gold_gain":0.0,"event_name":"Shining Light","player_choice":"Entered Light","floor":3.0,"gold_loss":0.0,"damage_taken":19.0,"cards_upgraded":["Strike_P","Consecrate"]},{"cards_removed":["Strike_P"],"damage_healed":0.0,"max_hp_gain":0.0,"max_hp_loss":0.0,"gold_gain":0.0,"event_name":"Purifier","player_choice":"Purged","floor":10.0,"gold_loss":0.0,"damage_taken":0.0},{"damage_healed":0.0,"max_hp_gain":0.0,"max_hp_loss":0.0,"gold_gain":0.0,"event_name":"Lab","player_choice":"Got Potions","floor":14.0,"gold_loss":0.0,"damage_taken":0.0},{"cards_removed":["Strike_P"],"damage_healed":0.0,"max_hp_gain":0.0,"max_hp_loss":0.0,"gold_gain":0.0,"event_name":"Designer","player_choice":"Upgrade and Remove","floor":22.0,"gold_loss":110.0,"damage_taken":0.0,"cards_upgraded":["Defend_P"]},{"damage_healed":0.0,"max_hp_gain":0.0,"max_hp_loss":0.0,"gold_gain":0.0,"event_name":"The Mausoleum","player_choice":"Opened","floor":29.0,"gold_loss":0.0,"damage_taken":0.0,"relics_obtained":["TungstenRod"],"cards_obtained":["Writhe"]},{"damage_healed":0,"gold_gain":0,"player_choice":"Fought Bandits","damage_taken":0,"max_hp_gain":0,"max_hp_loss":0,"event_name":"Masked Bandits","floor":30,"gold_loss":0}],"is_beta":false,"boss_relics":[{"not_picked":["SacredBark","Sozu"],"picked":"Runic Dome"}],"items_purged_floors":[],"is_endless":false,"potions_floor_spawned":[1,5,13,19,21,25,27],"killed_by":"Masked Bandits","ascension_level":20}}