{"host":"sir4nii948aluuji","time":1612763193,"event":{"mods":["AchievementEnabler","BaseMod","Better Third Choice","BetterRewards","Colored Map","Colored Powertips","Conspire","Minty Spire (QoL Compilation)","Rare Cards Sparkle","Shop Mod","Spicy Shops","StSLib","Waifu the Spire"],"gold_per_floor":[111,111,61,77,92,92,367,105,105,117,147,159,200,231,243,358,370,402,433,805,817,817],"floor_reached":21,"language":"ENG","playtime":1322,"items_purged":[],"score":222,"play_id":"97371d14-7293-449e-9a37-1c3fb4af1a8b","local_time":"20210208144633","is_ascension_mode":true,"campfire_choices":[{"data":"Gash","floor":6,"key":"SMITH"},{"data":"Scrape","floor":10,"key":"SMITH"},{"data":"Zap","floor":12,"key":"SMITH"},{"data":"Beam Cell","floor":15,"key":"SMITH"}],"circlet_count":0,"master_deck":["Strike_B","Strike_B","Strike_B","Strike_B","Defend_B","Defend_B","Defend_B","Defend_B","Zap+1","Dualcast","Hologram","Cold Snap","Gash+1","Regret","Scrape+1","Pain","Coolheaded","Beam Cell+1","BootSequence","All For One","Leap","Redo+1"],"relics":["Cracked Core","NeowsBlessing","conspire:BottledYoYo","Membership Card","Bag of Preparation","MerchantsRug","Cauldron","MawBank","Centennial Puzzle","Nuclear Battery"],"acts_visited":["Exordium","TheCity"],"potions_floor_usage":[16],"damage_taken":[{"damage":0,"enemies":"Jaw Worm","floor":1,"turns":1},{"damage":0,"enemies":"2 Louse","floor":4,"turns":1},{"damage":0,"enemies":"Cultist","floor":5,"turns":1},{"damage":18,"enemies":"3 Louse","floor":11,"turns":3},{"damage":17,"enemies":"Gremlin Nob","floor":13,"turns":3},{"damage":14,"enemies":"Gremlin Gang","floor":14,"turns":3},{"damage":19,"enemies":"Slime Boss","floor":16,"turns":8},{"damage":28,"enemies":"conspire:FuzzyDice","floor":18,"turns":3},{"damage":9,"enemies":"Chosen","floor":19,"turns":3},{"damage":7,"enemies":"3 Cultists","floor":21,"turns":2}],"seed_played":"7706208248582236578","potions_obtained":[{"floor":1,"key":"EssenceOfDarkness"},{"floor":5,"key":"Energy Potion"},{"floor":8,"key":"Regen Potion"},{"floor":8,"key":"EssenceOfSteel"},{"floor":8,"key":"SteroidPotion"},{"floor":14,"key":"LiquidMemories"}],"is_trial":false,"path_per_floor":["M","?","?","M","M","R","?","$","T","R","M","R","E","M","R","B",null,"M","M","?","M"],"character_chosen":"DEFECT","items_purchased":["Membership Card","Scrape","Bag of Preparation","MerchantsRug","Cauldron"],"campfire_rested":0,"item_purchase_floors":[8,8,8,8,8],"current_hp_per_floor":[75,75,75,75,75,75,75,75,75,75,57,57,40,26,26,7,75,47,38,2,0,0],"gold":817,"neow_bonus":"THREE_ENEMY_KILL","is_daily":false,"chose_seed":false,"campfire_upgraded":4,"win_rate":0.0,"timestamp":1612763193,"path_taken":["M","?","?","?","M","R","?","$","T","R","M","R","E","?","R","BOSS","M","M","?","?"],"items_purchased_type":["Relic","Card","Relic","Relic","Relic"],"build_version":"2020-12-22","purchased_purges":0,"victory":false,"max_hp_per_floor":[75,75,75,75,75,75,75,75,75,75,75,75,75,75,75,75,75,75,75,75,75,75],"card_choices":[{"not_picked":["Blizzard","Stack"],"picked":"Hologram","floor":1},{"not_picked":["Consume","Sweeping Beam"],"picked":"Cold Snap","floor":4},{"not_picked":["Ball Lightning","Compile Driver"],"picked":"Gash","floor":5},{"not_picked":["Hologram","Reprogram"],"picked":"Coolheaded","floor":11},{"not_picked":["Turbo","conspire:SharedLibrary"],"picked":"Beam Cell","floor":13},{"not_picked":["Fusion","Conserve Battery"],"picked":"BootSequence","floor":14},{"not_picked":["Rainbow","Creative AI"],"picked":"All For One","floor":16},{"not_picked":["Coolheaded+1","Undo"],"picked":"Leap","floor":18},{"not_picked":["Compile Driver","Streamline"],"picked":"Redo+1","floor":19}],"player_experience":284335,"relics_obtained":[{"floor":9,"key":"MawBank"},{"floor":13,"key":"Centennial Puzzle"}],"event_choices":[{"damage_healed":0,"gold_gain":0,"player_choice":"Box","damage_taken":0,"relics_obtained":["conspire:BottledYoYo"],"max_hp_gain":0,"max_hp_loss":0,"event_name":"Big Fish","floor":2,"gold_loss":0,"cards_obtained":["Regret"]},{"cards_removed":["Regret"],"damage_healed":0,"gold_gain":0,"player_choice":"Card Removal","damage_taken":0,"max_hp_gain":0,"max_hp_loss":0,"event_name":"The Cleric","floor":3,"gold_loss":50},{"damage_healed":0,"gold_gain":275,"player_choice":"Desecrate","damage_taken":0,"max_hp_gain":0,"max_hp_loss":0,"event_name":"Golden Shrine","floor":7,"gold_loss":0,"cards_obtained":["Regret"]},{"damage_healed":0,"gold_gain":360,"player_choice":"GOLD GOLD GOLD GOLD ","damage_taken":36,"max_hp_gain":0,"max_hp_loss":0,"event_name":"Knowing Skull","floor":20,"potions_obtained":[],"gold_loss":0,"cards_obtained":[]}],"is_beta":false,"boss_relics":[{"not_picked":["conspire:RunicOctahedron","Runic Pyramid"],"picked":"Nuclear Battery"}],"items_purged_floors":[],"is_endless":false,"potions_floor_spawned":[1,5,14],"killed_by":"3 Cultists","ascension_level":2}}