{"host":"kaame4qwxxqnygv7","time":1612765822,"event":{"mods":["AchievementEnabler","BaseMod","Better Match","Better Skull","Better Third Choice","Block Reminder","DeckTracker","Energized Spire","GungeonMod","Minty Spire (QoL Compilation)","Quick Restart","Red Circlet Mod","StSLib","SuperFastMode","The Blue Laboratory"],"gold_per_floor":[119,4,20,20,20,55,55,68,68,83,102,49,49,68,68,193,193,211,440,458,471,386,386,427,427,427,427,451,476,491,514,538,538,538,669,669,669,730,730,793,266,266,297,432,432,432,432,445,445,459,459,459,459,459,7,46,46],"floor_reached":58,"language":"KOR","playtime":2892,"items_purged":["DemoMod:Elimentaler"],"score":1459,"play_id":"1303b89f-220f-49a2-9be3-4be31a61a2be","local_time":"20210208153022","is_ascension_mode":true,"campfire_choices":[{"floor":7.0,"key":"REST"},{"data":"Choke","floor":13.0,"key":"SMITH"},{"data":"Neutralize","floor":15.0,"key":"SMITH"},{"data":"After Image","floor":23.0,"key":"SMITH"},{"data":"Envenom","floor":25.0,"key":"SMITH"},{"data":"Calculated Gamble","floor":27.0,"key":"SMITH"},{"data":"Bullet Time","floor":33.0,"key":"SMITH"},{"floor":42.0,"key":"RECALL"},{"data":"Blade Dance","floor":51,"key":"SMITH"},{"data":"Infinite Blades","floor":54,"key":"SMITH"}],"circlet_count":0,"master_deck":["Strike_G","Strike_G","Strike_G","Strike_G","Defend_G","Defend_G","Defend_G","Defend_G","Defend_G","Survivor","Neutralize+1","Blade Dance+1","Calculated Gamble+1","Backflip","Backflip","Choke+1","Cloak And Dagger","After Image+1","Blade Dance+1","Infinite Blades+1","Envenom+1","Blade Dance+1","Terror+1","Bullet Time+1","Escape Plan","Blur+1","Acrobatics","Writhe","Footwork+1","Caltrops+1"],"relics":["Ring of the Snake","NeowsBlessing","MealTicket","Golden Idol","Vajra","Bag of Preparation","Eternal Feather","Coffee Dripper","Orichalcum","DemoMod:MemoryAlloy","DemoMod:RatBoots","DemoMod:ResourcefulSack","DemoMod:PartiallyEatenCheese","DemoMod:WaxWing","energizedSpire:EnergizedDie","WingedGreaves","DemoMod:SuperHotWatch","Juzu Bracelet","PreservedInsect","ClockworkSouvenir","Bottled Lightning","Mercury Hourglass","Blue Candle","Bottled Flame","TwistedFunnel","Blood Vial"],"acts_visited":["Exordium","TheCity","DemoMod:Maze","TheBeyond","TheEnding"],"potions_floor_usage":[],"damage_taken":[{"damage":0.0,"enemies":"Cultist","floor":1.0,"turns":1.0},{"damage":0.0,"enemies":"2 Louse","floor":3.0,"turns":1.0},{"damage":0.0,"enemies":"Gremlin Nob","floor":6.0,"turns":1.0},{"damage":0.0,"enemies":"Jaw Worm","floor":8.0,"turns":3.0},{"damage":0.0,"enemies":"Exordium Thugs","floor":10.0,"turns":4.0},{"damage":0.0,"enemies":"Blue Slaver","floor":11.0,"turns":3.0},{"damage":0.0,"enemies":"Gremlin Gang","floor":14.0,"turns":5.0},{"damage":0.0,"enemies":"Slime Boss","floor":16.0,"turns":7.0},{"damage":0.0,"enemies":"Spheric Guardian","floor":18.0,"turns":4.0},{"damage":0.0,"enemies":"Shell Parasite","floor":20.0,"turns":6.0},{"damage":0.0,"enemies":"Snake Plant","floor":21.0,"turns":6.0},{"damage":0.0,"enemies":"Book of Stabbing","floor":24.0,"turns":5.0},{"damage":0.0,"enemies":"DemoMod:4_Bullet_Kins_with_one_veteran","floor":28.0,"turns":5.0},{"damage":0.0,"enemies":"DemoMod:2_Veteran_bullet_kins_and_red_shotgun_kin","floor":29.0,"turns":3.0},{"damage":2.0,"enemies":"DemoMod:Veteran_shot_gun_kin_and_blue_shotgun_kin","floor":30.0,"turns":3.0},{"damage":13.0,"enemies":"DemoMod:Veteran_shot_gun_kin_and_blue_shotgun_kin_with_gunsinger","floor":31.0,"turns":4.0},{"damage":3.0,"enemies":"DemoMod:Red_and_blue_shotgun_kin_with_gunsinger","floor":32.0,"turns":3.0},{"damage":114.0,"enemies":"DemoMod:ResourcefulRat","floor":35.0,"turns":11.0},{"damage":0.0,"enemies":"3 Darklings","floor":37.0,"turns":3.0},{"damage":10.0,"enemies":"2 Orb Walkers","floor":38.0,"turns":5.0},{"damage":0.0,"enemies":"Mind Bloom Boss Battle","floor":40.0,"turns":6.0},{"damage":0,"enemies":"Reptomancer","floor":43,"turns":2},{"damage":1,"enemies":"Orb Walker","floor":48,"turns":2},{"damage":1,"enemies":"Jaw Worm Horde","floor":50,"turns":4},{"damage":35,"enemies":"Awakened One","floor":52,"turns":11},{"damage":1,"enemies":"Shield and Spear","floor":56,"turns":6},{"damage":32,"enemies":"The Heart","floor":57,"turns":7}],"seed_played":"-6877694041316775535","potions_obtained":[{"floor":1.0,"key":"blueLaboratory:StoneskinPotion"},{"floor":6.0,"key":"blueLaboratory:BubblePotion"},{"floor":8.0,"key":"blueLaboratory:SavagePotion"},{"floor":10.0,"key":"blueLaboratory:Moonshine"},{"floor":16.0,"key":"blueLaboratory:FruitPunch"},{"floor":24.0,"key":"blueLaboratory:Moonshine"},{"floor":28.0,"key":"blueLaboratory:PyrophylliteBrew"},{"floor":32.0,"key":"SpeedPotion"},{"floor":48,"key":"DistilledChaos"}],"is_trial":false,"path_per_floor":["M","$","M","?","?","E","R","M","T","M","M","?","R","M","R","B",null,"M","?","M","M","?","R","E","R","T","R","M","M","M","M","M","R","B","B",null,"M","?","?","?","$","R","E","?","T","T","?","M","?","M","R","B",null,"R","$","E","B",null],"character_chosen":"THE_SILENT","items_purchased":["DemoMod:GnawedKey","Juzu Bracelet","PreservedInsect","ClockworkSouvenir","blueLaboratory:NinjaPotion","Bottled Flame","TwistedFunnel"],"campfire_rested":1,"item_purchase_floors":[2,41,41,41,55,55,55],"current_hp_per_floor":[63,63,63,56,39,39,60,60,60,60,60,60,69,69,70,70,70,72,54,54,54,54,66,66,72,72,72,72,72,70,57,54,69,67,4,55,55,45,45,45,60,68,68,68,68,68,68,67,67,66,68,33,59,68,68,67,36],"gold":46,"neow_bonus":"THREE_ENEMY_KILL","is_daily":false,"chose_seed":false,"campfire_upgraded":8,"win_rate":0.0,"timestamp":1612765822,"path_taken":["M","$","?","?","?","E","R","?","T","M","M","?","R","M","R","BOSS","M","?","M","?","?","R","E","R","T","R","M","M","M","M","M","R","BOSS","BOSS","M","?","?","?","$","R","E","?","T","?","?","M","?","M","R","BOSS","R","$","E","BOSS"],"items_purchased_type":["Relic","Relic","Relic","Relic","Potion","Relic","Relic"],"build_version":"2020-12-22","purchased_purges":1,"victory":true,"max_hp_per_floor":[70,70,70,70,70,70,70,70,70,70,70,70,70,70,70,70,70,72,72,72,72,72,72,72,72,72,72,72,72,72,72,72,72,72,72,72,72,72,68,68,68,68,68,68,68,68,68,68,68,68,68,68,68,68,68,68,68],"card_choices":[{"not_picked":["Quick Slash","Dash"],"picked":"Blade Dance","floor":1.0},{"not_picked":["Dagger Spray","Quick Slash"],"picked":"Calculated Gamble","floor":3.0},{"not_picked":["Grand Finale","Flying Knee"],"picked":"Backflip","floor":6.0},{"not_picked":["Poisoned Stab","Dodge and Roll"],"picked":"Backflip","floor":8.0},{"not_picked":["Underhanded Strike","Distraction","Well Laid Plans"],"picked":"SKIP","floor":10.0},{"not_picked":["Flying Knee","Heel Hook"],"picked":"Choke","floor":11.0},{"not_picked":["Deadly Poison","Acrobatics"],"picked":"Cloak And Dagger","floor":14.0},{"not_picked":["Doppelganger","Corpse Explosion"],"picked":"After Image","floor":16.0},{"not_picked":["Bane","Predator","Dash"],"picked":"SKIP","floor":18.0},{"not_picked":["Infinite Blades","Bouncing Flask+1"],"picked":"Blade Dance+1","floor":20.0},{"not_picked":["Dagger Spray","Sucker Punch"],"picked":"Infinite Blades","floor":21.0},{"not_picked":["Dagger Spray","Skewer"],"picked":"Envenom","floor":24.0},{"not_picked":["Slice","Dagger Spray+1"],"picked":"Blade Dance+1","floor":28.0},{"not_picked":["Riddle With Holes","Catalyst+1"],"picked":"Terror+1","floor":29.0},{"not_picked":["Dagger Spray+1","Acrobatics","Sucker Punch"],"picked":"SKIP","floor":30.0},{"not_picked":["Riddle With Holes","Dash+1"],"picked":"Bullet Time","floor":31.0},{"not_picked":["Deflect","Setup"],"picked":"Escape Plan","floor":32.0},{"not_picked":[],"picked":"DemoMod:Elimentaler","floor":35.0},{"not_picked":["Dodge and Roll+1","Poisoned Stab","Dagger Spray+1"],"picked":"SKIP","floor":37.0},{"not_picked":["Escape Plan+1","Dagger Spray"],"picked":"Blur+1","floor":38.0},{"not_picked":["Tactician+1","Dash"],"picked":"Acrobatics","floor":43},{"not_picked":["Panacea","The Bomb","Metamorphosis"],"picked":"SKIP","floor":44},{"not_picked":["Escape Plan+1","Setup"],"picked":"Footwork+1","floor":48},{"not_picked":["Choke","Dagger Throw+1","Crippling Poison+1"],"picked":"SKIP","floor":50},{"not_picked":["Bullet Time","Underhanded Strike"],"picked":"Caltrops+1","floor":56}],"player_experience":254088,"relics_obtained":[{"floor":6.0,"key":"Vajra"},{"floor":9.0,"key":"Bag of Preparation"},{"floor":24.0,"key":"DemoMod:MemoryAlloy"},{"floor":36.0,"key":"DemoMod:RatBoots"},{"floor":36.0,"key":"DemoMod:ResourcefulSack"},{"floor":36.0,"key":"DemoMod:PartiallyEatenCheese"},{"floor":36.0,"key":"DemoMod:WaxWing"},{"floor":36.0,"key":"energizedSpire:EnergizedDie"},{"floor":38.0,"key":"WingedGreaves"},{"floor":40.0,"key":"DemoMod:SuperHotWatch"},{"floor":43,"key":"Bottled Lightning"},{"floor":44,"key":"Mercury Hourglass"},{"floor":46,"key":"Blue Candle"},{"floor":56,"key":"Blood Vial"}],"event_choices":[{"damage_healed":0.0,"max_hp_gain":0.0,"max_hp_loss":0.0,"gold_gain":0.0,"event_name":"betterThird:BetterScrap","player_choice":"Relic ","floor":4.0,"gold_loss":0.0,"damage_taken":7.0,"cards_obtained":["Wireheading"]},{"damage_healed":0.0,"max_hp_gain":0.0,"max_hp_loss":0.0,"gold_gain":0.0,"event_name":"Golden Idol","player_choice":"Take Damage","floor":5.0,"gold_loss":0.0,"damage_taken":17.0,"relics_obtained":["Golden Idol"]},{"damage_healed":0.0,"max_hp_gain":0.0,"max_hp_loss":0.0,"gold_gain":0.0,"event_name":"WeMeetAgain","player_choice":"Paid Gold","floor":12.0,"gold_loss":53.0,"damage_taken":0.0,"relics_obtained":["Eternal Feather"]},{"damage_healed":0.0,"max_hp_gain":0.0,"max_hp_loss":0.0,"gold_gain":229.0,"event_name":"betterSkull:BetterSkull","player_choice":"GO GO ","floor":19.0,"gold_loss":0.0,"damage_taken":20.0,"cards_upgraded":[],"relics_obtained":[]},{"damage_healed":0.0,"max_hp_gain":0.0,"max_hp_loss":0.0,"gold_gain":0.0,"event_name":"Addict","player_choice":"Obtained Relic","floor":22.0,"gold_loss":85.0,"damage_taken":0.0,"relics_obtained":["Orichalcum"]},{"damage_healed":0.0,"max_hp_gain":0.0,"max_hp_loss":0.0,"gold_gain":0.0,"event_name":"Mysterious Sphere","player_choice":"Fight","floor":38.0,"gold_loss":0.0,"damage_taken":0.0},{"damage_healed":0.0,"max_hp_gain":0.0,"max_hp_loss":4.0,"gold_gain":0.0,"event_name":"Winding Halls","player_choice":"Max HP","floor":39.0,"gold_loss":0.0,"damage_taken":0.0},{"damage_healed":0.0,"max_hp_gain":0.0,"max_hp_loss":0.0,"gold_gain":0.0,"event_name":"MindBloom","player_choice":"Fight","floor":40.0,"gold_loss":0.0,"damage_taken":0.0},{"damage_healed":0,"gold_gain":0,"player_choice":"Random: Red","damage_taken":0,"max_hp_gain":0,"max_hp_loss":0,"event_name":"betterThird:BetterPortal","floor":44,"gold_loss":0},{"damage_healed":0,"gold_gain":0,"player_choice":"Ignored","damage_taken":0,"max_hp_gain":0,"max_hp_loss":0,"event_name":"Tomb of Lord Red Mask","floor":47,"gold_loss":0},{"cards_removed":["Strike_G"],"damage_healed":0,"gold_gain":0,"player_choice":"Removed Attack","damage_taken":0,"max_hp_gain":0,"max_hp_loss":0,"event_name":"Falling","floor":49,"gold_loss":0}],"is_beta":false,"boss_relics":[{"not_picked":["Tiny House","energizedSpire:SpiderWeb"],"picked":"Coffee Dripper"},{"not_picked":[]}],"items_purged_floors":[41],"is_endless":false,"potions_floor_spawned":[1,6,8,10,16,24,28,32,48],"ascension_level":6}}