{"host":"uv5ws9rdk87e8i5k","time":1612802432,"event":{"mods":["AchievementEnabler","BaseMod","Colored Map","Minty Spire (QoL Compilation)","Permanent Neow","Quick Restart","StSLib","SuperFastMode","The Necromancer"],"gold_per_floor":[19,34,53,67,87,119,132,132,132],"floor_reached":8,"language":"ENG","playtime":311,"items_purged":[],"score":81,"play_id":"29741e11-d58f-4e4a-a0e6-64c1890a7403","local_time":"20210208104032","is_ascension_mode":true,"campfire_choices":[],"circlet_count":0,"master_deck":["Strike_R","Strike_R","Strike_R","Strike_R","Strike_R","Defend_R","Defend_R","Defend_R","Defend_R","Bash","Demon Form","Wild Strike","Pommel Strike","Battle Trance","Heavy Blade"],"relics":["Burning Blood","InkBottle"],"acts_visited":["Exordium"],"potions_floor_usage":[4,8],"damage_taken":[{"damage":1.0,"enemies":"Cultist","floor":1.0,"turns":4.0},{"damage":0.0,"enemies":"Small Slimes","floor":2.0,"turns":3.0},{"damage":2.0,"enemies":"2 Louse","floor":3.0,"turns":4.0},{"damage":26,"enemies":"Large Slime","floor":4,"turns":6},{"damage":17,"enemies":"Exordium Wildlife","floor":5,"turns":4},{"damage":25,"enemies":"Lagavulin","floor":6,"turns":7},{"damage":8,"enemies":"Blue Slaver","floor":7,"turns":3},{"damage":30,"enemies":"3 Sentries","floor":8,"turns":6}],"seed_played":"8653067024222830895","potions_obtained":[{"floor":1.0,"key":"ColorlessPotion"},{"floor":6,"key":"SteroidPotion"},{"floor":7,"key":"PowerPotion"}],"is_trial":false,"path_per_floor":["M","M","M","M","M","E","M","E"],"character_chosen":"IRONCLAD","items_purchased":[],"campfire_rested":0,"item_purchase_floors":[],"current_hp_per_floor":[77,80,80,60,49,30,28,0,0],"gold":132,"neow_bonus":"THREE_RARE_CARDS","is_daily":false,"chose_seed":false,"campfire_upgraded":0,"win_rate":0.0,"timestamp":1612802432,"path_taken":["M","M","M","M","?","E","M","E"],"items_purchased_type":[],"build_version":"2020-12-22","purchased_purges":0,"victory":false,"max_hp_per_floor":[80,80,80,80,80,80,80,80,80],"card_choices":[{"not_picked":["Feed","Berserk"],"picked":"Demon Form","floor":0.0},{"not_picked":["Dark Embrace","Burning Pact"],"picked":"Wild Strike","floor":1.0},{"not_picked":["Armaments","Clash"],"picked":"Pommel Strike","floor":2.0},{"not_picked":["Thunderclap","Perfected Strike"],"picked":"Battle Trance","floor":3.0},{"not_picked":["Clash","Entrench","Armaments"],"picked":"SKIP","floor":4},{"not_picked":["Anger","Fire Breathing","Armaments"],"picked":"SKIP","floor":5},{"not_picked":["Brutality","Body Slam","Combust"],"picked":"SKIP","floor":6},{"not_picked":["Shockwave","Sword Boomerang"],"picked":"Heavy Blade","floor":7}],"player_experience":252275,"relics_obtained":[{"floor":6,"key":"InkBottle"}],"event_choices":[],"is_beta":false,"boss_relics":[],"items_purged_floors":[],"is_endless":false,"potions_floor_spawned":[1,6,7],"killed_by":"3 Sentries","ascension_level":6}}