{"host":"v4tuy5ykrbdcm9o9","time":1612805680,"event":{"mods":["BaseMod","Duelist Mod","Minty Spire (QoL Compilation)","Replay The Spire","StSLib"],"gold_per_floor":[116,131,143,168,168,194,214,416,471,497,517,517,546,546,546,649,649,665,665,685,700,385,414,414,449,449,449,465,465,498,513,513,615,615,626,640,640,640,640],"floor_reached":38,"language":"ENG","playtime":2966,"items_purged":[],"score":705,"play_id":"20b6b5e0-e3c6-42c9-b765-2aa2986911c8","local_time":"20210208123440","is_ascension_mode":true,"campfire_choices":[{"floor":12,"key":"REST"},{"floor":15,"key":"REST"},{"floor":24,"key":"RECALL"},{"floor":29,"key":"REST"},{"data":"Hologram","floor":32,"key":"SMITH"}],"circlet_count":0,"master_deck":["Strike_B","Strike_B","Strike_B","Strike_B","Defend_B","Defend_B","Defend_B","Defend_B","Scrape","Auto Shields","Streamline","Vigilance","Eruption","Beam Cell","Gash","Steam","Beam Cell","Gash","Turbo","Mirror Shield+1","Rebound","ReplayTheSpireMod:Calculation Training+1","Compile Driver","Ball Lightning+1","Rip and Tear+1","Hologram+1","Beam Cell+1","Biased Cognition+1","Steam+1","Parasite"],"relics":["Cracked Core","Toy Ornithopter","Golden Egg","DataDisk","Divine Protection","Mango","Carrot","Busted Crown","Sling","ReplayFunnel","Smiling Mask","Replay:Antivirus Software","Replay:Baseball","Replay:Bronze Core","ReplayTheSpireMod:Ring of Exchange"],"acts_visited":["Exordium","TheCity","TheBeyond"],"potions_floor_usage":[6,6,6,7,7,10,25,28,31,36],"damage_taken":[{"damage":1,"enemies":"Cultist","floor":1,"turns":4},{"damage":0,"enemies":"Small Slimes","floor":2,"turns":3},{"damage":0,"enemies":"2 Louse","floor":3,"turns":3},{"damage":17,"enemies":"Lagavulin","floor":6,"turns":6},{"damage":0,"enemies":"Looter","floor":7,"turns":2},{"damage":7,"enemies":"Gremlin Nob","floor":10,"turns":3},{"damage":0,"enemies":"Large Slime","floor":11,"turns":6},{"damage":26,"enemies":"3 Sentries","floor":13,"turns":9},{"damage":30,"enemies":"The Guardian","floor":16,"turns":10},{"damage":0,"enemies":"3 Byrds","floor":18,"turns":4},{"damage":0,"enemies":"Shell Parasite","floor":20,"turns":4},{"damage":0,"enemies":"3 Cultists","floor":21,"turns":5},{"damage":0,"enemies":"theDuelist:KaibaA2","floor":23,"turns":4},{"damage":22,"enemies":"Gremlin Leader","floor":25,"turns":4},{"damage":0,"enemies":"Cultist and Chosen","floor":28,"turns":4},{"damage":0,"enemies":"theDuelist:KaibaA2","floor":30,"turns":3},{"damage":9,"enemies":"Snake Plant","floor":31,"turns":4},{"damage":56,"enemies":"Collector","floor":33,"turns":10},{"damage":36,"enemies":"3 Darklings","floor":35,"turns":8},{"damage":0,"enemies":"Orb Walker","floor":36,"turns":3},{"damage":49,"enemies":"Writhing Mass","floor":38,"turns":5}],"seed_played":"4868764053421628114","potions_obtained":[{"floor":2,"key":"EntropicBrew"},{"floor":3,"key":"Strength Potion"},{"floor":7,"key":"AttackPotion"},{"floor":13,"key":"Energy Potion"},{"floor":18,"key":"Venom Potion"},{"floor":23,"key":"Cursed Concoction"},{"floor":25,"key":"Languid Potion"},{"floor":31,"key":"Cursed Concoction"},{"floor":35,"key":"Toxic Potion"}],"is_trial":false,"path_per_floor":["M","M","M","T","?","E","M","?","T","E","M","R","E","T","R","B",null,"M","?","M","M","$","E","R","E","T","?","M","R","E","M","R","B",null,"M","M","?","M"],"character_chosen":"DEFECT","items_purchased":["Sling","Ball Lightning","Rip and Tear","FearPotion"],"campfire_rested":3,"item_purchase_floors":[22,22,22,22],"current_hp_per_floor":[72,72,72,72,72,70,80,48,48,46,46,70,58,58,86,56,85,85,85,85,85,85,85,85,68,68,68,73,94,94,90,90,34,79,43,48,48,0,0],"gold":640,"neow_bonus":"RANDOM_EVENT","is_daily":false,"chose_seed":false,"campfire_upgraded":1,"win_rate":0.0,"timestamp":1612805680,"path_taken":["M","?","M","?","?","E","M","?","T","E","M","R","E","?","R","BOSS","M","?","M","M","$","E","R","E","T","?","?","R","E","M","R","BOSS","M","?","?","M"],"items_purchased_type":["Relic","Card","Card","Potion"],"build_version":"2020-12-22","purchased_purges":0,"victory":false,"max_hp_per_floor":[80,80,80,80,80,80,80,80,80,80,80,80,94,94,94,94,94,94,94,94,94,94,94,94,94,94,94,94,94,94,94,94,94,94,94,94,94,94,94],"card_choices":[{"not_picked":["Go for the Eyes","Steam"],"picked":"Scrape","floor":1},{"not_picked":["ReplayTheSpireMod:System Scan","Steam"],"picked":"Auto Shields","floor":2},{"not_picked":["Barrage","Sweeping Beam"],"picked":"Streamline","floor":3},{"not_picked":["Redo","Stack"],"picked":"Beam Cell","floor":6},{"not_picked":["Redo","Steam"],"picked":"Gash","floor":7},{"not_picked":["Barrage","Biased Cognition"],"picked":"Steam","floor":8},{"not_picked":["Panic Button","Redo"],"picked":"Beam Cell","floor":10},{"not_picked":["BasicCrystalCard","ReplaySort"],"picked":"Gash","floor":11},{"not_picked":["Meteor Strike","Go for the Eyes"],"picked":"Turbo","floor":13},{"not_picked":["Seek","Multi-Cast"],"picked":"Mirror Shield","floor":16},{"not_picked":[],"picked":"Rebound","floor":18},{"not_picked":[],"picked":"ReplayTheSpireMod:Calculation Training+1","floor":20},{"not_picked":[],"picked":"Compile Driver","floor":21},{"not_picked":[],"picked":"Hologram","floor":23},{"not_picked":["BasicCrystalCard"],"picked":"SKIP","floor":25},{"not_picked":[],"picked":"Beam Cell+1","floor":28},{"not_picked":["ReplaySort"],"picked":"SKIP","floor":30},{"not_picked":["BasicCrystalCard"],"picked":"SKIP","floor":31},{"not_picked":[],"picked":"Biased Cognition","floor":33},{"not_picked":[],"picked":"Steam+1","floor":35},{"not_picked":["Undo"],"picked":"SKIP","floor":36}],"player_experience":808104,"relics_obtained":[{"floor":4,"key":"Toy Ornithopter"},{"floor":6,"key":"Golden Egg"},{"floor":9,"key":"DataDisk"},{"floor":10,"key":"Divine Protection"},{"floor":13,"key":"Mango"},{"floor":14,"key":"Carrot"},{"floor":23,"key":"ReplayFunnel"},{"floor":25,"key":"Smiling Mask"},{"floor":30,"key":"Replay:Baseball"},{"floor":37,"key":"ReplayTheSpireMod:Ring of Exchange"}],"event_choices":[{"damage_healed":0,"gold_gain":0,"player_choice":"Donut","damage_taken":0,"max_hp_gain":5,"max_hp_loss":0,"event_name":"Big Fish","floor":0,"gold_loss":0},{"damage_healed":0,"gold_gain":0,"player_choice":"Ignored","damage_taken":0,"max_hp_gain":0,"max_hp_loss":0,"event_name":"Beggar","floor":19,"gold_loss":0},{"damage_healed":0,"gold_gain":0,"player_choice":"Gave Potion","damage_taken":0,"relics_obtained":["Replay:Antivirus Software"],"max_hp_gain":0,"max_hp_loss":0,"event_name":"WeMeetAgain","floor":27,"gold_loss":0}],"is_beta":false,"boss_relics":[{"not_picked":["Tiny House","Velvet Choker"],"picked":"Busted Crown"},{"not_picked":["Kintsugi","ReplayTheSpireMod:DimensionalGlitch"],"picked":"Replay:Bronze Core"}],"items_purged_floors":[],"is_endless":false,"potions_floor_spawned":[2,3,7,13,18,23,25,31,35],"killed_by":"Writhing Mass","ascension_level":7}}