{"host":"4kmvpqjeiacgn1pr","time":1612760666,"event":{"mods":["A Penny For Your Troubles","AchievementEnabler","AlwaysNeverKeys","Aspiration","BaseMod","Bestiary","Better Altar","Better Match","Better Note","Better Sensory Stone","Better Skull","Better Third Choice","Better Vampires","BetterRewards","Colored Map","Colored Powertips","Conspire","Curses Come First","Downfall","Halation","Highlight Path","Infinite Spire","Minty Spire (QoL Compilation)","Permanent Neow","Quick Restart","Rare Cards Sparkle","Relic Sorter","Relic Stats","Replay The Spire","Reworked Bosses","Shop Mod","Smile Girya","Spicy Shops","Spikes Relics","StSLib","Waifu the Spire"],"gold_per_floor":[362,362,362,380,390,425,425,15,15,33,65,91,119,138,138,238,238,258,258,276,276,124,124,124,153,153,180,191,208,235,79,79,184,184,195,206,218,268,68,160,160,244,244,244,244,270,270,273,273],"floor_reached":48,"language":"ENG","playtime":2497,"items_purged":["Shame","Defend_G"],"score":1012,"play_id":"9ffa3707-c315-474c-95e8-8c3cc29fc02f","local_time":"20210208000426","is_ascension_mode":true,"campfire_choices":[{"data":"infinitespire:Punishment","floor":7.0,"key":"SMITH"},{"data":"ReplayTheSpireMod:From All Sides","floor":23,"key":"SMITH"},{"data":"infinitespire:Punishment","floor":32,"key":"SMITH"},{"data":"Draining Mist","floor":45,"key":"SMITH"}],"circlet_count":0,"master_deck":["AscendersBane","Strike_G","Strike_G","Strike_G","Strike_G","Defend_G","Defend_G","Defend_G","m_BronzeSurvivor","bronze:Replicate","Noxious Fumes","Leap","Beam Cell","infinitespire:Punishment+1","Escape Plan","Well Laid Plans","Heel Hook","Burst","Noxious Fumes","ReplayTheSpireMod:From All Sides+1","Backflip","Slice+1","infinitespire:Punishment+1","Bullet Time","Die Die Die","Draining Mist+1","Tools of the Trade","Endless Agony+1","Fluid Movement+1","Slice+1","conspire:SpireCoStock","conspire:SpireCoStock","conspire:SpireCoStock","conspire:SpireCoStock","AbeCurse","All Out Attack+1","Prepared","infinitespire:NeuralNetwork"],"relics":["Ring of the Snake","halation:QuantumPhysicsTextbook","Iron Hammer","conspire:Dentures","aspiration:ChemicalBlood","CherryCoatedStake","Odd Mushroom","ReplayTheSpireMod:Shallot","conspire:SpecialSausage","Ring of Peace","aspiration:VileToxins","Potion Belt","Matryoshka","Lantern","conspire:Flyswatter","Shuriken","Orichalcum","halation:Jellyphish","aspiration:PoetsPen_weak","BlackRope","Snake Skull","halation:PinkSoulGem","halation:AfternoonTea","Divine Protection","Ornamental Fan","Rawhide","bronze:MakeshiftBattery"],"acts_visited":["Exordium","TheCity","TheBeyond"],"potions_floor_usage":[30,30,38,40,42,42],"damage_taken":[{"damage":0.0,"enemies":"2 Louse","floor":1.0,"turns":5.0},{"damage":0.0,"enemies":"Small Slimes","floor":4.0,"turns":1.0},{"damage":0.0,"enemies":"Jaw Worm","floor":5.0,"turns":1.0},{"damage":2.0,"enemies":"Gremlin Nob","floor":6.0,"turns":3.0},{"damage":0.0,"enemies":"2 Fungi Beasts","floor":10.0,"turns":3.0},{"damage":12.0,"enemies":"3 Sentries","floor":11.0,"turns":6.0},{"damage":6.0,"enemies":"The Mushroom Lair","floor":12.0,"turns":4.0},{"damage":21.0,"enemies":"Gremlin Nob","floor":13.0,"turns":5.0},{"damage":0.0,"enemies":"Blue Slaver","floor":14.0,"turns":1.0},{"damage":2.0,"enemies":"Hexaghost","floor":16.0,"turns":8.0},{"damage":0,"enemies":"conspire:FuzzyDice","floor":18,"turns":4},{"damage":0,"enemies":"Spheric Guardian","floor":20,"turns":3},{"damage":15,"enemies":"conspire:Head Lice","floor":25,"turns":5},{"damage":6,"enemies":"Nightmare","floor":27,"turns":5},{"damage":0,"enemies":"Centurion and Healer","floor":28,"turns":2},{"damage":4,"enemies":"Cultist and Chosen","floor":29,"turns":2},{"damage":5,"enemies":"Book of Stabbing","floor":30,"turns":3},{"damage":19,"enemies":"bossMod:newCollector","floor":33,"turns":8},{"damage":0,"enemies":"Orb Walker","floor":35,"turns":3},{"damage":4,"enemies":"3 Shapes","floor":36,"turns":2},{"damage":0,"enemies":"Spire Growth","floor":37,"turns":3},{"damage":0,"enemies":"Mind Bloom Boss Battle","floor":38,"turns":2},{"damage":6,"enemies":"R_Hoarder","floor":40,"turns":7},{"damage":56,"enemies":"Reptomancer","floor":42,"turns":5},{"damage":0,"enemies":"Maw","floor":46,"turns":2},{"damage":13,"enemies":"Nightmare","floor":48,"turns":3}],"seed_played":"-1126640875240433997","potions_obtained":[{"floor":5.0,"key":"Strength Potion"},{"floor":6.0,"key":"Milkshake"},{"floor":10.0,"key":"LiquidBronze"},{"floor":12.0,"key":"Weak Potion"},{"floor":16.0,"key":"FearPotion"},{"floor":20,"key":"Energy Potion"},{"floor":27,"key":"Cursed Concoction"},{"floor":29,"key":"ColorlessPotion"},{"floor":38,"key":"PowerPotion"},{"floor":46,"key":"SteroidPotion"}],"is_trial":false,"path_per_floor":["M","?","?","M","M","E","R","$","T","M","E","?","E","M","R_BF","B",null,"M","?","M","?","$","R","AVR","E","T","NM","M","M","E","$","R","B",null,"M","M","M","?","?","E","?","E","T","?","R","M","AVR","NM"],"character_chosen":"THE_SILENT","items_purchased":["Iron Hammer","conspire:Dentures","aspiration:VileToxins","halation:Jellyphish"],"campfire_rested":0,"item_purchase_floors":[8,8,22,31],"current_hp_per_floor":[63,63,46,46,46,44,44,44,44,44,32,31,10,10,10,8,55,57,57,57,57,57,57,57,61,61,55,57,53,48,48,48,37,62,62,62,62,62,62,56,56,12,12,12,12,12,12,0,0],"gold":273,"neow_bonus":"TWO_FIFTY_GOLD","is_daily":false,"chose_seed":false,"campfire_upgraded":4,"win_rate":0.0,"timestamp":1612760666,"path_taken":["M","?","?","?","M","E","R","$","T","M","E","?","E","M","R_BF","BOSS","M","?","M","?","?","R","AVR","E","T","NM","M","M","E","$","R","BOSS","M","M","?","?","?","E","?","E","T","?","R","M","AVR","NM"],"items_purchased_type":["Relic","Relic","Relic","Relic"],"build_version":"2020-12-22","purchased_purges":2,"victory":false,"max_hp_per_floor":[70,70,70,70,70,70,70,70,70,70,70,70,70,70,70,70,70,70,70,70,70,70,70,70,70,70,70,70,70,70,70,70,70,70,70,70,70,70,70,70,70,70,70,70,70,70,70,70,70],"relic_stats":{"counters":[26,96],"Shuriken":[34],"Ornamental Fan":[28],"Snake Skull":[5],"Orichalcum":[48],"obtain_stats":[{"Divine Protection":43,"Lantern":26,"SnailShell":37,"conspire:SpecialSausage":17,"Rawhide":47,"aspiration:PoetsPen_weak":34,"Snake Skull":40,"conspire:TopHat":38,"Matryoshka":25,"Ring of Peace":21,"Iron Hammer":8,"WingedGreaves":35,"Ring of the Snake":0,"aspiration:ChemicalBlood":9,"conspire:Dentures":8,"aspiration:VileToxins":22,"Potion Belt":24,"halation:QuantumPhysicsTextbook":6,"CherryCoatedStake":11,"Replay:Towering Pillar of Hats":42,"infinitespire:Beetle Shell":46,"BlackRope":38,"Odd Mushroom":12,"Orichalcum":30,"Du-Vu Doll":33,"SlaversCollar":36,"ReplayTheSpireMod:Shallot":13,"Shuriken":27,"Ornamental Fan":43,"halation:Jellyphish":31,"halation:AfternoonTea":42,"halation:PinkSoulGem":41,"Abe\u0027s Treasure":40,"bronze:MakeshiftBattery":48,"conspire:Flyswatter":26},{"Divine Protection":24,"Lantern":13,"SnailShell":20,"conspire:SpecialSausage":10,"Rawhide":25,"aspiration:PoetsPen_weak":18,"Snake Skull":23,"conspire:TopHat":21,"Matryoshka":13,"Ring of Peace":12,"Iron Hammer":4,"WingedGreaves":18,"Ring of the Snake":0,"aspiration:ChemicalBlood":4,"conspire:Dentures":4,"aspiration:VileToxins":12,"Potion Belt":12,"halation:QuantumPhysicsTextbook":4,"CherryCoatedStake":6,"Replay:Towering Pillar of Hats":23,"infinitespire:Beetle Shell":24,"BlackRope":22,"Odd Mushroom":7,"Orichalcum":17,"Du-Vu Doll":17,"SlaversCollar":19,"ReplayTheSpireMod:Shallot":8,"Shuriken":14,"Ornamental Fan":24,"halation:Jellyphish":17,"halation:AfternoonTea":24,"halation:PinkSoulGem":23,"Abe\u0027s Treasure":22,"bronze:MakeshiftBattery":25,"conspire:Flyswatter":13},{"Divine Protection":91,"Lantern":49,"SnailShell":74,"conspire:SpecialSausage":37,"Rawhide":93,"aspiration:PoetsPen_weak":69,"Snake Skull":86,"conspire:TopHat":77,"Matryoshka":49,"Ring of Peace":44,"Iron Hammer":10,"WingedGreaves":69,"Ring of the Snake":0,"aspiration:ChemicalBlood":10,"conspire:Dentures":10,"aspiration:VileToxins":44,"Potion Belt":44,"halation:QuantumPhysicsTextbook":10,"CherryCoatedStake":19,"Replay:Towering Pillar of Hats":86,"infinitespire:Beetle Shell":91,"BlackRope":79,"Odd Mushroom":23,"Orichalcum":61,"Du-Vu Doll":61,"SlaversCollar":72,"ReplayTheSpireMod:Shallot":28,"Shuriken":54,"Ornamental Fan":91,"halation:Jellyphish":61,"halation:AfternoonTea":91,"halation:PinkSoulGem":86,"Abe\u0027s Treasure":79,"bronze:MakeshiftBattery":93,"conspire:Flyswatter":49}],"Ring of the Snake":[56]},"card_choices":[{"not_picked":["ReplayTheSpireMod:Shiv Toss","Dodge and Roll"],"picked":"Noxious Fumes","floor":1.0},{"not_picked":["Replay:Fractal Strike","infinitespire:UltimateForm"],"picked":"infinitespire:Punishment","floor":3.0},{"not_picked":["ReplayTheSpireMod:Shiv Toss","Reflex"],"picked":"Escape Plan","floor":4.0},{"not_picked":["Slice","Dagger Spray","Poisoned Stab"],"picked":"SKIP","floor":5.0},{"not_picked":["PiercingWail","conspire:PoisonWeapons"],"picked":"Well Laid Plans","floor":6.0},{"not_picked":["Dodge and Roll","Replay:Poison Smokescreen","Dagger Spray"],"picked":"SKIP","floor":10.0},{"not_picked":["Sucker Punch","Prepared","Poisoned Stab"],"picked":"SKIP","floor":11.0},{"not_picked":["Crippling Poison","ReplayTheSpireMod:Scrap Shanks"],"picked":"Heel Hook","floor":12.0},{"not_picked":["Sucker Punch","Prepared","ReplayTheSpireMod:Shiv Toss"],"picked":"SKIP","floor":13.0},{"not_picked":["Dagger Throw","ReplayTheSpireMod:Exploit Weakness"],"picked":"Burst","floor":14.0},{"not_picked":["Envenom","Night Terror"],"picked":"ReplayTheSpireMod:From All Sides","floor":16.0},{"not_picked":["Masterful Stab","Catalyst","Prepared"],"picked":"SKIP","floor":18},{"not_picked":["Outmaneuver","Catalyst"],"picked":"Slice+1","floor":20},{"not_picked":["ReplayTheSpireMod:Speed Training+1","Distraction+1"],"picked":"Bullet Time","floor":25},{"not_picked":["Skewer","Dodge and Roll"],"picked":"Die Die Die","floor":27},{"not_picked":["Quick Slash","Hidden Blade"],"picked":"Draining Mist","floor":28},{"not_picked":["Poisoned Stab","Dagger Throw","Blade Dance"],"picked":"SKIP","floor":29},{"not_picked":["After Image","Noxious Fumes"],"picked":"Tools of the Trade","floor":30},{"not_picked":["Deadly Poison","Acrobatics"],"picked":"Endless Agony+1","floor":35},{"not_picked":["Blade Dance","Flying Knee","Bane+1"],"picked":"SKIP","floor":36},{"not_picked":["Flying Knee+1","Skewer+1"],"picked":"Fluid Movement+1","floor":37},{"not_picked":["Flying Knee","Outmaneuver"],"picked":"Slice+1","floor":38},{"not_picked":["Grand Finale","Sucker Punch+1","Footwork"],"picked":"SKIP","floor":40},{"not_picked":["Poisoned Stab+1","Quick Slash"],"picked":"All Out Attack+1","floor":42},{"not_picked":["Deflect","Quick Slash","Dagger Spray"],"picked":"SKIP","floor":46}],"player_experience":457337,"relics_obtained":[{"floor":6.0,"key":"halation:QuantumPhysicsTextbook"},{"floor":9.0,"key":"aspiration:ChemicalBlood"},{"floor":11.0,"key":"CherryCoatedStake"},{"floor":12.0,"key":"Odd Mushroom"},{"floor":13.0,"key":"ReplayTheSpireMod:Shallot"},{"floor":21,"key":"Ring of Peace"},{"floor":25,"key":"Matryoshka"},{"floor":26,"key":"Lantern"},{"floor":26,"key":"conspire:Flyswatter"},{"floor":27,"key":"Shuriken"},{"floor":30,"key":"Orichalcum"},{"floor":38,"key":"BlackRope"},{"floor":40,"key":"Snake Skull"},{"floor":42,"key":"halation:AfternoonTea"},{"floor":43,"key":"Divine Protection"},{"floor":43,"key":"Ornamental Fan"}],"event_choices":[{"damage_healed":0.0,"max_hp_gain":0.0,"max_hp_loss":0.0,"gold_gain":0.0,"event_name":"Mushrooms","player_choice":"Fought Mushrooms","floor":12.0,"gold_loss":0.0,"damage_taken":0.0},{"damage_healed":0,"gold_gain":0,"player_choice":"Read","damage_taken":0,"max_hp_gain":0,"max_hp_loss":0,"event_name":"The Library","floor":19,"gold_loss":0,"cards_obtained":["Backflip"]},{"damage_healed":0,"gold_gain":0,"player_choice":"Fight","damage_taken":0,"max_hp_gain":0,"max_hp_loss":0,"event_name":"MindBloom","floor":38,"gold_loss":0},{"damage_healed":0,"gold_gain":0,"player_choice":"Invest 4","damage_taken":0,"max_hp_gain":0,"max_hp_loss":0,"event_name":"conspire:Investor","floor":39,"gold_loss":0},{"damage_healed":0,"gold_gain":0,"cards_transformed":["Defend_G"],"player_choice":"Transformed","damage_taken":0,"max_hp_gain":0,"max_hp_loss":0,"event_name":"Transmorgrifier","floor":44,"gold_loss":0,"cards_obtained":["Prepared"]}],"is_beta":false,"boss_relics":[{"not_picked":["Sozu","Philosopher\u0027s Stone"],"picked":"conspire:SpecialSausage"},{"not_picked":["halation:Prosthetics","ReplayTheSpireMod:DimensionalGlitch"],"picked":"aspiration:PoetsPen_weak"}],"items_purged_floors":[8,24],"is_endless":true,"potions_floor_spawned":[5,6,10,16,20,27,29,33,36,38,46],"killed_by":"Nightmare","ascension_level":10}}