{"host":"d61fcf2p3sjwe6yo","time":1612800912,"event":{"mods":["BaseMod","Colored Map","Koishi","Marisa????????","Minty Spire (QoL Compilation)","Reimu??????","StSLib","SuperFastMode","The Servant 0.9.4"],"gold_per_floor":[118,128,144,164,164,205,205,239,239,239,239,239],"floor_reached":11,"language":"ENG","playtime":443,"items_purged":[],"score":166,"play_id":"b153aab1-e163-4f4e-8e6b-111c55abab91","local_time":"20210208191512","is_ascension_mode":true,"campfire_choices":[{"floor":7,"key":"REST"},{"floor":10,"key":"REST"}],"circlet_count":0,"master_deck":["AscendersBane","Strike_S","Strike_S","Strike_S","Strike_S","Defend_S","Defend_S","Defend_S","Defend_S","KidneyShot","Exchange","Ricochet","TimeWarp","Potential","TimeTheft","FastForward","Luminosity","Luminosity"],"relics":["Uniform","Golden Idol","Matryoshka","White Beast Statue","CrazyTorch:ReiMu","StrikeDummy"],"acts_visited":["Exordium"],"potions_floor_usage":[11,11],"damage_taken":[{"damage":2,"enemies":"2 Louse","floor":1,"turns":3},{"damage":5,"enemies":"Small Slimes","floor":2,"turns":3},{"damage":0,"enemies":"Cultist","floor":3,"turns":3},{"damage":15,"enemies":"3 Louse","floor":4,"turns":3},{"damage":25,"enemies":"Lagavulin","floor":6,"turns":6},{"damage":22,"enemies":"Gremlin Nob","floor":8,"turns":4},{"damage":23,"enemies":"3 Sentries","floor":11,"turns":6}],"seed_played":"-6685600582262682902","potions_obtained":[{"floor":3,"key":"ZuzhouPotion:ReiMu"},{"floor":8,"key":"AttackPotion"}],"is_trial":false,"path_per_floor":["M","M","M","M","?","E","R","E","T","R","E"],"character_chosen":"THE_SERVANT","items_purchased":[],"campfire_rested":2,"item_purchase_floors":[],"current_hp_per_floor":[52,47,47,32,32,7,23,1,1,17,0,0],"gold":239,"neow_bonus":"THREE_CARDS","is_daily":false,"chose_seed":false,"campfire_upgraded":0,"win_rate":0.0,"timestamp":1612800912,"path_taken":["M","M","M","M","?","E","R","E","T","R","E"],"items_purchased_type":[],"build_version":"2020-12-22","purchased_purges":0,"victory":false,"max_hp_per_floor":[60,60,60,60,54,54,54,54,54,54,54,54],"card_choices":[{"not_picked":["Advance","Shuttle"],"picked":"Ricochet","floor":0},{"not_picked":["Moondial","Replace"],"picked":"TimeWarp","floor":1},{"not_picked":["Revamp","Alleviate"],"picked":"Potential","floor":2},{"not_picked":["ReturningBlade","Spin"],"picked":"TimeTheft","floor":3},{"not_picked":["Moondial","Starlight"],"picked":"FastForward","floor":4},{"not_picked":["Gouge","Defy"],"picked":"Luminosity","floor":6},{"not_picked":["DoubleEdge","ForgedInTime"],"picked":"Luminosity","floor":8}],"player_experience":291668,"relics_obtained":[{"floor":6,"key":"Matryoshka"},{"floor":8,"key":"White Beast Statue"},{"floor":9,"key":"CrazyTorch:ReiMu"},{"floor":9,"key":"StrikeDummy"}],"event_choices":[{"damage_healed":0,"gold_gain":0,"player_choice":"Lose Max HP","damage_taken":0,"relics_obtained":["Golden Idol"],"max_hp_gain":0,"max_hp_loss":6,"event_name":"Golden Idol","floor":5,"gold_loss":0}],"is_beta":false,"boss_relics":[],"items_purged_floors":[],"is_endless":false,"potions_floor_spawned":[3,8],"killed_by":"3 Sentries","ascension_level":20}}