{"host":"v3qphhcqhwfpabne","time":1612762261,"event":{"mods":["100% Spire Juice","2.2 Compatiblity","BaseMod","CapriCore","KinomotoSakuraMod(ÙÊñýÜâ?)","Koishi","Marisa£¨Ùöéë¡¡Øª×âÞÞ£©","Minty Spire (QoL Compilation)","Permanent Neow","Prisma Mod","StSLib","Td1madao Mod","The Bug Knight","The Cursed","The Immortal","The Runesmith","WarShipGirlsR/??á´Ò³R mod"],"gold_per_floor":[112,131,131,56,56,56,81,97,97,432,442,469,469,481,481,595,595,620,622,78,105,124,124,170,196,196,18,18,68,87,116,116,116,116],"floor_reached":33,"language":"KOR","playtime":1785,"items_purged":["Regret"],"score":324,"play_id":"3c668f27-2f08-462b-8534-0bbeb49ca2c2","local_time":"20210208143101","is_ascension_mode":true,"campfire_choices":[{"data":"MasterSpark","floor":6,"key":"SMITH"},{"data":"GravityBeat","floor":15,"key":"SMITH"},{"floor":23,"key":"REST"},{"floor":28,"key":"REST"},{"floor":32,"key":"REST"}],"circlet_count":0,"master_deck":["Strike_MRS","Strike_MRS","Strike_MRS","Strike_MRS+1","Defend_MRS+1","Defend_MRS","Defend_MRS","Defend_MRS","MasterSpark+1","UpSweep","AlicesGift","SprinkleStarSeal+1","WitchOfGreed","SuperPerseids+1","SporeBomb+1","UltimateShortwave+1","PowerUp+1","Secret Technique+1","OrrerysSun+1"],"relics":["MiniHakkero","PreservedInsect","Gremlin Horn","Torii","HandmadeGrimoire","Old Coin","Toxic Egg 2","CaptainsWheel","Empty Cage","Frozen Egg 2","SimpleLauncher","Incense Burner","Turnip","AmplifyWand"],"acts_visited":["Exordium","TheCity"],"potions_floor_usage":[12,16,16,21,22,33,33,33],"damage_taken":[{"damage":0,"enemies":"Small Slimes","floor":1,"turns":3},{"damage":1,"enemies":"2 Louse","floor":2,"turns":4},{"damage":6,"enemies":"Gremlin Nob","floor":7,"turns":3},{"damage":6,"enemies":"Jaw Worm","floor":8,"turns":3},{"damage":2,"enemies":"3 Sentries","floor":10,"turns":4},{"damage":2,"enemies":"Lots of Slimes","floor":11,"turns":3},{"damage":9,"enemies":"Lagavulin","floor":12,"turns":5},{"damage":1,"enemies":"Blue Slaver","floor":14,"turns":3},{"damage":6,"enemies":"Slime Boss","floor":16,"turns":7},{"damage":8,"enemies":"Shell Parasite","floor":18,"turns":6},{"damage":27,"enemies":"2 Thieves","floor":19,"turns":4},{"damage":31,"enemies":"Shelled Parasite and Fungi","floor":21,"turns":7},{"damage":6,"enemies":"Snecko","floor":22,"turns":4},{"damage":31,"enemies":"Slavers","floor":24,"turns":6},{"damage":8,"enemies":"3 Cultists","floor":25,"turns":5},{"damage":6,"enemies":"Book of Stabbing","floor":29,"turns":6},{"damage":0,"enemies":"Centurion and Healer","floor":30,"turns":5},{"damage":10,"enemies":"Cultist and Chosen","floor":31,"turns":5},{"damage":45,"enemies":"Automaton","floor":33,"turns":6}],"seed_played":"-6784192680192702700","potions_obtained":[{"floor":1,"key":"Swift Potion"},{"floor":8,"key":"Regen Potion"},{"floor":11,"key":"DistilledChaos"},{"floor":14,"key":"SteroidPotion"},{"floor":16,"key":"PowerPotion"},{"floor":18,"key":"ShroomBrew"},{"floor":21,"key":"FairyPotion"},{"floor":25,"key":"Weak Potion"},{"floor":29,"key":"SkillPotion"},{"floor":29,"key":"Explosive Potion"}],"is_trial":false,"path_per_floor":["M","M","?","$","?","R","E","M","T","E","M","E","T","M","R","B",null,"M","M","$","M","M","R","E","M","T","$","R","E","M","M","R","B"],"character_chosen":"MARISA","items_purchased":["Frozen Egg 2","SimpleLauncher","Secret Technique+1"],"campfire_rested":3,"item_purchase_floors":[20,20,27],"current_hp_per_floor":[75,74,74,74,59,59,53,47,47,45,43,48,48,47,47,41,75,67,40,40,9,3,25,21,13,13,13,35,29,29,19,41,0,0],"gold":116,"neow_bonus":"RANDOM_COMMON_RELIC","is_daily":false,"chose_seed":false,"campfire_upgraded":2,"win_rate":0.0,"timestamp":1612762261,"path_taken":["M","M","?","$","?","R","E","M","T","E","M","E","?","M","R","BOSS","M","M","$","M","M","R","E","M","T","$","R","E","M","M","R","BOSS"],"items_purchased_type":["Relic","Relic","Card"],"build_version":"2020-12-22","purchased_purges":1,"victory":false,"max_hp_per_floor":[75,75,75,75,75,75,75,75,75,75,75,75,75,75,75,75,75,75,75,75,75,75,75,75,75,75,75,75,75,75,75,75,75,75],"card_choices":[{"not_picked":["OpenUniverse","WitchLeyline"],"picked":"GravityBeat","floor":1},{"not_picked":["WitchLeyline","Singularity","ManaConvection"],"picked":"SKIP","floor":2},{"not_picked":["NonDirectionalLaser","Acceleration"],"picked":"AlicesGift","floor":7},{"not_picked":["ManaConvection","DC","GalacticHalo"],"picked":"SKIP","floor":8},{"not_picked":["ShootingEcho","FairyDestructionRay"],"picked":"BinaryStars","floor":10},{"not_picked":["GrandCross","RefractionSpark","UnstableBomb"],"picked":"SKIP","floor":11},{"not_picked":["IllusionStar+1","Acceleration+1"],"picked":"SprinkleStarSeal+1","floor":12},{"not_picked":["6A","GalacticHalo+1"],"picked":"WitchOfGreed","floor":14},{"not_picked":["ShootingEcho","LuminesStrike"],"picked":"SuperPerseids+1","floor":18},{"not_picked":["GrandCross","GalacticHalo+1","SprinkleStarSeal+1"],"picked":"SKIP","floor":19},{"not_picked":["GrandCross","AsteroidBelt+1"],"picked":"SporeBomb+1","floor":21},{"not_picked":["Acceleration+1","BlazeAway+1","GrandCross+1"],"picked":"SKIP","floor":22},{"not_picked":["GalacticHalo+1","WitchLeyline+1"],"picked":"UltimateShortwave+1","floor":24},{"not_picked":["SprinkleStarSeal+1","ManaConvection+1"],"picked":"PowerUp+1","floor":25},{"not_picked":["IllusionStar+1","DoubleSpark"],"picked":"OrrerysSun+1","floor":29},{"not_picked":["SprinkleStarSeal+1","SporeBomb+1","6A"],"picked":"SKIP","floor":30},{"not_picked":["OneTimeOff+1","AsteroidBelt+1","EscapeVelocity+1"],"picked":"SKIP","floor":31}],"player_experience":104295,"relics_obtained":[{"floor":7,"key":"Torii"},{"floor":9,"key":"HandmadeGrimoire"},{"floor":10,"key":"Old Coin"},{"floor":12,"key":"Toxic Egg 2"},{"floor":13,"key":"CaptainsWheel"},{"floor":24,"key":"Incense Burner"},{"floor":29,"key":"Turnip"}],"event_choices":[{"damage_healed":0,"gold_gain":0,"player_choice":"Box","damage_taken":0,"relics_obtained":["Gremlin Horn"],"max_hp_gain":0,"max_hp_loss":0,"event_name":"Big Fish","floor":3,"gold_loss":0,"cards_obtained":["Regret"]},{"damage_healed":0,"gold_gain":0,"player_choice":"Entered Light","damage_taken":15,"max_hp_gain":0,"max_hp_loss":0,"event_name":"Shining Light","floor":5,"gold_loss":0,"cards_upgraded":["Strike_MRS","Defend_MRS"]}],"is_beta":false,"boss_relics":[{"not_picked":["Ectoplasm","Velvet Choker"],"picked":"Empty Cage"}],"items_purged_floors":[4],"is_endless":false,"potions_floor_spawned":[1,8,11,14,21,25,29,31],"killed_by":"Automaton","ascension_level":1}}