{"host":"ttt10ghevkhyjkzb","time":1612811108,"event":{"mods":["2.2 Compatiblity","AchievementEnabler","BaseMod","Googly Eyes","Minty Spire (QoL Compilation)","StSLib","The IronCluck"],"gold_per_floor":[114,129,129,129,148,148,73,111,111,111,130,30,30,49,49,174,174,193,212,212,231,81,81,81,81],"floor_reached":24,"language":"ENG","playtime":1173,"items_purged":["Injury","Omniscience"],"score":246,"play_id":"c46f155f-d7ad-4c7d-8ac9-e33c7d3d5221","local_time":"20210208200508","daily_mods":["Shiny","Green Cards","Terminal"],"is_ascension_mode":false,"campfire_choices":[{"data":"DevaForm","floor":6,"key":"SMITH"},{"data":"Envenom","floor":15,"key":"SMITH"},{"floor":23,"key":"REST"}],"circlet_count":0,"master_deck":["Venomology+1","Corpse Explosion","Malaise","Phantasmal Killer","Die Die Die","Adrenaline","Envenom+1","Doppelganger","Burst","Wraith Form v2","Tools of the Trade","Night Terror","Unload","After Image","Bullet Time","Storm of Steel","Glass Knife","A Thousand Cuts","Grand Finale","Judgement","ConjureBlade","MasterReality","Brilliance","Devotion","Ragnarok","LessonLearned","Scrawl","Vault","Alpha","Wish","Establishment","SpiritShield","DevaForm+1","DeusExMachina","Caltrops","FlurryOfBlows","FollowUp+1","FlurryOfBlows+1","FollowUp+1"],"relics":["PureWater","Darkstone Periapt","Golden Idol","Ancient Tea Set","Pen Nib","Black Star","Calipers","DollysMirror"],"acts_visited":["Exordium","TheCity"],"potions_floor_usage":[11,16,16,16,21,21,24],"damage_taken":[{"damage":0,"enemies":"Small Slimes","floor":1,"turns":1},{"damage":2,"enemies":"2 Louse","floor":2,"turns":4},{"damage":6,"enemies":"Jaw Worm","floor":5,"turns":5},{"damage":8,"enemies":"3 Sentries","floor":8,"turns":6},{"damage":14,"enemies":"Gremlin Gang","floor":11,"turns":5},{"damage":11,"enemies":"Large Slime","floor":14,"turns":3},{"damage":15,"enemies":"Hexaghost","floor":16,"turns":5},{"damage":3,"enemies":"Chosen","floor":18,"turns":7},{"damage":12,"enemies":"3 Byrds","floor":19,"turns":4},{"damage":24,"enemies":"Centurion and Healer","floor":21,"turns":7},{"damage":43,"enemies":"Slavers","floor":24,"turns":3}],"seed_played":"-2425098010432476902","potions_obtained":[{"floor":1,"key":"ColorlessPotion"},{"floor":16,"key":"Ancient Potion"},{"floor":18,"key":"LiquidMemories"},{"floor":19,"key":"Explosive Potion"}],"is_trial":false,"path_per_floor":["M","M","?","?","M","R","$","E","T","?","M","$","?","M","R","B",null,"M","M","?","M","$","R","E"],"character_chosen":"WATCHER","items_purchased":["DollysMirror"],"campfire_rested":1,"item_purchase_floors":[22],"current_hp_per_floor":[70,68,61,67,61,61,61,53,53,46,32,32,53,42,42,27,60,57,45,45,21,21,37,0,0],"gold":81,"neow_bonus":"","is_daily":true,"chose_seed":false,"campfire_upgraded":2,"win_rate":0.0,"timestamp":1612811108,"path_taken":["M","M","?","?","M","R","$","E","T","?","M","$","?","M","R","BOSS","M","M","?","?","$","R","E"],"items_purchased_type":["Relic"],"build_version":"2020-12-22","purchased_purges":2,"victory":false,"max_hp_per_floor":[70,69,68,73,72,71,70,69,68,67,66,65,64,63,62,61,60,59,58,57,56,55,54,54,54],"card_choices":[{"not_picked":["FlyingSleeves","Endless Agony"],"picked":"Caltrops","floor":1},{"not_picked":["Cloak And Dagger","LikeWater","PathToVictory"],"picked":"SKIP","floor":2},{"not_picked":["Prepared","Reflex"],"picked":"FlurryOfBlows","floor":5},{"not_picked":["Reflex","Halt","Prepared"],"picked":"SKIP","floor":8},{"not_picked":["Halt","Well Laid Plans","Outmaneuver"],"picked":"SKIP","floor":11},{"not_picked":["Cloak And Dagger","Slice","Choke"],"picked":"SKIP","floor":14},{"not_picked":["Outmaneuver","Crippling Poison","Collect"],"picked":"SKIP","floor":18},{"not_picked":["Protect","Prepared"],"picked":"FollowUp+1","floor":19},{"not_picked":["Dagger Spray","Slice"],"picked":"FlurryOfBlows+1","floor":21}],"player_experience":130007,"relics_obtained":[{"floor":8,"key":"Ancient Tea Set"},{"floor":9,"key":"Pen Nib"}],"event_choices":[{"damage_healed":0,"gold_gain":0,"player_choice":"Success","damage_taken":7,"relics_obtained":["Darkstone Periapt"],"max_hp_gain":0,"max_hp_loss":0,"event_name":"Scrap Ooze","floor":3,"gold_loss":0},{"damage_healed":0,"gold_gain":0,"player_choice":"Take Wound","damage_taken":0,"relics_obtained":["Golden Idol"],"max_hp_gain":0,"max_hp_loss":0,"event_name":"Golden Idol","floor":4,"gold_loss":0,"cards_obtained":["Injury"]},{"cards_removed":["Blasphemy"],"damage_healed":0,"gold_gain":0,"player_choice":"Card Removal","damage_taken":7,"max_hp_gain":0,"max_hp_loss":0,"event_name":"Golden Wing","floor":10,"gold_loss":0},{"damage_healed":21,"gold_gain":0,"player_choice":"Banana","damage_taken":0,"max_hp_gain":0,"max_hp_loss":0,"event_name":"Big Fish","floor":13,"gold_loss":0},{"damage_healed":0,"gold_gain":0,"player_choice":"Gave Potion","damage_taken":0,"relics_obtained":["Calipers"],"max_hp_gain":0,"max_hp_loss":0,"event_name":"WeMeetAgain","floor":20,"gold_loss":0}],"is_beta":false,"boss_relics":[{"not_picked":["Cursed Key","Ectoplasm"],"picked":"Black Star"}],"items_purged_floors":[7,12],"is_endless":false,"potions_floor_spawned":[1,8,16,18,19],"killed_by":"Slavers","ascension_level":0}}