{"host":"5kirneupyg4uzd3w","time":1612783750,"event":{"mods":["BaseMod","Colored Map","Custom Start","Minty Spire (QoL Compilation)","StSLib","SuperFastMode"],"gold_per_floor":[113,113,113,38,58,90,90,107,130,130,156,156,184,195,195,268,268,288,338,143,193,168,168,183,183,183],"floor_reached":25,"language":"KOR","playtime":510,"items_purged":["Strike_R"],"score":484,"play_id":"5269b840-ba06-49f9-9307-ba3e7fdc1fcb","local_time":"20210208202910","is_ascension_mode":true,"campfire_choices":[{"data":"Body Slam","floor":10.0,"key":"SMITH"},{"data":"Entrench","floor":12.0,"key":"SMITH"},{"data":"Inflame","floor":15.0,"key":"SMITH"},{"data":"Barricade","floor":23,"key":"SMITH"}],"circlet_count":0,"master_deck":["AscendersBane","Strike_R+1","Defend_R","Defend_R","Defend_R+1","Bash","Clothesline+1","Inflame+1","Combust","Body Slam+1","Entrench+1","Pommel Strike","Barricade+1","Exhume+1","Havoc+1","Infernal Blade+1","Feel No Pain","Master of Strategy","Shrug It Off","Burning Pact"],"relics":["Burning Blood","NeowsBlessing","Orichalcum","Lantern","Sundial","PreservedInsect","Astrolabe"],"acts_visited":["Exordium","TheCity"],"potions_floor_usage":[25],"damage_taken":[{"damage":0.0,"enemies":"Cultist","floor":1.0,"turns":1.0},{"damage":0.0,"enemies":"Small Slimes","floor":5.0,"turns":2.0},{"damage":0.0,"enemies":"Gremlin Nob","floor":6.0,"turns":1.0},{"damage":2.0,"enemies":"2 Louse","floor":8.0,"turns":3.0},{"damage":19.0,"enemies":"3 Sentries","floor":11.0,"turns":6.0},{"damage":25.0,"enemies":"Lagavulin","floor":13.0,"turns":7.0},{"damage":5.0,"enemies":"Looter","floor":14.0,"turns":4.0},{"damage":19.0,"enemies":"The Guardian","floor":16.0,"turns":11.0},{"damage":8.0,"enemies":"Chosen","floor":18.0,"turns":4.0},{"damage":20,"enemies":"3 Byrds","floor":24,"turns":5},{"damage":37,"enemies":"Book of Stabbing","floor":25,"turns":3}],"seed_played":"-2579684363176689469","potions_obtained":[{"floor":6.0,"key":"CultistPotion"},{"floor":8.0,"key":"DistilledChaos"},{"floor":13.0,"key":"Strength Potion"},{"floor":24,"key":"Energy Potion"}],"is_trial":false,"path_per_floor":["M","?","?","$","M","E","?","M","T","R","E","R","E","M","R","B",null,"M","?","$","?","$","R","M","E"],"character_chosen":"IRONCLAD","items_purchased":["Master of Strategy","Shrug It Off"],"campfire_rested":0,"item_purchase_floors":[20,22],"current_hp_per_floor":[74,51,51,51,57,63,56,60,60,60,47,47,28,29,29,16,60,58,58,58,51,51,51,37,0,0],"gold":183,"neow_bonus":"THREE_ENEMY_KILL","is_daily":false,"chose_seed":false,"campfire_upgraded":4,"win_rate":0.0,"timestamp":1612783750,"path_taken":["M","?","?","$","?","E","?","M","T","R","E","R","E","M","R","BOSS","M","?","$","?","$","R","M","E"],"items_purchased_type":["Card","Card"],"build_version":"2020-12-22","purchased_purges":1,"victory":false,"max_hp_per_floor":[75,75,75,75,75,75,75,75,75,75,75,75,75,75,75,75,75,75,75,75,75,75,75,75,75,75],"card_choices":[{"not_picked":["Warcry","Spot Weakness"],"picked":"Clothesline","floor":1.0},{"not_picked":["Pommel Strike","Dropkick"],"picked":"Inflame","floor":5.0},{"not_picked":["Clothesline","Body Slam"],"picked":"Combust","floor":6.0},{"not_picked":["Armaments","Whirlwind"],"picked":"Body Slam","floor":8.0},{"not_picked":["Clash","Bludgeon"],"picked":"Entrench","floor":11.0},{"not_picked":["Heavy Blade","Clash","Headbutt"],"picked":"SKIP","floor":13.0},{"not_picked":["Anger","Wild Strike"],"picked":"Pommel Strike","floor":14.0},{"not_picked":["Limit Break","Brutality"],"picked":"Barricade","floor":16.0},{"not_picked":["Wild Strike+1","Sword Boomerang"],"picked":"Feel No Pain","floor":18.0},{"not_picked":["Thunderclap","Cleave"],"picked":"Burning Pact","floor":24}],"player_experience":309029,"relics_obtained":[{"floor":6.0,"key":"Orichalcum"},{"floor":9.0,"key":"Lantern"},{"floor":11.0,"key":"Sundial"},{"floor":13.0,"key":"PreservedInsect"}],"event_choices":[{"damage_healed":0.0,"max_hp_gain":0.0,"max_hp_loss":0.0,"gold_gain":0.0,"event_name":"Shining Light","player_choice":"Entered Light","floor":2.0,"gold_loss":0.0,"damage_taken":23.0,"cards_upgraded":["Defend_R","Strike_R"]},{"damage_healed":0.0,"max_hp_gain":0.0,"max_hp_loss":0.0,"gold_gain":0.0,"event_name":"Upgrade Shrine","player_choice":"Upgraded","floor":3.0,"gold_loss":0.0,"damage_taken":0.0,"cards_upgraded":["Clothesline"]},{"cards_removed":["Strike_R"],"damage_healed":0.0,"max_hp_gain":0.0,"max_hp_loss":0.0,"gold_gain":0.0,"event_name":"Golden Wing","player_choice":"Card Removal","floor":7.0,"gold_loss":0.0,"damage_taken":7.0},{"damage_healed":0.0,"max_hp_gain":0.0,"max_hp_loss":0.0,"gold_gain":50.0,"event_name":"Nest","player_choice":"Stole From Cult","floor":19.0,"gold_loss":0.0,"damage_taken":0.0},{"damage_healed":0,"gold_gain":50,"player_choice":"Touch","damage_taken":7,"max_hp_gain":0,"max_hp_loss":0,"event_name":"FaceTrader","floor":21,"gold_loss":0}],"is_beta":false,"boss_relics":[{"not_picked":["Runic Pyramid","Snecko Eye"],"picked":"Astrolabe"}],"items_purged_floors":[4],"is_endless":false,"potions_floor_spawned":[6,8,13,24],"killed_by":"Book of Stabbing","ascension_level":20}}