{"host":"npxtnt8cx4pm3si6","time":1612742577,"event":{"mods":["BaseMod","Downfall","Hubris","Infinite Spire","Minty Spire (QoL Compilation)","Replay The Spire","StSLib","The Animator"],"gold_per_floor":[99,113,113,126,137,166,214,225,239,253,53,64,82,67,82,185,185,185,202,215,215,215,228,281,32,45,64,64,64,64,64,84,181,181,181,192,203,215,236,271,297,297,353,353,379,379,23,323,351,351],"floor_reached":51,"language":"ENG","playtime":4798,"items_purged":["bronze:Defend","bronze:Strike"],"score":735,"play_id":"8fa0af4d-791a-406a-96c4-1df5de10c711","local_time":"20210207170257","is_ascension_mode":false,"campfire_choices":[{"floor":1,"key":"RECALL"},{"floor":11,"key":"REST"},{"data":"bronze:Verify","floor":18,"key":"SMITH"},{"floor":28,"key":"REST"},{"data":"expansioncontent:QuickStudy","floor":30,"key":"SMITH"},{"floor":35,"key":"DIG"},{"floor":42,"key":"REST"},{"floor":46,"key":"REST"}],"circlet_count":0,"master_deck":["bronze:Strike","bronze:Strike","bronze:Defend","bronze:Defend","bronze:Defend","bronze:Replicate","bronze:Goto","bronze:WhirlingStrike","bronze:BronzeOrb","bronze:Flail","bronze:Boost","bronze:Optimize","bronze:BugBarrage","bronze:BuggyMess+1","bronze:WildBeam","bronze:Verify+1","bronze:FineTuning","bronze:Branch+1","bronze:BugBarrage+1","expansioncontent:QuickStudy+1","bronze:HardenedForm","bronze:DelayedSlice+1","bronze:Allocate+1","bronze:FineTuning+1","bronze:BurnOut","bronze:Repair","bronze:GetLatest+1","bronze:FineTuning+1","bronze:GetLatest+1"],"relics":["bronze:BronzeCore","Nunchaku","downfall:HeartBlessingRed","downfall:HeartBlessingBlue","Runic Pyramid","GremlinMask","Smiling Mask","Enchiridion","hubris:ScarierMask","Happy Flower","Ice Cream","hubris:MobiusCoin","CeramicFish","Incense Burner","ClockworkSouvenir","hubris:ToyBattleship","Old Coin"],"acts_visited":["Exordium","TheCity","TheBeyond"],"potions_floor_usage":[19,33,40,50,50],"damage_taken":[{"damage":5,"enemies":"Jaw Worm","floor":2,"turns":4},{"damage":15,"enemies":"infinitespire:Voidling","floor":4,"turns":5},{"damage":6,"enemies":"Small Slimes","floor":5,"turns":3},{"damage":29,"enemies":"3 Sentries","floor":6,"turns":9},{"damage":0,"enemies":"Lots of Slimes","floor":8,"turns":1},{"damage":0,"enemies":"Exordium Wildlife","floor":9,"turns":3},{"damage":0,"enemies":"3 Louse","floor":10,"turns":2},{"damage":0,"enemies":"2 Fungi Beasts","floor":12,"turns":2},{"damage":0,"enemies":"Exordium Wildlife","floor":13,"turns":3},{"damage":0,"enemies":"downfall:FleeingMerchant","floor":14,"turns":4},{"damage":2,"enemies":"Red Slaver","floor":15,"turns":2},{"damage":58,"enemies":"DF_ARCHETYPE_STREAMLINE","floor":16,"turns":9},{"damage":5,"enemies":"Spheric Guardian","floor":19,"turns":4},{"damage":39,"enemies":"Cultist and Chosen","floor":20,"turns":5},{"damage":7,"enemies":"Centurion and Healer","floor":23,"turns":4},{"damage":2,"enemies":"downfall:FleeingMerchant","floor":25,"turns":4},{"damage":0,"enemies":"3 Cultists","floor":26,"turns":2},{"damage":4,"enemies":"Chosen and Byrds","floor":27,"turns":4},{"damage":10,"enemies":"Shelled Parasite and Fungi","floor":32,"turns":3},{"damage":0,"enemies":"WA_ARCHETYPE_CALM","floor":33,"turns":5},{"damage":4,"enemies":"3 Darklings","floor":36,"turns":3},{"damage":0,"enemies":"Orb Walker","floor":37,"turns":3},{"damage":4,"enemies":"Sphere and 2 Shapes","floor":38,"turns":3},{"damage":47,"enemies":"Giant Head","floor":40,"turns":7},{"damage":5,"enemies":"2 Orb Walkers","floor":43,"turns":3},{"damage":27,"enemies":"Writhing Mass","floor":45,"turns":6},{"damage":11,"enemies":"downfall:FleeingMerchant","floor":47,"turns":4},{"damage":59,"enemies":"Maw","floor":49,"turns":10},{"damage":61,"enemies":"SI_POISON_ARCHETYPE","floor":50,"turns":10}],"seed_played":"8802915351319389045","potions_obtained":[{"floor":6,"key":"BlessingOfTheForge"},{"floor":8,"key":"Weak Potion"},{"floor":9,"key":"Energy Potion"},{"floor":15,"key":"LiquidMemories"},{"floor":16,"key":"Dexterity Potion"},{"floor":26,"key":"SpeedPotion"},{"floor":27,"key":"FairyPotion"},{"floor":32,"key":"Strength Potion"},{"floor":37,"key":"Weak Potion"},{"floor":43,"key":"Guardian:BlockOnCardUsePotion"},{"floor":45,"key":"PowerPotion"}],"is_trial":false,"path_per_floor":["R","M","?","M","M","E","T","M","M","M","R","M","M","$","M","B",null,"R","M","M","?","?","M","T","$","M","M","R","?","R","?","M","B",null,"R","M","M","M","?","E","T","R","?","?","M","R","$","T","M","B",null],"character_chosen":"THE_AUTOMATON","items_purchased":["expansioncontent:QuickStudy","ClockworkSouvenir","hubris:ToyBattleship"],"campfire_rested":4,"item_purchase_floors":[25,47,47],"current_hp_per_floor":[77,72,72,66,60,31,31,31,31,31,67,67,67,67,65,7,87,87,82,43,43,43,36,36,34,34,30,56,56,56,40,30,30,87,87,83,83,79,79,32,32,58,53,53,33,59,55,55,3,5],"gold":351,"neow_bonus":"TEN_PERCENT_HP_BONUS","is_daily":false,"chose_seed":false,"campfire_upgraded":2,"win_rate":0.0,"timestamp":1612742577,"path_taken":["R","M","?","M","?","E","T","M","M","?","R","M","M","$","M","BOSS","R","M","M","?","?","M","T","$","?","M","R","?","R","?","M","BOSS","R","M","M","M","?","E","T","R","?","?","?","R","$","?","M","BOSS"],"items_purchased_type":["Card","Relic","Relic"],"build_version":"2020-12-22","purchased_purges":2,"victory":true,"max_hp_per_floor":[77,77,77,77,77,77,77,77,77,77,87,87,87,87,87,87,87,87,87,87,87,87,87,87,87,87,87,87,87,87,87,87,87,87,87,87,87,87,87,87,87,87,87,87,87,87,87,87,87,87],"card_choices":[{"not_picked":["bronze:BronzeArmor","bronze:Iterate"],"picked":"bronze:WhirlingStrike","floor":2},{"not_picked":["bronze:WildBeam","bronze:Branch"],"picked":"bronze:BronzeOrb","floor":4},{"not_picked":["bronze:Allocate","bronze:DarkDash","bronze:ForceShield"],"picked":"SKIP","floor":5},{"not_picked":["bronze:Shield","bronze:HyperBeam"],"picked":"bronze:Flail","floor":6},{"not_picked":["bronze:DelayedGuard","bronze:Repulsor"],"picked":"bronze:Boost","floor":8},{"not_picked":["bronze:DelayedSlice","bronze:Turbo"],"picked":"bronze:Optimize","floor":9},{"not_picked":["bronze:ItsAFeature","bronze:DelayedSlice","bronze:Overload"],"picked":"SKIP","floor":10},{"not_picked":["bronze:ItsAFeature","bronze:DelayedSlice","bronze:Overload"],"picked":"SKIP","floor":10},{"not_picked":["bronze:DigitalCarnage","bronze:Return","bronze:Fortify"],"picked":"SKIP","floor":12},{"not_picked":["bronze:WildBeam","bronze:Optimize"],"picked":"bronze:BugBarrage","floor":13},{"not_picked":["bronze:ForLoop","bronze:Invalidate"],"picked":"bronze:BuggyMess","floor":14},{"not_picked":["bronze:FineTuning","bronze:Turbo"],"picked":"bronze:WildBeam","floor":15},{"not_picked":["bronze:CleanCode","bronze:HardenedForm"],"picked":"bronze:Verify","floor":16},{"not_picked":["bronze:WhirlingStrike","bronze:DelayedGuard","bronze:CutThrough"],"picked":"SKIP","floor":19},{"not_picked":["bronze:WhirlingStrike","bronze:DelayedGuard","bronze:CutThrough"],"picked":"SKIP","floor":19},{"not_picked":["bronze:OilSpill","bronze:Fortify+1"],"picked":"bronze:FineTuning","floor":20},{"not_picked":["bronze:BugBarrage","bronze:ForceShield+1"],"picked":"bronze:Branch+1","floor":23},{"not_picked":["bronze:Invalidate","bronze:Deprecate+1"],"picked":"bronze:BugBarrage+1","floor":25},{"not_picked":["bronze:Overheat","bronze:Fortify","bronze:DelayedGuard"],"picked":"SKIP","floor":26},{"not_picked":["bronze:FindAndReplace","bronze:CloningBeam+1","bronze:Backtrace"],"picked":"SKIP","floor":27},{"not_picked":["bronze:Iterate+1","bronze:FollowUp","bronze:NullPointer"],"picked":"SKIP","floor":32},{"not_picked":["bronze:Break","bronze:Assembly"],"picked":"bronze:HardenedForm","floor":33},{"not_picked":["bronze:Turbo+1","bronze:BugBarrage+1"],"picked":"bronze:DelayedSlice+1","floor":36},{"not_picked":["bronze:BugBarrage+1","bronze:FollowUp"],"picked":"bronze:Allocate+1","floor":37},{"not_picked":["bronze:MaxOutput","bronze:Shell+1"],"picked":"bronze:FineTuning+1","floor":38},{"not_picked":["bronze:Overheat+1","bronze:DigitalCarnage+1"],"picked":"bronze:BurnOut","floor":39},{"not_picked":["bronze:BuggyMess","bronze:BitShift+1","bronze:Overload+1"],"picked":"SKIP","floor":40},{"not_picked":["bronze:Fortify+1","bronze:Overload+1"],"picked":"bronze:Repair","floor":43},{"not_picked":["bronze:DelayedSlice","bronze:FineTuning"],"picked":"bronze:GetLatest+1","floor":45},{"not_picked":["bronze:CloningBeam","bronze:Optimize+1"],"picked":"bronze:FineTuning+1","floor":47},{"not_picked":["bronze:DelayedGuard+1","bronze:BronzeOrb"],"picked":"bronze:GetLatest+1","floor":49}],"player_experience":219448,"relics_obtained":[{"floor":6,"key":"Nunchaku"},{"floor":24,"key":"Smiling Mask"},{"floor":31,"key":"Enchiridion"},{"floor":35,"key":"Happy Flower"},{"floor":39,"key":"Ice Cream"},{"floor":40,"key":"hubris:MobiusCoin"},{"floor":41,"key":"CeramicFish"},{"floor":43,"key":"Incense Burner"},{"floor":48,"key":"Old Coin"}],"event_choices":[{"damage_healed":0,"gold_gain":0,"player_choice":"Trade","damage_taken":0,"relics_obtained":["GremlinMask"],"max_hp_gain":0,"max_hp_loss":0,"event_name":"FaceTrader","floor":22,"gold_loss":0},{"damage_healed":0,"gold_gain":0,"player_choice":"Ignored","damage_taken":0,"max_hp_gain":0,"max_hp_loss":0,"event_name":"Ghosts","floor":29,"gold_loss":0},{"damage_healed":0,"gold_gain":0,"player_choice":"Fight","damage_taken":0,"max_hp_gain":0,"max_hp_loss":0,"event_name":"Mysterious Sphere","floor":43,"gold_loss":0}],"is_beta":false,"boss_relics":[{"not_picked":["ReplayTheSpireMod:SealedPack","Kintsugi"],"picked":"Runic Pyramid"},{"not_picked":["Snecko Eye","Empty Cage"],"picked":"hubris:ScarierMask"}],"items_purged_floors":[25,47],"is_endless":false,"potions_floor_spawned":[6,8,9,15,16,26,27,32,37,43,45],"ascension_level":0}}