{"host":"i627ldzjvyz252sa","time":1612767134,"event":{"mods":["BaseMod","Colored Map","Curses Come First","Downfall","Marisa????????","Minty Spire (QoL Compilation)","StSLib","The Bug Knight","The Cursed","The Disciple","The Necromancer","The Servant 0.9.4"],"gold_per_floor":[99,112,112,124,138,48,48,48,78,92,111,440,440,83,96,200,200,200,210,19,38,51,36,61,79,114,127,152,121,121,206,223,319,319,319,335,134,134,154,174,226,246,246,274,274,274,274,289,301,301,301,301],"floor_reached":50,"language":"ENG","playtime":4655,"items_purged":["Normality","Guardian:Defend_Guardian","Guardian:Defend_Guardian","Guardian:Strike_Guardian"],"score":676,"play_id":"51705c82-7fa5-4c21-85af-e0d5c5cef4cb","local_time":"20210207225214","is_ascension_mode":false,"campfire_choices":[{"floor":1,"key":"RECALL"},{"data":"Guardian:TwinSlam","floor":8,"key":"SMITH"},{"data":"Guardian:RollAttack","floor":13,"key":"SMITH"},{"data":"Guardian:CurlUp","floor":18,"key":"SMITH"},{"data":"Guardian:BaubleBeam","floor":30,"key":"SMITH"},{"data":"Guardian:ExploitGems","floor":35,"key":"SMITH"},{"data":"Guardian:PrismaticBeam","floor":46,"key":"SMITH"}],"circlet_count":0,"master_deck":["Guardian:Strike_Guardian","Guardian:Strike_Guardian","Guardian:CurlUp+1","Guardian:TwinSlam+1","Guardian:BronzeOrb","Guardian:CrystalBeam","Guardian:RollAttack+1","Guardian:ShieldSpikes+1","Guardian:ExploitGems+1","Guardian:BronzeOrb","Guardian:PiercingHide+1","Guardian:TwinSlam+1","Guardian:GuardianWhirl+1","Guardian:PrismaticBeam+1","Guardian:Gem_Yellow","Guardian:BaubleBeam+1","Guardian:PiercingHide","Guardian:CrystalBeam","Pain","Guardian:Gem_Lightblue","expansioncontent:YouAreMine","Wraith","Guardian:PrismaticBarrier+1","Parasite","Guardian:Gem_Cyan"],"relics":["Guardian:ModeShifterPlus","HollowMod:PaleOreRelic","Old Coin","DollysMirror","Orichalcum","Pen Nib","Dream Catcher","Juzu Bracelet","Anchor","Black Star","War Paint","Question Card","Bag of Preparation"],"acts_visited":["Exordium","TheCity","TheBeyond"],"potions_floor_usage":[16,50],"damage_taken":[{"damage":1,"enemies":"Jaw Worm","floor":2,"turns":5},{"damage":10,"enemies":"Cultist","floor":4,"turns":4},{"damage":12,"enemies":"Small Slimes","floor":5,"turns":3},{"damage":5,"enemies":"downfall:FleeingMerchant","floor":6,"turns":4},{"damage":23,"enemies":"3 Sentries","floor":9,"turns":10},{"damage":0,"enemies":"3 Louse","floor":10,"turns":2},{"damage":0,"enemies":"Large Slime","floor":11,"turns":4},{"damage":3,"enemies":"Lagavulin","floor":12,"turns":8},{"damage":0,"enemies":"downfall:FleeingMerchant","floor":14,"turns":4},{"damage":0,"enemies":"2 Fungi Beasts","floor":15,"turns":3},{"damage":18,"enemies":"DF_ARCHETYPE_STREAMLINE","floor":16,"turns":9},{"damage":0,"enemies":"Spheric Guardian","floor":19,"turns":3},{"damage":0,"enemies":"downfall:FleeingMerchant","floor":20,"turns":4},{"damage":0,"enemies":"Snecko","floor":21,"turns":3},{"damage":0,"enemies":"Cultist and Chosen","floor":22,"turns":6},{"damage":0,"enemies":"downfall:FleeingMerchant","floor":23,"turns":4},{"damage":0,"enemies":"Snake Plant","floor":25,"turns":3},{"damage":8,"enemies":"HollowMod:Nosk","floor":26,"turns":10},{"damage":0,"enemies":"Centurion and Healer","floor":27,"turns":3},{"damage":0,"enemies":"Gremlin Leader","floor":28,"turns":3},{"damage":0,"enemies":"downfall:FleeingMerchant","floor":29,"turns":3},{"damage":0,"enemies":"Cultist and Chosen","floor":32,"turns":3},{"damage":0,"enemies":"SI_MIRROR_ARCHETYPE","floor":33,"turns":5},{"damage":0,"enemies":"3 Darklings","floor":36,"turns":1},{"damage":6,"enemies":"3 Shapes","floor":39,"turns":2},{"damage":0,"enemies":"3 Darklings","floor":40,"turns":1},{"damage":6,"enemies":"Spire Growth","floor":42,"turns":5},{"damage":45,"enemies":"Giant Head","floor":44,"turns":7},{"damage":3,"enemies":"Sphere and 2 Shapes","floor":48,"turns":3},{"damage":4,"enemies":"Writhing Mass","floor":49,"turns":5},{"damage":86,"enemies":"WA_ARCHETYPE_DIVINITY","floor":50,"turns":13}],"seed_played":"-8358390559858177123","potions_obtained":[{"floor":4,"key":"Weak Potion"},{"floor":9,"key":"Weak Potion"},{"floor":11,"key":"Fire Potion"},{"floor":19,"key":"champ:CounterPotion"},{"floor":26,"key":"FairyPotion"}],"is_trial":false,"path_per_floor":["R","M","?","M","M","$","T","R","E","M","M","E","R","$","M","B",null,"R","M","$","M","M","$","T","M","E","M","E","$","R","?","M","B",null,"R","M","$","?","M","M","T","M","?","E","?","R","?","M","M","B"],"character_chosen":"GUARDIAN","items_purchased":["Guardian:PiercingHide","DollysMirror","Orichalcum","Guardian:Gem_Crimson","Anchor","Guardian:BaubleBeam","Guardian:Gem_Green","Guardian:CrystalBeam"],"campfire_rested":0,"item_purchase_floors":[14,14,14,20,29,29,29,37],"current_hp_per_floor":[88,87,87,77,65,60,60,60,37,37,37,34,34,34,34,16,88,88,88,88,88,88,88,88,88,80,80,80,80,80,64,64,64,88,88,88,88,101,95,95,95,89,89,44,44,44,44,41,37,0,0,0],"gold":301,"neow_bonus":"TEN_PERCENT_HP_BONUS","is_daily":false,"chose_seed":false,"campfire_upgraded":6,"win_rate":0.0,"timestamp":1612767134,"path_taken":["R","M","?","?","M","$","T","R","E","M","M","E","R","$","M","BOSS","R","M","$","M","M","?","T","?","E","M","E","$","R","?","M","BOSS","R","M","$","?","M","M","T","M","?","E","?","R","?","M","M","BOSS"],"items_purchased_type":["Card","Relic","Relic","Card","Relic","Card","Card","Card"],"build_version":"2020-12-22","purchased_purges":4,"victory":false,"max_hp_per_floor":[88,88,88,88,88,88,88,88,88,88,88,88,88,88,88,88,88,88,88,88,88,88,88,88,88,88,88,88,88,88,88,88,88,88,88,88,88,101,101,101,101,101,101,101,101,101,101,101,101,101,101,101],"card_choices":[{"not_picked":["Guardian:Reroute","Guardian:Incinerate"],"picked":"Guardian:BronzeOrb","floor":2},{"not_picked":["Guardian:Clone","Guardian:Suspension","Guardian:VentSteam"],"picked":"SKIP","floor":4},{"not_picked":["Guardian:ShieldCharger","Guardian:WalkerClaw"],"picked":"Guardian:Gem_Cyan","floor":5},{"not_picked":["Guardian:Gem_Synthetic","Guardian:Preprogram"],"picked":"Guardian:Gem_Lightblue","floor":6},{"not_picked":["Guardian:Gem_Lightblue","Guardian:VentSteam"],"picked":"Guardian:CrystalBeam","floor":9},{"not_picked":["Guardian:ChargeCore","Guardian:VentSteam"],"picked":"Guardian:RollAttack","floor":10},{"not_picked":["Guardian:ChargeCore","Guardian:Clone"],"picked":"Guardian:ShieldSpikes","floor":11},{"not_picked":["Guardian:BodySlam","Guardian:ShieldSpikes"],"picked":"Guardian:ExploitGems","floor":12},{"not_picked":["Guardian:CrystalBeam","Guardian:SentryBeam"],"picked":"Guardian:BronzeOrb","floor":14},{"not_picked":["Guardian:GuardianWhirl","Guardian:Gem_Green"],"picked":"Guardian:Gem_Red","floor":15},{"not_picked":["Guardian:HyperBeam_Guardian","Guardian:RevengeProtocol"],"picked":"Guardian:Gem_Orange","floor":16},{"not_picked":["Guardian:DecasProtection+1","Guardian:TimeBomb"],"picked":"Guardian:GuardianWhirl+1","floor":19},{"not_picked":["Guardian:PiercingHide+1","Guardian:FastForward"],"picked":"Guardian:Gem_Red","floor":20},{"not_picked":["Guardian:RollAttack","Guardian:PrismaticBeam+1"],"picked":"Guardian:Gem_Green","floor":21},{"not_picked":["Guardian:Recover","Guardian:WalkerClaw+1"],"picked":"Guardian:PrismaticBeam","floor":22},{"not_picked":["Guardian:ArmoredProtocol","Guardian:BronzeOrb"],"picked":"Guardian:Gem_Yellow","floor":23},{"not_picked":["Guardian:Gem_Cyan","Guardian:Gem_Green"],"picked":"Guardian:Gem_Blue","floor":25},{"not_picked":["Guardian:HyperBeam_Guardian","Guardian:Gem_Cyan"],"picked":"Guardian:Gem_Crimson","floor":26},{"not_picked":["Guardian:Clone","Guardian:WalkerClaw+1"],"picked":"Guardian:Gem_Red","floor":27},{"not_picked":["Guardian:SentryBeam","Guardian:RollAttack"],"picked":"Guardian:Gem_Red","floor":28},{"not_picked":["Guardian:Suspension","Guardian:Planning","Guardian:TemporalStrike"],"picked":"SKIP","floor":29},{"not_picked":["Guardian:Repulse","Guardian:DecasProtection"],"picked":"Guardian:PiercingHide","floor":32},{"not_picked":["Guardian:FastForward","Guardian:TimeSifter"],"picked":"Guardian:AncientConstruct","floor":33},{"not_picked":["Guardian:TemporalShield+1","Guardian:ShieldCharger+1","Guardian:Recover"],"picked":"SKIP","floor":36},{"not_picked":["Guardian:TemporalShield","Guardian:Repulse+1","Guardian:RefractedBeam+1"],"picked":"SKIP","floor":39},{"not_picked":["Guardian:Gem_Green","Guardian:Preprogram+1"],"picked":"Guardian:Gem_Lightblue","floor":40},{"not_picked":["Guardian:AncientConstruct","Guardian:PrimingBeam+1"],"picked":"Guardian:Gem_Red","floor":42},{"not_picked":["expansioncontent:HyperBeam","expansioncontent:LastStand"],"picked":"expansioncontent:YouAreMine","floor":43},{"not_picked":["Guardian:HyperBeam_Guardian","Guardian:TemporalStrike+1","Guardian:ShieldCharger+1"],"picked":"SKIP","floor":44},{"not_picked":["Guardian:BronzeArmor","Guardian:BronzeOrb","Guardian:ShieldCharger"],"picked":"Guardian:PrismaticBarrier+1","floor":48},{"not_picked":["Guardian:Suspension+1","Guardian:Planning","Guardian:TemporalStrike+1"],"picked":"Guardian:Gem_Cyan","floor":49}],"player_experience":148640,"relics_obtained":[{"floor":9,"key":"HollowMod:PaleOreRelic"},{"floor":12,"key":"Old Coin"},{"floor":24,"key":"Pen Nib"},{"floor":26,"key":"Dream Catcher"},{"floor":28,"key":"Juzu Bracelet"},{"floor":41,"key":"War Paint"},{"floor":44,"key":"Question Card"},{"floor":44,"key":"Bag of Preparation"}],"event_choices":[{"cards_removed":["Guardian:AncientConstruct"],"damage_healed":0,"gold_gain":0,"player_choice":"Removed Power","damage_taken":0,"max_hp_gain":0,"max_hp_loss":0,"event_name":"Falling","floor":45,"gold_loss":0},{"damage_healed":0,"gold_gain":0,"player_choice":"Ignored","damage_taken":0,"max_hp_gain":0,"max_hp_loss":0,"event_name":"OrinTheCat","floor":47,"gold_loss":0}],"is_beta":false,"boss_relics":[{"not_picked":["Coffee Dripper","Snecko Eye"],"picked":"Guardian:ModeShifterPlus"},{"not_picked":["Runic Dome","Calling Bell"],"picked":"Black Star"}],"items_purged_floors":[6,20,29,37],"is_endless":false,"potions_floor_spawned":[4,9,11,15,19,22,25,26,27,33,36,40,44],"killed_by":"WA_ARCHETYPE_DIVINITY","ascension_level":0}}