{"host":"5rraryxetonu8qhc","time":1612823199,"event":{"mods":["2.2 Compatiblity","BaseMod","Better Third Choice","Downfall","Hermit","Hubris","Infinite Spire","Jorbs\u0027s Wanderer Trilogy","Marisa????????","Minty Spire (QoL Compilation)","Replay The Spire","StSLib","The Jungle","The Servant 0.9.4"],"gold_per_floor":[115,115,132,143,0,30,30,41,41,58,58,84,84,97,97,198,198],"floor_reached":16,"language":"ENG","playtime":1454,"items_purged":[],"score":162,"play_id":"ff65e34f-8f6c-4108-811b-cf6b527e5ceb","local_time":"20210208142639","is_ascension_mode":false,"campfire_choices":[{"floor":7.0,"key":"RECALL"},{"floor":11,"key":"REST"},{"floor":15,"key":"REST"}],"circlet_count":0,"master_deck":["hexamod:TimeOfNeed+1","hermit:Strike_Hermit","hermit:Strike_Hermit","hermit:Strike_Hermit","hermit:Strike_Hermit","hermit:Defend_Hermit","hermit:Defend_Hermit","hermit:Defend_Hermit","hermit:Defend_Hermit","hermit:Snapshot","hermit:Covet","hermit:Deadeye","hermit:TrackingShot","hermit:GoldenBullet","Enlightenment","hermit:Dive","hermit:TakeAim+1","hermit:GhostlyPresence","hermit:CalledShot","hermit:Gambit"],"relics":["hermit:Momento","hubris:Icosahedron","Replay:Bottled Flurry","Frozen Egg 2","infinitespire:PuzzleCube"],"acts_visited":["Exordium"],"potions_floor_usage":[14,16],"damage_taken":[{"damage":0.0,"enemies":"2 Louse","floor":1.0,"turns":3.0},{"damage":14.0,"enemies":"Jaw Worm","floor":3.0,"turns":4.0},{"damage":4.0,"enemies":"Cultist","floor":4.0,"turns":4.0},{"damage":14.0,"enemies":"Gremlin Nob","floor":6.0,"turns":3.0},{"damage":34.0,"enemies":"Large Slime","floor":8.0,"turns":8.0},{"damage":6,"enemies":"Red Slaver","floor":10,"turns":3},{"damage":19,"enemies":"Replay:BlueRogue","floor":12,"turns":9},{"damage":12,"enemies":"Exordium Thugs","floor":14,"turns":2},{"damage":56,"enemies":"Fading Forest","floor":16,"turns":11}],"seed_played":"3854713131924313002","potions_obtained":[{"floor":1.0,"key":"AttackPotion"},{"floor":3.0,"key":"Cursed Concoction"},{"floor":4.0,"key":"Fire Potion"},{"floor":10,"key":"Explosive Potion"}],"is_trial":false,"path_per_floor":["M","?","M","M","?","E","R","M","T","M","R","E","?","M","R","B"],"character_chosen":"HERMIT","items_purchased":[],"campfire_rested":2,"item_purchase_floors":[],"current_hp_per_floor":[82,82,68,64,70,56,56,22,22,16,42,23,23,11,37,5,5],"gold":198,"neow_bonus":"TEN_PERCENT_HP_BONUS","is_daily":false,"chose_seed":false,"campfire_upgraded":0,"win_rate":0.0,"timestamp":1612823199,"path_taken":["M","?","M","M","?","E","R","M","T","M","R","E","?","M","R","BOSS"],"items_purchased_type":[],"build_version":"2020-12-22","purchased_purges":0,"victory":false,"max_hp_per_floor":[82,82,82,82,88,88,88,88,88,88,88,88,88,88,88,88,88],"card_choices":[{"not_picked":["hermit:CalledShot","hermit:Headshot"],"picked":"hermit:Deadeye","floor":1.0},{"not_picked":["hermit:TakeCover","hermit:Headshot"],"picked":"hermit:TrackingShot","floor":3.0},{"not_picked":["hermit:WideOpen","hermit:TakeCover"],"picked":"hermit:GoldenBullet","floor":4.0},{"not_picked":["hermit:Adapt","hermit:Spite"],"picked":"hermit:Dive","floor":6.0},{"not_picked":["hermit:Misfire","hermit:Ricochet","hermit:Malice"],"picked":"SKIP","floor":8.0},{"not_picked":["hermit:Glare","hermit:Desperado"],"picked":"hermit:TakeAim+1","floor":10},{"not_picked":["hermit:BigShot+1","hermit:Glare"],"picked":"hermit:GhostlyPresence","floor":12},{"not_picked":["hermit:Glare","hermit:SprayPray"],"picked":"hermit:CalledShot","floor":14},{"not_picked":["hermit:BlackWind","hermit:FinalCanter"],"picked":"hermit:Gambit","floor":16}],"player_experience":144913,"relics_obtained":[{"floor":6.0,"key":"Replay:Bottled Flurry"},{"floor":9.0,"key":"Frozen Egg 2"},{"floor":12,"key":"infinitespire:PuzzleCube"}],"event_choices":[{"damage_healed":0.0,"max_hp_gain":0.0,"max_hp_loss":0.0,"gold_gain":0.0,"event_name":"betterThird:BetterSerpent","player_choice":"RENOUNCE","floor":5.0,"gold_loss":143.0,"damage_taken":143.0,"cards_obtained":["Enlightenment"]}],"is_beta":false,"boss_relics":[],"items_purged_floors":[],"is_endless":false,"potions_floor_spawned":[1,3,4,10],"killed_by":"Fading Forest","ascension_level":0}}