{"host":"08z5bj28eube4vug","time":1612823395,"event":{"mods":["100% Spire Juice","2.2 Compatiblity","Abigail Mod","Act Like it!","BaseMod","Beaked The Cultist","Bestiary","Friendly Minions","Gensokyo","GungeonMod","Hallownest","Kiyohime????","Koishi","Lobotomy","Marisa????????","Minty Spire (QoL Compilation)","Prisma Mod","Remilia??????","Replay The Spire","Spire Arcade","StSLib","Td1madao Mod","The Alterego","The Bug Knight","The Jungle","The Sage","The Senshi","The Servant 0.9.4","Waifu the Spire","WarShipGirlsR/????R mod","Yuri Mod"],"gold_per_floor":[214,214,65,85,45,45,64,64,91,91,40,70,70,100,100,198,198,112,132,132,149,419,419,452,452,507,507,535,554,554,571,211,307,307,320,60,104,123,134,134,160,160,160,160,160,12,12,29,29,29],"floor_reached":51,"language":"ENG","playtime":2652,"items_purged":["Wraith"],"score":685,"play_id":"b96ba04d-6c10-43f2-b7f4-981c7cf3b5aa","local_time":"20210209012955","is_ascension_mode":true,"campfire_choices":[{"data":"Moonworks:Ambush","floor":6,"key":"SMITH"},{"data":"Moonworks:EvilSpyWorkPreparation","floor":8,"key":"SMITH"},{"data":"Moonworks:BackdoorTrade","floor":10,"key":"SMITH"},{"data":"Moonworks:SakisCookie","floor":15,"key":"SMITH"},{"data":"Moonworks:RagingMadness","floor":23,"key":"SMITH"},{"floor":25,"key":"REST"},{"data":"Moonworks:HolyNight","floor":27,"key":"SMITH"},{"floor":30,"key":"REST"},{"data":"Moonworks:ImOnFire","floor":32,"key":"SMITH"},{"floor":40,"key":"REST"},{"floor":47,"key":"REST"},{"floor":49,"key":"DIG"}],"circlet_count":0,"master_deck":["Moonworks:Strike","Moonworks:Strike","Moonworks:Strike","Moonworks:Defend","Moonworks:Defend","Moonworks:Defend","Moonworks:Defend","Moonworks:Ambush+1","Moonworks:LongDistanceShot","Moonworks:NicePresent","Moonworks:Dash","Moonworks:EvilSpyWorkPreparation+1","Moonworks:BackdoorTrade+1","Moonworks:SakisCookie+1","Moonworks:NicePresent","Moonworks:BackdoorTrade+1","Moonworks:Poppoformation","Moonworks:HolyNight+1","Gensokyo:AllTheWorldsEvil","Writhe","Moonworks:RagingMadness+1","Moonworks:SakisCookie","Moonworks:ImOnFire+1","Moonworks:DeployBits","Moonworks:Wanted","Moonworks:DeployBits+1","Moonworks:JonathanRush+1","Moonworks:Encore","CurseOfTheBell","Moonworks:JonathanRush+1","Moonworks:DevilHand","Moonworks:SakisCookie","Moonworks:AnotherUltimateWeapon","Moonworks:ShieldCounter","Moonworks:NicePresent+1"],"relics":["Moonworks:BrokenBomb","Moonworks:Homemark","Anchor","DemoMod:Metronome","Odd Mushroom","HollowMod:PaleOreRelic","Replay:Ancient Bell","Vajra","Replay:WaspNest","TungstenRod","DemoMod:ClearGuonStone","Simple Rune","Bag of Preparation","DemoMod:PartiallyEatenCheese","Calling Bell","Shovel","ScarletDevilRocket","Replay:Bottled Steam","Shuriken","Toy Ornithopter","DemoMod:RingOfEthereal","BranchBurnRelic","DemoMod:GreenGuonStone"],"acts_visited":["Exordium","TheCity","TheBeyond"],"potions_floor_usage":[14,19,28,38,41,41],"damage_taken":[{"damage":0,"enemies":"Small Slimes","floor":1,"turns":3},{"damage":0,"enemies":"Jaw Worm","floor":4,"turns":3},{"damage":0,"enemies":"Cultist","floor":7,"turns":3},{"damage":0,"enemies":"The Mushroom Lair","floor":12,"turns":3},{"damage":17,"enemies":"Lagavulin","floor":14,"turns":4},{"damage":28,"enemies":"Hexaghost","floor":16,"turns":9},{"damage":0,"enemies":"Spheric Guardian","floor":18,"turns":2},{"damage":1,"enemies":"Shell Parasite","floor":19,"turns":4},{"damage":10,"enemies":"Centurion and Healer","floor":21,"turns":6},{"damage":17,"enemies":"Replay:Snechameleon","floor":24,"turns":5},{"damage":8,"enemies":"Gremlin Leader","floor":28,"turns":4},{"damage":23,"enemies":"Snake Plant","floor":29,"turns":3},{"damage":6,"enemies":"Chosen and Byrds","floor":31,"turns":6},{"damage":1,"enemies":"Automaton","floor":33,"turns":7},{"damage":11,"enemies":"3 Shapes","floor":35,"turns":4},{"damage":23,"enemies":"Orb Walker","floor":38,"turns":3},{"damage":28,"enemies":"Writhing Mass","floor":39,"turns":7},{"damage":42,"enemies":"Giant Head","floor":41,"turns":7},{"damage":5,"enemies":"Spire Growth","floor":48,"turns":6},{"damage":18,"enemies":"Replay:Hell Engine","floor":50,"turns":9}],"seed_played":"-7381945522047042606","potions_obtained":[{"floor":4,"key":"Explosive Potion"},{"floor":12,"key":"Strength Potion"},{"floor":16,"key":"LifebloodPotion"},{"floor":19,"key":"FearPotion"},{"floor":21,"key":"DuplicationPotion"},{"floor":29,"key":"Energy Potion"},{"floor":37,"key":"AttackPotion"},{"floor":37,"key":"LiquidMemories"},{"floor":41,"key":"Weak Potion"}],"is_trial":false,"path_per_floor":["M","?","$","M","?","R","M","R","T","R","$","?","?","E","R","B",null,"M","M","?","M","?","R","E","R","T","R","E","M","R","M","R","B",null,"M","$","?","M","M","R","E","?","T","?","?","$","R","M","R","B",null],"character_chosen":"THE_STARBREAKER","items_purchased":["Anchor","Moonworks:SakisCookie","Shuriken","Moonworks:ShieldCounter"],"campfire_rested":4,"item_purchase_floors":[3,11,36,46],"current_hp_per_floor":[60,48,48,48,48,48,48,48,48,48,48,50,50,33,33,8,60,60,59,59,54,31,31,17,35,35,35,30,12,30,29,29,31,60,54,54,54,37,14,32,7,7,7,7,7,7,25,40,40,40],"gold":29,"neow_bonus":"HUNDRED_GOLD","is_daily":false,"chose_seed":false,"campfire_upgraded":7,"win_rate":0.0,"timestamp":1612823395,"path_taken":["M","?","$","M","?","R","M","R","T","R","?","?","?","E","R","BOSS","M","M","?","M","?","R","E","R","T","R","E","?","R","M","R","BOSS","M","$","?","M","M","R","E","?","T","?","?","$","R","M","R","BOSS"],"items_purchased_type":["Relic","Card","Relic","Card"],"build_version":"2020-12-22","purchased_purges":1,"victory":true,"max_hp_per_floor":[60,60,60,60,60,60,60,60,60,60,60,60,60,60,60,60,60,60,60,60,60,60,60,60,60,60,60,60,60,60,60,60,60,60,60,60,60,60,60,60,60,60,60,60,60,60,60,60,60,60],"card_choices":[{"not_picked":["Moonworks:SakisCookie","Moonworks:ImOnFire"],"picked":"Moonworks:NicePresent","floor":1},{"not_picked":["Moonworks:MixPhenomenon","Moonworks:IntelligenceOfficer"],"picked":"Moonworks:Dash","floor":4},{"not_picked":[],"picked":"Moonworks:EvilSpyWorkPreparation","floor":5},{"not_picked":["Moonworks:Assault","Moonworks:Bloodlust"],"picked":"Moonworks:BackdoorTrade","floor":7},{"not_picked":["Moonworks:AwakeningOfTalent","Moonworks:LulusLuckyEgg"],"picked":"Moonworks:NicePresent","floor":12},{"not_picked":["Moonworks:Assault","Moonworks:WindyEnchantment"],"picked":"Moonworks:Poppoformation","floor":14},{"not_picked":["Moonworks:SinkOrSwim","Moonworks:Wanted"],"picked":"Moonworks:HolyNight","floor":16},{"not_picked":["Spreading Infection","Delirium"],"picked":"ReplayTheSpireMod:IOU","floor":17},{"not_picked":["Injury","CommonCold"],"picked":"Gensokyo:AllTheWorldsEvil","floor":17},{"not_picked":["Regret","Languid"],"picked":"Writhe","floor":17},{"not_picked":["Moonworks:DeployBits","Moonworks:StiffCrystal"],"picked":"Moonworks:RagingMadness","floor":18},{"not_picked":["Moonworks:MiracleWalker","Moonworks:FullSpeedAlicianrone"],"picked":"Moonworks:SakisCookie","floor":19},{"not_picked":["Moonworks:Assault","Moonworks:DeployBits"],"picked":"Moonworks:ImOnFire","floor":21},{"not_picked":["Moonworks:CloudOfSeagulls","Moonworks:ImOnFire"],"picked":"Moonworks:DeployBits","floor":24},{"not_picked":["Moonworks:DeployBits","Moonworks:BeyondHell"],"picked":"Moonworks:Wanted","floor":28},{"not_picked":["Moonworks:Dinner+1","Moonworks:CloudOfSeagulls"],"picked":"Moonworks:DeployBits+1","floor":29},{"not_picked":["Moonworks:ForcedRevival+1","Moonworks:CloudOfSeagulls"],"picked":"Moonworks:JonathanRush+1","floor":31},{"not_picked":["Moonworks:Blazing","Moonworks:CrystalBarrier"],"picked":"Moonworks:Encore","floor":33},{"not_picked":["Moonworks:Flamethrower","Moonworks:ImOnFire"],"picked":"Moonworks:JonathanRush+1","floor":35},{"not_picked":["Moonworks:CookingTime+1","Moonworks:NicePresent+1"],"picked":"Moonworks:DevilHand","floor":37},{"not_picked":["Moonworks:ExtendedPhotonRifle+1","Moonworks:EvilSpyWorkPreparation"],"picked":"Moonworks:SakisCookie","floor":38},{"not_picked":["Moonworks:LulusLuckyEgg+1","Moonworks:CloudOfSeagulls+1"],"picked":"Moonworks:AnotherUltimateWeapon","floor":39},{"not_picked":["Moonworks:BigMagnum","Moonworks:IntelligenceOfficer","Moonworks:EvilSpyWorkPreparation"],"picked":"SKIP","floor":41},{"not_picked":["Moonworks:LulusLuckyEgg+1","Moonworks:DeployBits"],"picked":"Moonworks:NicePresent+1","floor":48}],"player_experience":895530,"relics_obtained":[{"floor":9,"key":"DemoMod:Metronome"},{"floor":12,"key":"Odd Mushroom"},{"floor":14,"key":"HollowMod:PaleOreRelic"},{"floor":24,"key":"Simple Rune"},{"floor":26,"key":"Bag of Preparation"},{"floor":28,"key":"DemoMod:PartiallyEatenCheese"},{"floor":34,"key":"Shovel"},{"floor":34,"key":"ScarletDevilRocket"},{"floor":34,"key":"Replay:Bottled Steam"},{"floor":37,"key":"Toy Ornithopter"},{"floor":41,"key":"DemoMod:RingOfEthereal"},{"floor":43,"key":"Dead Branch"},{"floor":49,"key":"DemoMod:GreenGuonStone"}],"event_choices":[{"damage_healed":0,"gold_gain":0,"player_choice":"Entered Light","damage_taken":12,"max_hp_gain":0,"max_hp_loss":0,"event_name":"Shining Light","floor":2,"gold_loss":0,"cards_upgraded":["Moonworks:Strike","Moonworks:Defend"]},{"damage_healed":0,"gold_gain":0,"player_choice":"Fought Mushrooms","damage_taken":0,"max_hp_gain":0,"max_hp_loss":0,"event_name":"Mushrooms","floor":12,"gold_loss":0},{"damage_healed":0,"gold_gain":0,"player_choice":"Opened","damage_taken":0,"relics_obtained":["DemoMod:ClearGuonStone"],"max_hp_gain":0,"max_hp_loss":0,"event_name":"The Mausoleum","floor":20,"gold_loss":0},{"damage_healed":0,"gold_gain":270,"player_choice":"GOLD GOLD GOLD ","damage_taken":27,"max_hp_gain":0,"max_hp_loss":0,"event_name":"Knowing Skull","floor":22,"potions_obtained":[],"gold_loss":0,"cards_obtained":[]},{"damage_healed":0,"gold_gain":0,"player_choice":"Ignored","damage_taken":0,"max_hp_gain":0,"max_hp_loss":0,"event_name":"Mysterious Sphere","floor":44,"gold_loss":0},{"damage_healed":0,"gold_gain":0,"player_choice":"Ignored","damage_taken":0,"max_hp_gain":0,"max_hp_loss":0,"event_name":"OrinTheCat","floor":45,"gold_loss":0}],"is_beta":false,"boss_relics":[{"not_picked":["Snecko Eye","Pandora\u0027s Box"],"picked":"Replay:Ancient Bell"},{"not_picked":["Replay:Rubber Ducky","Dream Catcher"],"picked":"Vajra"},{"not_picked":["Garlic","Eternal Feather"],"picked":"Replay:WaspNest"},{"not_picked":["Durian","DemoMod:ResourcefulSack"],"picked":"TungstenRod"},{"not_picked":["beaked:MawFillet","Tiny House"],"picked":"Calling Bell"}],"items_purged_floors":[46],"is_endless":false,"potions_floor_spawned":[4,12,16,19,21,29,35,41],"ascension_level":3}}