{"host":"8fl9fk3sx00hvnsh","time":1612802631,"event":{"mods":["BaseMod","Bestiary","Bossed Relics","Custom Start","Downfall","Minty Spire (QoL Compilation)","Reliquary","Replay The Spire","StSLib","The Blue Laboratory","The Marked","The Wild Card"],"gold_per_floor":[99,117,117,174,229,286,286,286,305,324,344,344,390,390,434,533,533,533,533,547,547,547,558,558,558,458,475,489,79,79,89,109,209,209,209,228,47,47,223,239,263,277,295,295,295,295],"floor_reached":44,"language":"ENG","playtime":2704,"items_purged":[],"score":431,"play_id":"b6bb6474-f91b-4dde-93c9-6b8b3b266259","local_time":"20210208114351","is_ascension_mode":false,"campfire_choices":[{"data":"Slimebound:Split","floor":1,"key":"SMITH"},{"floor":12,"key":"REST"},{"floor":18,"key":"RECALL"},{"data":"Slimebound:LeadByExample","floor":26,"key":"PURGE"},{"data":"Slimebound:DuplicatedForm","floor":30,"key":"SMITH"},{"data":"Slimebound:SlimeBrawl+1","floor":35,"key":"PURGE"}],"circlet_count":0,"master_deck":["Slimebound:Strike_Slimebound","Slimebound:Strike_Slimebound","Slimebound:Strike_Slimebound","Slimebound:Tackle","Slimebound:Defend_Slimebound","Slimebound:Defend_Slimebound","Slimebound:Defend_Slimebound","Slimebound:Defend_Slimebound","Slimebound:Split+1","Slimebound:CorrosiveSpit","Slimebound:LivingWall","Slimebound:LevelUp","Slimebound:SamplingLick","Slimebound:Overexert","Slimebound:Prepare","Slimebound:SplitLeeching","Slimebound:SplitAcid","Slimebound:Prepare","Slimebound:SlimeTap","Slimebound:SplitMire","Slimebound:LeechLife","Slimebound:SplitMire","Slimebound:Equalize","Slimebound:SlimeTap","Slimebound:DuplicatedForm+1","Slimebound:SplitAcid+1","Slimebound:OozeBath","Slimebound:SplitBruiser","expansioncontent:DashGenerateEvil","Slimebound:MassFeed","Slimebound:MegaLick+1","Pot Of Greed","Pot Of Greed","Pot Of Greed"],"relics":["Slimebound:AbsorbEndCombat","ReplayTheSpireMod:Ring of Exchange","ReplayTheSpireMod:Ring of Challenge","ReplayTheSpireMod:Ninjato","Slimebound:ScrapOozeRelic","Oddly Smooth Stone","reliquary:Ember","Nilry\u0027s Codex","reliquary:NewFriend","downfall:HeartBlessingRed","Bottled Tornado","TheAbacus","Toy Ornithopter","Grinning Jar"],"acts_visited":["Exordium","TheCity","TheBeyond"],"potions_floor_usage":[15,16,33,33,40,40],"damage_taken":[{"damage":6,"enemies":"Small Slimes","floor":2,"turns":4},{"damage":3,"enemies":"2 Louse","floor":4,"turns":4},{"damage":8,"enemies":"Cultist","floor":5,"turns":5},{"damage":20,"enemies":"Gremlin Gang","floor":9,"turns":4},{"damage":5,"enemies":"Large Slime","floor":10,"turns":7},{"damage":0,"enemies":"2 Fungi Beasts","floor":11,"turns":3},{"damage":21,"enemies":"3 Louse","floor":13,"turns":3},{"damage":0,"enemies":"Blue Slaver","floor":15,"turns":4},{"damage":13,"enemies":"IC_STATUS_ARCHETYPE","floor":16,"turns":7},{"damage":3,"enemies":"Shell Parasite","floor":20,"turns":3},{"damage":0,"enemies":"Chosen","floor":23,"turns":3},{"damage":30,"enemies":"Sentry and Sphere","floor":27,"turns":6},{"damage":19,"enemies":"Snake Plant","floor":28,"turns":4},{"damage":3,"enemies":"downfall:FleeingMerchant","floor":29,"turns":4},{"damage":17,"enemies":"3 Cultists","floor":31,"turns":4},{"damage":46,"enemies":"Centurion and Healer","floor":32,"turns":5},{"damage":57,"enemies":"WA_ARCHETYPE_CALM","floor":33,"turns":7},{"damage":44,"enemies":"3 Shapes","floor":36,"turns":4},{"damage":13,"enemies":"downfall:FleeingMerchant","floor":37,"turns":4},{"damage":13,"enemies":"downfall:FleeingMerchant","floor":39,"turns":4},{"damage":19,"enemies":"3 Darklings","floor":40,"turns":3},{"damage":28,"enemies":"4 Shapes","floor":42,"turns":3},{"damage":43,"enemies":"Jaw Worm Horde","floor":43,"turns":4},{"damage":26,"enemies":"Writhing Mass","floor":44,"turns":3}],"seed_played":"270725739669305593","potions_obtained":[{"floor":5,"key":"Fire Potion"},{"floor":6,"key":"Energy Potion"},{"floor":10,"key":"GamblersBrew"},{"floor":15,"key":"bronze:BurnAndBuffPotion"},{"floor":16,"key":"Adrenaline Potion"},{"floor":22,"key":"CultistPotion"},{"floor":33,"key":"blueLaboratory:AbyssPotion"},{"floor":36,"key":"blueLaboratory:SavagePotion"},{"floor":40,"key":"Cursed Concoction"}],"is_trial":false,"path_per_floor":["R","M","?","M","M","?","T","?","M","M","M","R","M","?","M","B",null,"R","?","M","?","?","M","T","?","R","M","M","$","R","M","M","B",null,"R","M","$","?","$","M","T","M","M","M"],"character_chosen":"SLIMEBOUND","items_purchased":["Slimebound:DuplicatedForm","Bottled Tornado","expansioncontent:DashGenerateEvil","Toy Ornithopter"],"campfire_rested":1,"item_purchase_floors":[29,29,37,39],"current_hp_per_floor":[65,64,64,63,59,33,33,33,15,16,18,37,16,16,18,9,65,65,49,58,58,58,60,60,49,49,21,36,57,57,70,59,45,70,70,45,48,48,41,41,41,28,8,0,0,0],"gold":295,"neow_bonus":"THREE_CARDS","is_daily":false,"chose_seed":false,"campfire_upgraded":2,"win_rate":0.0,"timestamp":1612802631,"path_taken":["R","M","?","M","M","?","T","?","M","M","M","R","M","?","M","BOSS","R","?","M","?","?","M","T","?","R","M","M","$","R","?","M","BOSS","R","M","?","?","$","M","T","M","M","M"],"items_purchased_type":["Card","Relic","Card","Relic"],"build_version":"2020-12-22","purchased_purges":0,"victory":false,"max_hp_per_floor":[65,65,65,65,65,65,65,65,65,65,65,65,65,65,65,65,65,65,65,65,65,65,65,65,70,70,70,70,70,70,70,70,70,70,70,70,70,70,70,73,73,76,79,79,79,79],"card_choices":[{"not_picked":["Slimebound:Schlurp","Slimebound:PressTheAttack"],"picked":"Slimebound:LivingWall","floor":0},{"not_picked":["Slimebound:ItLooksTasty","Slimebound:GoopTackle"],"picked":"Slimebound:LevelUp","floor":2},{"not_picked":["Slimebound:SlimeBarrage","Slimebound:BestDefense"],"picked":"Slimebound:SamplingLick","floor":4},{"not_picked":["Slimebound:RollThrough","Slimebound:FinishingTackle"],"picked":"Slimebound:Overexert","floor":5},{"not_picked":["Slimebound:GoopTackle","Slimebound:LeechingTouch"],"picked":"Slimebound:Prepare","floor":6},{"not_picked":["Slimebound:Nibble","Slimebound:ServeAndProtect"],"picked":"Slimebound:SplitLeeching","floor":6},{"not_picked":["Slimebound:GoopTackle","Slimebound:DisruptingSlam"],"picked":"Slimebound:SplitAcid","floor":9},{"not_picked":["Slimebound:OneTwoCombo","Slimebound:LeadByExample"],"picked":"Slimebound:Prepare","floor":10},{"not_picked":["Slimebound:FormOfPuddle","Slimebound:SlimeSpikes","Slimebound:FinishingTackle"],"picked":"SKIP","floor":11},{"not_picked":["Slimebound:SplitLeeching","Slimebound:CheckThePlaybook"],"picked":"Slimebound:SlimeTap","floor":13},{"not_picked":["Slimebound:SamplingLick","Slimebound:LivingWall"],"picked":"Slimebound:SplitMire","floor":15},{"not_picked":["Slimebound:CheckThePlaybook","Slimebound:RallyTheTroops"],"picked":"Slimebound:LeechLife","floor":16},{"not_picked":["Slimebound:LivingWall","Slimebound:LeechEnergy"],"picked":"Slimebound:LeadByExample","floor":20},{"not_picked":["Slimebound:Replication","Slimebound:RejuvenatingLick"],"picked":"Slimebound:SplitMire","floor":23},{"not_picked":["Slimebound:LivingWall","Slimebound:ForwardTackle"],"picked":"Slimebound:Equalize","floor":27},{"not_picked":["Slimebound:SplitAcid","Slimebound:SpikyOuterGoop+1"],"picked":"Slimebound:SlimeTap","floor":28},{"not_picked":["Slimebound:GoopTackle","Slimebound:SamplingLick","Slimebound:RollThrough+1"],"picked":"SKIP","floor":29},{"not_picked":["Slimebound:Prepare","Slimebound:GoopSpray"],"picked":"Slimebound:SlimeBrawl+1","floor":31},{"not_picked":["Slimebound:FormOfPuddle","Slimebound:Overexert"],"picked":"Slimebound:SplitAcid+1","floor":32},{"not_picked":["Slimebound:DuplicatedForm","Slimebound:DouseInSlime"],"picked":"Slimebound:OozeBath","floor":33},{"not_picked":["Slimebound:Gluttony+1","Slimebound:SamplingLick+1"],"picked":"Slimebound:SplitBruiser","floor":36},{"not_picked":["Slimebound:Chomp","Slimebound:FinishingTackle","Slimebound:Prepare"],"picked":"SKIP","floor":37},{"not_picked":["Slimebound:ViciousTackle","Slimebound:Nibble"],"picked":"Slimebound:MassFeed","floor":39},{"not_picked":["Slimebound:LeechEnergy","Slimebound:GoopTackle"],"picked":"Slimebound:MegaLick+1","floor":40},{"not_picked":["Slimebound:Chomp","Slimebound:SlimeSpikes","Slimebound:SplitMire"],"picked":"SKIP","floor":42},{"not_picked":["Slimebound:TongueLash","Slimebound:GoopTackle+1","Slimebound:Schlurp+1"],"picked":"SKIP","floor":43}],"player_experience":236519,"relics_obtained":[{"floor":3,"key":"ReplayTheSpireMod:Ring of Exchange"},{"floor":3,"key":"ReplayTheSpireMod:Ring of Challenge"},{"floor":6,"key":"Juzu Bracelet"},{"floor":7,"key":"ReplayTheSpireMod:Ninjato"},{"floor":15,"key":"Oddly Smooth Stone"},{"floor":19,"key":"Nilry\u0027s Codex"},{"floor":24,"key":"reliquary:NewFriend"},{"floor":41,"key":"Grinning Jar"}],"event_choices":[],"is_beta":false,"boss_relics":[{"not_picked":["Philosopher\u0027s Stone","ReplayTheSpireMod:CursedCoin"],"picked":"reliquary:Ember"},{"not_picked":["Slimebound:TarBlob","ChewingGum"],"picked":"TheAbacus"}],"items_purged_floors":[],"is_endless":false,"potions_floor_spawned":[5,10,15,16,20,27,33,36,40],"killed_by":"Writhing Mass","ascension_level":0}}