{"host":"og6lam4kt3nibbw0","time":1612805200,"event":{"mods":["AchievementEnabler","BaseMod","Colored Map","DeckTracker","Highlight Path","Keyboard Shortcuts","Minty Spire (QoL Compilation)","Permanent Neow","Quick Restart","StSLib","SuperFastMode"],"gold_per_floor":[115,40,55,78,78,78,90,124,124,135,150,150,178,189,189,263,263,282,297,310,92,105,105,118,137,137,137,37,57,85,185,185,258,258,275,275,290,290,92,118,118,149,149,149,174,188,188,199,199,199,199],"floor_reached":50,"language":"KOR","playtime":1360,"items_purged":["Hello World","All For One"],"score":1118,"play_id":"473c8366-0a98-40f2-8141-969db3dc3434","local_time":"20210209022640","is_ascension_mode":true,"campfire_choices":[{"floor":6.0,"key":"REST"},{"data":"Storm","floor":12.0,"key":"SMITH"},{"floor":15.0,"key":"REST"},{"data":"Storm","floor":23.0,"key":"SMITH"},{"data":"Biased Cognition","floor":27.0,"key":"SMITH"},{"floor":32.0,"key":"REST"},{"data":"Apotheosis","floor":41.0,"key":"SMITH"},{"floor":44.0,"key":"REST"},{"floor":49.0,"key":"RECALL"}],"circlet_count":0,"master_deck":["AscendersBane","Zap","Dualcast","Electrodynamics+1","Turbo+1","Storm+1","Tempest","Machine Learning","Conserve Battery","Storm+1","Auto Shields","Thunder Strike+1","Leap","Stack","Echo Form","Compile Driver","Biased Cognition+1","Defragment","Finesse","Lockon+1","Stack+1","Undo+1","Loop","Coolheaded","Apotheosis+1","Amplify","Storm+1"],"relics":["Cracked Core","Regal Pillow","Blood Vial","HornCleat","Ice Cream","Pandora\u0027s Box","White Beast Statue","Whetstone","TungstenRod","Cables","SlaversCollar","Turnip","Akabeko","Mango"],"acts_visited":["Exordium","TheCity","TheBeyond"],"potions_floor_usage":[50],"damage_taken":[{"damage":8.0,"enemies":"2 Louse","floor":1.0,"turns":2.0},{"damage":9.0,"enemies":"Jaw Worm","floor":3.0,"turns":4.0},{"damage":14.0,"enemies":"Small Slimes","floor":7.0,"turns":3.0},{"damage":10.0,"enemies":"3 Sentries","floor":8.0,"turns":2.0},{"damage":0.0,"enemies":"Exordium Thugs","floor":10.0,"turns":3.0},{"damage":6.0,"enemies":"Lots of Slimes","floor":11.0,"turns":3.0},{"damage":25.0,"enemies":"Lagavulin","floor":13.0,"turns":6.0},{"damage":0.0,"enemies":"Large Slime","floor":14.0,"turns":3.0},{"damage":25.0,"enemies":"Hexaghost","floor":16.0,"turns":9.0},{"damage":0.0,"enemies":"Chosen","floor":18.0,"turns":3.0},{"damage":12.0,"enemies":"3 Byrds","floor":19.0,"turns":3.0},{"damage":3.0,"enemies":"Snecko","floor":20.0,"turns":4.0},{"damage":7.0,"enemies":"Sentry and Sphere","floor":22.0,"turns":3.0},{"damage":24.0,"enemies":"Snake Plant","floor":24.0,"turns":3.0},{"damage":0.0,"enemies":"Cultist and Chosen","floor":25.0,"turns":3.0},{"damage":1.0,"enemies":"Chosen and Byrds","floor":29.0,"turns":3.0},{"damage":28.0,"enemies":"Gremlin Leader","floor":30.0,"turns":3.0},{"damage":0.0,"enemies":"Colosseum Slavers","floor":31.0,"turns":1.0},{"damage":0.0,"enemies":"Colosseum Nobs","floor":31.0,"turns":1.0},{"damage":40.0,"enemies":"Champ","floor":33.0,"turns":7.0},{"damage":12.0,"enemies":"3 Darklings","floor":35.0,"turns":3.0},{"damage":0.0,"enemies":"3 Shapes","floor":37.0,"turns":3.0},{"damage":14.0,"enemies":"Reptomancer","floor":40.0,"turns":4.0},{"damage":10.0,"enemies":"Nemesis","floor":42.0,"turns":5.0},{"damage":11.0,"enemies":"Mind Bloom Boss Battle","floor":45.0,"turns":4.0},{"damage":8.0,"enemies":"Sphere and 2 Shapes","floor":46.0,"turns":2.0},{"damage":18.0,"enemies":"4 Shapes","floor":48.0,"turns":2.0},{"damage":100,"enemies":"Awakened One","floor":50,"turns":3}],"seed_played":"7316926612806953639","potions_obtained":[{"floor":1.0,"key":"FearPotion"},{"floor":7.0,"key":"GamblersBrew"},{"floor":10.0,"key":"Block Potion"},{"floor":14.0,"key":"DistilledChaos"},{"floor":18.0,"key":"Block Potion"},{"floor":19.0,"key":"PotionOfCapacity"},{"floor":20.0,"key":"ColorlessPotion"},{"floor":29.0,"key":"BlessingOfTheForge"},{"floor":30.0,"key":"Explosive Potion"},{"floor":31.0,"key":"GamblersBrew"},{"floor":35.0,"key":"Regen Potion"},{"floor":40.0,"key":"FairyPotion"},{"floor":45.0,"key":"FocusPotion"}],"is_trial":false,"path_per_floor":["M","?","M","T","?","R","M","E","T","M","M","R","E","M","R","B",null,"M","M","M","$","M","R","M","M","T","R","$","M","E","?","R","B",null,"M","?","M","?","$","E","R","E","T","R","?","M","?","M","R","B"],"character_chosen":"DEFECT","items_purchased":["Finesse","Lockon","Apotheosis"],"campfire_rested":4,"item_purchase_floors":[21,21,39],"current_hp_per_floor":[56,56,47,47,26,62,48,38,38,40,36,36,13,15,51,28,60,62,52,51,51,46,46,24,26,26,26,26,27,1,5,41,3,54,44,44,46,46,46,34,34,26,26,62,67,61,61,45,45,0,0],"gold":199,"neow_bonus":"THREE_RARE_CARDS","is_daily":false,"chose_seed":false,"campfire_upgraded":4,"win_rate":0.0,"timestamp":1612805200,"path_taken":["M","?","M","?","?","R","?","E","T","M","M","R","E","M","R","BOSS","M","M","?","$","M","R","M","M","T","R","$","M","E","?","R","BOSS","M","?","M","?","?","E","R","E","T","R","?","?","?","M","R","BOSS"],"items_purchased_type":["Card","Card","Card"],"build_version":"2020-12-22","purchased_purges":2,"victory":false,"max_hp_per_floor":[71,71,71,71,71,71,71,71,71,71,71,71,71,71,71,71,71,71,71,71,71,71,71,71,71,71,71,71,71,71,71,71,71,71,71,71,71,71,71,71,71,71,71,71,85,85,81,81,81,81,81],"card_choices":[{"not_picked":["Machine Learning","Fission"],"picked":"Electrodynamics","floor":0.0},{"not_picked":["Darkness","Skim"],"picked":"Turbo","floor":1.0},{"not_picked":["Gash","Tempest"],"picked":"Storm","floor":3.0},{"not_picked":["Double Energy","Gash"],"picked":"Tempest","floor":7.0},{"not_picked":["Leap","Steam"],"picked":"Machine Learning","floor":8.0},{"not_picked":["Ball Lightning","Streamline"],"picked":"Conserve Battery","floor":10.0},{"not_picked":["Ball Lightning","Compile Driver","Barrage"],"picked":"SKIP","floor":11.0},{"not_picked":["Conserve Battery","Compile Driver"],"picked":"Storm","floor":13.0},{"not_picked":["Sweeping Beam","Barrage"],"picked":"Auto Shields","floor":14.0},{"not_picked":["Hyperbeam","Seek"],"picked":"Thunder Strike","floor":16.0},{"not_picked":["Go for the Eyes","Compile Driver","Sweeping Beam"],"picked":"SKIP","floor":18.0},{"not_picked":["Turbo","Doom and Gloom"],"picked":"Defragment","floor":19.0},{"not_picked":["Sunder","Ball Lightning","Barrage"],"picked":"SKIP","floor":20.0},{"not_picked":["White Noise","Doom and Gloom"],"picked":"Stack+1","floor":22.0},{"not_picked":["Conserve Battery","Fusion","Blizzard"],"picked":"SKIP","floor":24.0},{"not_picked":["Double Energy","Hologram+1"],"picked":"Undo+1","floor":25.0},{"not_picked":["Streamline","Rebound"],"picked":"Loop","floor":29.0},{"not_picked":["Barrage","Double Energy","Ball Lightning"],"picked":"SKIP","floor":30.0},{"not_picked":["Consume","Streamline+1"],"picked":"Coolheaded","floor":35.0},{"not_picked":["Hello World","Rip and Tear+1","Streamline+1"],"picked":"SKIP","floor":37.0},{"not_picked":["Rebound+1","Conserve Battery+1","Beam Cell"],"picked":"SKIP","floor":40.0},{"not_picked":["Defragment","Gash"],"picked":"Amplify","floor":42.0},{"not_picked":["Rebound","Recycle"],"picked":"Storm+1","floor":46.0},{"not_picked":["BootSequence+1","Stack","Steam Power"],"picked":"SKIP","floor":48.0}],"player_experience":981199,"relics_obtained":[{"floor":4.0,"key":"Regal Pillow"},{"floor":8.0,"key":"Blood Vial"},{"floor":9.0,"key":"HornCleat"},{"floor":13.0,"key":"Ice Cream"},{"floor":26.0,"key":"White Beast Statue"},{"floor":30.0,"key":"Whetstone"},{"floor":31.0,"key":"TungstenRod"},{"floor":31.0,"key":"Cables"},{"floor":40.0,"key":"Turnip"},{"floor":42.0,"key":"Akabeko"},{"floor":45.0,"key":"Mango"}],"event_choices":[{"cards_removed":["Decay"],"damage_healed":0.0,"max_hp_gain":0.0,"max_hp_loss":0.0,"gold_gain":0.0,"event_name":"The Cleric","player_choice":"Card Removal","floor":2.0,"gold_loss":75.0,"damage_taken":0.0},{"damage_healed":0.0,"max_hp_gain":0.0,"max_hp_loss":0.0,"gold_gain":0.0,"event_name":"Shining Light","player_choice":"Entered Light","floor":5.0,"gold_loss":0.0,"damage_taken":21.0,"cards_upgraded":["Electrodynamics","Turbo"]},{"damage_healed":0.0,"max_hp_gain":0.0,"max_hp_loss":0.0,"gold_gain":0.0,"event_name":"Colosseum","player_choice":"Fight","floor":31.0,"gold_loss":0.0,"damage_taken":0.0},{"damage_healed":0.0,"max_hp_gain":0.0,"max_hp_loss":0.0,"gold_gain":0.0,"event_name":"Colosseum","player_choice":"Fought Nobs","floor":31.0,"gold_loss":0.0,"damage_taken":0.0},{"damage_healed":0.0,"max_hp_gain":0.0,"max_hp_loss":0.0,"gold_gain":0.0,"event_name":"Tomb of Lord Red Mask","player_choice":"Ignored","floor":36.0,"gold_loss":0.0,"damage_taken":0.0},{"cards_removed":["Beam Cell"],"damage_healed":0.0,"max_hp_gain":0.0,"max_hp_loss":0.0,"gold_gain":0.0,"event_name":"Falling","player_choice":"Removed Attack","floor":38.0,"gold_loss":0.0,"damage_taken":0.0},{"damage_healed":0.0,"max_hp_gain":0.0,"max_hp_loss":0.0,"gold_gain":0.0,"event_name":"MindBloom","player_choice":"Fight","floor":45.0,"gold_loss":0.0,"damage_taken":0.0},{"damage_healed":0.0,"max_hp_gain":0.0,"max_hp_loss":4.0,"gold_gain":0.0,"event_name":"Winding Halls","player_choice":"Max HP","floor":47.0,"gold_loss":0.0,"damage_taken":0.0}],"is_beta":false,"boss_relics":[{"not_picked":["Calling Bell","Coffee Dripper"],"picked":"Pandora\u0027s Box"},{"not_picked":["Philosopher\u0027s Stone","Nuclear Battery"],"picked":"SlaversCollar"}],"items_purged_floors":[21,28],"is_endless":false,"potions_floor_spawned":[1,7,10,14,18,19,20,29,30,31,31,33,35,37,40,42,45,46,48],"killed_by":"Awakened One","ascension_level":20}}