{"host":"4cz9gr89nglr7k8k","time":1612805456,"event":{"mods":["BaseMod","Minty Spire (QoL Compilation)","Relic Stats","Slay-I"],"gold_per_floor":[113,11,29,29,44,44,57,57,80,108,258,258,272,287,287,358,358,378,396,396,63,81,81,97,97,143,143,160,179,38,38,38,113,113,133,133,133,153,44,44,64,64,114,34,49,64,64,74,74,74,74],"floor_reached":50,"language":"DEU","playtime":1430,"items_purged":["Decay","Doubt"],"score":917,"play_id":"95406f60-38c2-49a5-9957-e43391375ab9","local_time":"20210208183056","is_ascension_mode":true,"campfire_choices":[{"data":"Swift Strike","floor":6,"key":"SMITH"},{"floor":8,"key":"REST"},{"data":"Whirlwind","floor":15,"key":"SMITH"},{"floor":23,"key":"REST"},{"floor":25,"key":"REST"},{"floor":32,"key":"REST"},{"floor":40,"key":"REST"},{"floor":42,"key":"REST"},{"floor":47,"key":"REST"},{"floor":49,"key":"REST"}],"circlet_count":0,"master_deck":["AscendersBane","Strike_R","Strike_R","Strike_R","Strike_R","Strike_R","Defend_R","Defend_R","Defend_R","Defend_R","Bash","Rampage","Swift Strike+1","Reckless Charge","Cleave","Immolate","Armaments","Parasite","Iron Wave","Whirlwind+1","Reaper+1","Cleave","Anger","Rampage","Perfected Strike","True Grit","Fire Breathing","Heavy Blade","Metallicize","Fiend Fire","Thunderclap","Bloodletting","Clash","Inflame","Clothesline","Dual Wield+1","Clash+1"],"relics":["Burning Blood","NeowsBlessing","Ancient Tea Set","Red Skull","Busted Crown","Brimstone","Oddly Smooth Stone","SlaversCollar","Regal Pillow"],"acts_visited":["Exordium","TheCity","TheBeyond"],"potions_floor_usage":[10,14,16,33,33,50,50],"damage_taken":[{"damage":0,"enemies":"Cultist","floor":1,"turns":1},{"damage":0,"enemies":"2 Louse","floor":3,"turns":1},{"damage":0,"enemies":"Small Slimes","floor":5,"turns":1},{"damage":21,"enemies":"Blue Slaver","floor":7,"turns":4},{"damage":26,"enemies":"Gremlin Nob","floor":10,"turns":4},{"damage":7,"enemies":"Large Slime","floor":13,"turns":6},{"damage":0,"enemies":"Gremlin Gang","floor":14,"turns":1},{"damage":75,"enemies":"Slime Boss","floor":16,"turns":7},{"damage":29,"enemies":"2 Thieves","floor":18,"turns":3},{"damage":19,"enemies":"Spheric Guardian","floor":19,"turns":4},{"damage":14,"enemies":"Cultist and Chosen","floor":22,"turns":3},{"damage":0,"enemies":"Sentry and Sphere","floor":24,"turns":1},{"damage":22,"enemies":"Snake Plant","floor":28,"turns":3},{"damage":11,"enemies":"Snecko","floor":29,"turns":4},{"damage":49,"enemies":"Collector","floor":33,"turns":9},{"damage":49,"enemies":"3 Shapes","floor":35,"turns":7},{"damage":21,"enemies":"Orb Walker","floor":38,"turns":3},{"damage":39,"enemies":"3 Darklings","floor":41,"turns":4},{"damage":32,"enemies":"Spire Growth","floor":45,"turns":3},{"damage":64,"enemies":"Sphere and 2 Shapes","floor":46,"turns":6},{"damage":34,"enemies":"Transient","floor":48,"turns":6},{"damage":89,"enemies":"Donu and Deca","floor":50,"turns":4}],"seed_played":"560755359176570186","potions_obtained":[{"floor":5,"key":"BlessingOfTheForge"},{"floor":7,"key":"Weak Potion"},{"floor":13,"key":"BloodPotion"},{"floor":19,"key":"SneckoOil"},{"floor":22,"key":"Explosive Potion"},{"floor":24,"key":"BlessingOfTheForge"},{"floor":38,"key":"CultistPotion"},{"floor":48,"key":"SkillPotion"}],"is_trial":false,"path_per_floor":["M","$","M","?","M","R","M","R","T","E","?","?","M","M","R","B",null,"M","M","?","$","M","R","M","R","T","?","M","M","$","?","R","B",null,"M","?","?","M","$","R","M","R","T","$","M","M","R","M","R","B"],"character_chosen":"IRONCLAD","items_purchased":["Swift Strike","Brimstone","Rampage","Metallicize","FairyPotion","Inflame"],"campfire_rested":8,"item_purchase_floors":[2,21,21,30,39,44],"current_hp_per_floor":[74,74,75,64,70,70,55,75,75,55,55,73,72,75,75,21,62,39,26,26,26,18,40,46,68,68,68,52,47,47,47,69,55,70,27,27,27,22,22,44,20,42,42,42,16,15,52,31,68,0,0],"gold":74,"neow_bonus":"THREE_ENEMY_KILL","is_daily":false,"chose_seed":false,"campfire_upgraded":2,"win_rate":0.0,"timestamp":1612805456,"path_taken":["M","$","?","?","M","R","M","R","T","E","?","?","M","M","R","BOSS","M","M","?","$","M","R","M","R","T","?","M","?","$","?","R","BOSS","M","?","?","M","$","R","M","R","T","$","M","M","R","?","R","BOSS"],"items_purchased_type":["Card","Relic","Card","Card","Potion","Card"],"build_version":"2020-12-22","purchased_purges":2,"victory":false,"max_hp_per_floor":[75,75,75,75,75,75,75,75,75,75,75,75,75,75,75,75,75,75,75,75,75,75,75,75,75,75,75,75,75,75,75,75,75,75,75,75,75,75,75,75,75,75,75,75,75,75,75,75,75,75,75],"relic_stats":{"Regal Pillow":30,"Busted Crown":26,"counters":[22,85],"obtain_stats":[{"SlaversCollar":34,"Regal Pillow":43,"Busted Crown":17,"NeowsBlessing":0,"Brimstone":21,"Oddly Smooth Stone":26,"Ancient Tea Set":9,"Burning Blood":0,"Red Skull":10},{"SlaversCollar":15,"Regal Pillow":18,"Busted Crown":8,"NeowsBlessing":0,"Brimstone":10,"Oddly Smooth Stone":12,"Ancient Tea Set":4,"Burning Blood":0,"Red Skull":5},{"SlaversCollar":52,"Regal Pillow":66,"Busted Crown":25,"NeowsBlessing":0,"Brimstone":32,"Oddly Smooth Stone":36,"Ancient Tea Set":7,"Burning Blood":0,"Red Skull":11}],"Burning Blood":118},"card_choices":[{"not_picked":["Armaments","Heavy Blade"],"picked":"Rampage","floor":1},{"not_picked":["Heavy Blade","Iron Wave"],"picked":"Reckless Charge","floor":3},{"not_picked":["Armaments","Shrug It Off"],"picked":"Cleave","floor":5},{"not_picked":["Clothesline","Sever Soul"],"picked":"Immolate","floor":7},{"not_picked":["Blood for Blood","Feel No Pain"],"picked":"Armaments","floor":10},{"not_picked":["Fire Breathing","Havoc"],"picked":"Iron Wave","floor":13},{"not_picked":["Body Slam","Clash"],"picked":"Whirlwind","floor":14},{"not_picked":["Barricade","Brutality"],"picked":"Reaper","floor":16},{"not_picked":[],"picked":"Cleave","floor":18},{"not_picked":[],"picked":"Anger","floor":19},{"not_picked":[],"picked":"Perfected Strike","floor":22},{"not_picked":[],"picked":"True Grit","floor":24},{"not_picked":[],"picked":"Fire Breathing","floor":28},{"not_picked":[],"picked":"Heavy Blade","floor":29},{"not_picked":[],"picked":"Fiend Fire","floor":33},{"not_picked":[],"picked":"Thunderclap","floor":35},{"not_picked":[],"picked":"Bloodletting","floor":38},{"not_picked":[],"picked":"Clash","floor":41},{"not_picked":[],"picked":"Clothesline","floor":45},{"not_picked":[],"picked":"Dual Wield+1","floor":46},{"not_picked":[],"picked":"Clash+1","floor":48}],"player_experience":1545158,"relics_obtained":[{"floor":9,"key":"Ancient Tea Set"},{"floor":10,"key":"Red Skull"},{"floor":26,"key":"Oddly Smooth Stone"},{"floor":43,"key":"Regal Pillow"}],"event_choices":[{"damage_healed":0,"gold_gain":0,"player_choice":"Fled","damage_taken":11,"max_hp_gain":0,"max_hp_loss":0,"event_name":"Scrap Ooze","floor":4,"gold_loss":0},{"damage_healed":0,"gold_gain":150,"player_choice":"AGREE","damage_taken":0,"max_hp_gain":0,"max_hp_loss":0,"event_name":"Liars Game","floor":11,"gold_loss":0,"cards_obtained":["Doubt"]},{"damage_healed":18,"gold_gain":0,"player_choice":"Healed and dodged fight","damage_taken":0,"max_hp_gain":0,"max_hp_loss":0,"event_name":"Mushrooms","floor":12,"gold_loss":0,"cards_obtained":["Parasite"]},{"damage_healed":0,"gold_gain":0,"player_choice":"Smashed Altar","damage_taken":0,"max_hp_gain":0,"max_hp_loss":0,"event_name":"Forgotten Altar","floor":20,"gold_loss":0,"cards_obtained":["Decay"]},{"damage_healed":0,"gold_gain":0,"player_choice":"Ignored","damage_taken":0,"max_hp_gain":0,"max_hp_loss":0,"event_name":"N\u0027loth","floor":27,"gold_loss":0},{"damage_healed":0,"gold_gain":0,"player_choice":"Ignored","damage_taken":0,"max_hp_gain":0,"max_hp_loss":0,"event_name":"Ghosts","floor":31,"gold_loss":0},{"damage_healed":0,"gold_gain":0,"player_choice":"Ignored","damage_taken":0,"max_hp_gain":0,"max_hp_loss":0,"event_name":"The Moai Head","floor":36,"gold_loss":0},{"damage_healed":0,"gold_gain":0,"player_choice":"Forge","damage_taken":0,"max_hp_gain":0,"max_hp_loss":0,"event_name":"Accursed Blacksmith","floor":37,"gold_loss":0,"cards_upgraded":["Reaper"]}],"is_beta":false,"boss_relics":[{"not_picked":["Fusion Hammer","Calling Bell"],"picked":"Busted Crown"},{"not_picked":["Runic Pyramid","Black Star"],"picked":"SlaversCollar"}],"items_purged_floors":[21,30],"is_endless":false,"potions_floor_spawned":[5,7,13,19,22,24,28,38,41,48],"killed_by":"Donu and Deca","ascension_level":20}}