{"host":"oehe2dxjvdgux73m","time":1612806318,"event":{"mods":["AchievementEnabler","BaseMod","Colored Map","Colored Powertips","DeckTracker","Keyboard Shortcuts","Minty Spire (QoL Compilation)","Permanent Neow","Quick Restart","StSLib","SuperFastMode"],"gold_per_floor":[20,39,53,67,67,67,67,67,67,67,85,104,121,138,138,209,209,209,209,209,209,40,40,40,40,40,40,40,40],"floor_reached":28,"language":"KOR","playtime":732,"items_purged":["Decay"],"score":428,"play_id":"9a6bfdce-f0da-4fcb-bd2b-72eb1ab24600","local_time":"20210209024518","is_ascension_mode":true,"campfire_choices":[{"data":"Concentrate","floor":6.0,"key":"SMITH"},{"data":"Neutralize","floor":10.0,"key":"SMITH"},{"floor":15.0,"key":"REST"},{"floor":23.0,"key":"REST"},{"floor":27.0,"key":"REST"}],"circlet_count":0,"master_deck":["AscendersBane","Strike_G","Defend_G","Defend_G","Defend_G","Defend_G","Defend_G","Survivor","Neutralize+1","Predator","Concentrate+1","Underhanded Strike","Grand Finale","Prepared","Dagger Throw","Wraith Form v2","Flash of Steel","Calculated Gamble"],"relics":["Ring of the Snake","Toy Ornithopter","Ectoplasm","Molten Egg 2"],"acts_visited":["Exordium","TheCity"],"potions_floor_usage":[],"damage_taken":[{"damage":11.0,"enemies":"Jaw Worm","floor":1.0,"turns":8.0},{"damage":1.0,"enemies":"2 Louse","floor":2.0,"turns":3.0},{"damage":0.0,"enemies":"Cultist","floor":3.0,"turns":4.0},{"damage":11.0,"enemies":"Exordium Thugs","floor":4.0,"turns":6.0},{"damage":1.0,"enemies":"Blue Slaver","floor":11.0,"turns":5.0},{"damage":16.0,"enemies":"Gremlin Gang","floor":12.0,"turns":6.0},{"damage":0.0,"enemies":"3 Louse","floor":13.0,"turns":2.0},{"damage":1.0,"enemies":"Red Slaver","floor":14.0,"turns":3.0},{"damage":35.0,"enemies":"The Guardian","floor":16.0,"turns":11.0},{"damage":23.0,"enemies":"3 Byrds","floor":18.0,"turns":6.0},{"damage":0.0,"enemies":"Spheric Guardian","floor":19.0,"turns":2.0},{"damage":24.0,"enemies":"Snake Plant","floor":20.0,"turns":6.0},{"damage":16.0,"enemies":"3 Cultists","floor":24.0,"turns":3.0},{"damage":0,"enemies":"Book of Stabbing","floor":28,"turns":1}],"seed_played":"-8109652712796691731","potions_obtained":[{"floor":1.0,"key":"Dexterity Potion"},{"floor":2.0,"key":"DistilledChaos"},{"floor":13.0,"key":"ColorlessPotion"},{"floor":14.0,"key":"GamblersBrew"}],"is_trial":false,"path_per_floor":["M","M","M","M","$","R","?","?","T","R","M","M","M","M","R","B",null,"M","M","M","?","$","R","M","?","T","R","E"],"character_chosen":"THE_SILENT","items_purchased":["Flash of Steel"],"campfire_rested":3,"item_purchase_floors":[22],"current_hp_per_floor":[48,47,47,36,36,36,29,29,29,29,28,17,17,16,35,10,52,29,29,5,5,5,24,8,8,8,27,27,27],"gold":40,"neow_bonus":"REMOVE_TWO","is_daily":false,"chose_seed":false,"campfire_upgraded":2,"win_rate":0.0,"timestamp":1612806318,"path_taken":["M","M","M","M","$","R","?","?","T","R","M","M","?","M","R","BOSS","M","M","M","?","$","R","M","?","T","R","E"],"items_purchased_type":["Card"],"build_version":"2020-12-22","purchased_purges":1,"victory":false,"max_hp_per_floor":[66,66,66,66,66,66,66,66,66,66,66,66,66,66,66,66,66,66,66,66,66,66,66,66,66,66,66,66,66],"card_choices":[{"not_picked":["Endless Agony","Expertise"],"picked":"Predator","floor":1.0},{"not_picked":["Dodge and Roll","Dagger Throw"],"picked":"Concentrate","floor":2.0},{"not_picked":["Sucker Punch","Cloak And Dagger"],"picked":"Underhanded Strike","floor":3.0},{"not_picked":["Finisher","Well Laid Plans"],"picked":"Grand Finale","floor":4.0},{"not_picked":["Crippling Poison","Predator"],"picked":"Prepared","floor":11.0},{"not_picked":["All Out Attack","Infinite Blades"],"picked":"Dagger Throw","floor":12.0},{"not_picked":["Masterful Stab","Poisoned Stab","Quick Slash"],"picked":"SKIP","floor":13.0},{"not_picked":["Deflect","Poisoned Stab","Backflip"],"picked":"SKIP","floor":14.0},{"not_picked":["Malaise","Grand Finale"],"picked":"Wraith Form v2","floor":16.0},{"not_picked":["Slice","Footwork","Backstab"],"picked":"SKIP","floor":18.0},{"not_picked":["Dagger Spray","Noxious Fumes","Slice"],"picked":"SKIP","floor":19.0},{"not_picked":["Outmaneuver","Expertise","Quick Slash"],"picked":"SKIP","floor":20.0},{"not_picked":["Escape Plan","Outmaneuver"],"picked":"Calculated Gamble","floor":24.0}],"player_experience":427890,"relics_obtained":[{"floor":9.0,"key":"Toy Ornithopter"},{"floor":26.0,"key":"Molten Egg 2"}],"event_choices":[{"cards_removed":["Strike_G"],"damage_healed":0.0,"max_hp_gain":0.0,"max_hp_loss":0.0,"gold_gain":0.0,"event_name":"Golden Wing","player_choice":"Card Removal","floor":7.0,"gold_loss":0.0,"damage_taken":7.0},{"cards_removed":["Strike_G"],"damage_healed":0.0,"max_hp_gain":0.0,"max_hp_loss":0.0,"gold_gain":0.0,"event_name":"Bonfire Elementals","player_choice":"Offered Basic","floor":8.0,"gold_loss":0.0,"damage_taken":0.0},{"damage_healed":0.0,"max_hp_gain":0.0,"max_hp_loss":0.0,"gold_gain":0.0,"event_name":"Forgotten Altar","player_choice":"Smashed Altar","floor":21.0,"gold_loss":0.0,"damage_taken":0.0,"cards_obtained":["Decay"]},{"damage_healed":0.0,"max_hp_gain":0.0,"max_hp_loss":0.0,"gold_gain":0.0,"event_name":"Vampires","player_choice":"Ignored","floor":25.0,"gold_loss":0.0,"damage_taken":0.0}],"is_beta":false,"boss_relics":[{"not_picked":["Velvet Choker","Fusion Hammer"],"picked":"Ectoplasm"}],"items_purged_floors":[22],"is_endless":false,"potions_floor_spawned":[1,2,13,14],"killed_by":"Book of Stabbing","ascension_level":20}}