{"host":"89iuq2p5kwriuwfq","time":1612805366,"event":{"mods":["BaseMod","Curses Come First","Minty Spire (QoL Compilation)","Permanent Neow","StSLib"],"gold_per_floor":[119,194,214,230,43,77,77,89,89,114,114,114,131,156,156,251,251,269,269,287,306,325,325,354,354,354,383,30,56,70,97,97,193,193,207,226,242,290,300,300,326,346,424,452,452,482,482,45,45,45,45,45,45,80,80,80],"floor_reached":55,"language":"ENG","playtime":4051,"items_purged":["Decay","Pain","Strike_G"],"score":1337,"play_id":"b10711e2-2351-4940-868a-f8b223732c55","local_time":"20210208172926","is_ascension_mode":true,"campfire_choices":[{"data":"A Thousand Cuts","floor":7.0,"key":"SMITH"},{"floor":12.0,"key":"REST"},{"data":"Noxious Fumes","floor":15.0,"key":"SMITH"},{"floor":23.0,"key":"REST"},{"data":"Finisher","floor":32.0,"key":"SMITH"},{"data":"Adrenaline","floor":40.0,"key":"SMITH"},{"floor":47.0,"key":"RECALL"},{"data":"Finisher","floor":49.0,"key":"SMITH"},{"data":"Leg Sweep","floor":52.0,"key":"SMITH"}],"circlet_count":0,"master_deck":["AscendersBane","Strike_G","Strike_G","Defend_G","Defend_G","Defend_G","Survivor","Neutralize","A Thousand Cuts+1","Well Laid Plans","Cloak And Dagger","Blade Dance","Escape Plan","Quick Slash","Flash of Steel","Backflip","Backflip","Noxious Fumes+1","Adrenaline+1","Finisher+1","PiercingWail","Backstab+1","Tools of the Trade+1","Infinite Blades+1","Leg Sweep+1","PiercingWail","Escape Plan","A Thousand Cuts+1","Finisher+1","Quick Slash+1","Escape Plan","Envenom+1","Escape Plan","Swift Strike"],"relics":["Ring of the Snake","Bag of Preparation","Mummified Hand","Bird Faced Urn","Snake Skull","WristBlade","Ornamental Fan","WarpedTongs","Frozen Egg 2","Paper Crane","Vajra","Tingsha","Empty Cage","The Specimen","Anchor","Pocketwatch","Eternal Feather","HandDrill","Pear"],"acts_visited":["Exordium","TheCity","TheBeyond","TheEnding"],"potions_floor_usage":[55],"damage_taken":[{"damage":1.0,"enemies":"2 Louse","floor":1.0,"turns":4.0},{"damage":6.0,"enemies":"Small Slimes","floor":3.0,"turns":6.0},{"damage":1.0,"enemies":"Cultist","floor":4.0,"turns":5.0},{"damage":28.0,"enemies":"Lagavulin","floor":6.0,"turns":7.0},{"damage":0.0,"enemies":"Exordium Wildlife","floor":8.0,"turns":3.0},{"damage":3.0,"enemies":"3 Sentries","floor":10.0,"turns":4.0},{"damage":0.0,"enemies":"3 Louse","floor":13.0,"turns":2.0},{"damage":4.0,"enemies":"Lagavulin","floor":14.0,"turns":6.0},{"damage":15.0,"enemies":"Hexaghost","floor":16.0,"turns":9.0},{"damage":3.0,"enemies":"2 Thieves","floor":18.0,"turns":2.0},{"damage":0.0,"enemies":"Chosen","floor":20.0,"turns":3.0},{"damage":26.0,"enemies":"Shelled Parasite and Fungi","floor":21.0,"turns":4.0},{"damage":19.0,"enemies":"Snake Plant","floor":22.0,"turns":4.0},{"damage":18.0,"enemies":"Book of Stabbing","floor":24.0,"turns":4.0},{"damage":3.0,"enemies":"Slavers","floor":27.0,"turns":4.0},{"damage":0.0,"enemies":"Gremlin Leader","floor":29.0,"turns":5.0},{"damage":0.0,"enemies":"Cultist and Chosen","floor":30.0,"turns":4.0},{"damage":1.0,"enemies":"Book of Stabbing","floor":31.0,"turns":5.0},{"damage":7.0,"enemies":"Champ","floor":33.0,"turns":7.0},{"damage":0.0,"enemies":"3 Darklings","floor":35.0,"turns":3.0},{"damage":0.0,"enemies":"Orb Walker","floor":36.0,"turns":1.0},{"damage":0.0,"enemies":"4 Shapes","floor":37.0,"turns":3.0},{"damage":6.0,"enemies":"2 Orb Walkers","floor":38.0,"turns":4.0},{"damage":13.0,"enemies":"Spire Growth","floor":39.0,"turns":4.0},{"damage":23.0,"enemies":"Reptomancer","floor":41.0,"turns":5.0},{"damage":0.0,"enemies":"3 Darklings","floor":42.0,"turns":3.0},{"damage":5.0,"enemies":"Nemesis","floor":44.0,"turns":5.0},{"damage":18.0,"enemies":"Reptomancer","floor":46.0,"turns":4.0},{"damage":18.0,"enemies":"Donu and Deca","floor":50.0,"turns":6.0},{"damage":41.0,"enemies":"Shield and Spear","floor":54.0,"turns":6.0},{"damage":107,"enemies":"The Heart","floor":55,"turns":6}],"seed_played":"-7647735153379003430","potions_obtained":[{"floor":8.0,"key":"Dexterity Potion"},{"floor":13.0,"key":"SkillPotion"},{"floor":14.0,"key":"GamblersBrew"},{"floor":21.0,"key":"Block Potion"},{"floor":22.0,"key":"Dexterity Potion"},{"floor":24.0,"key":"Energy Potion"},{"floor":27.0,"key":"SpeedPotion"},{"floor":31.0,"key":"PowerPotion"},{"floor":41.0,"key":"Strength Potion"}],"is_trial":false,"path_per_floor":["M","?","M","M","$","E","R","M","T","E","?","R","M","E","R","B",null,"M","?","M","M","M","R","E","?","T","E","$","E","M","E","R","B",null,"M","M","M","?","M","R","E","M","T","E","?","E","R","$","R","B",null,"R","$","E","B"],"character_chosen":"THE_SILENT","items_purchased":["Quick Slash","Flash of Steel","Infinite Blades+1","Leg Sweep","FairyPotion","HandDrill","Escape Plan","Swift Strike"],"campfire_rested":2,"item_purchase_floors":[5,5,28,28,28,48,48,48],"current_hp_per_floor":[62,51,45,44,44,16,16,16,16,13,13,34,36,36,36,27,59,60,47,51,31,18,40,28,28,28,29,29,39,49,56,56,59,71,75,75,75,72,64,64,51,59,59,66,66,58,75,75,75,61,72,75,75,50,0,0],"gold":80,"neow_bonus":"TRANSFORM_TWO_CARDS","is_daily":false,"chose_seed":false,"campfire_upgraded":6,"win_rate":0.0,"timestamp":1612805366,"path_taken":["M","?","M","M","$","E","R","M","T","E","?","R","M","E","R","BOSS","M","?","M","M","M","R","E","?","T","E","$","E","?","E","R","BOSS","M","M","M","?","M","R","E","M","T","E","?","E","R","$","R","BOSS","R","$","E","BOSS"],"items_purchased_type":["Card","Card","Card","Card","Potion","Relic","Card","Card"],"build_version":"2020-12-22","purchased_purges":3,"victory":false,"max_hp_per_floor":[70,70,70,70,70,70,70,70,70,70,70,70,70,70,70,70,70,70,75,75,75,75,75,75,75,75,75,75,75,75,75,75,75,75,75,75,75,75,75,75,75,75,75,75,75,75,75,75,75,75,75,75,75,85,85,85],"card_choices":[{"not_picked":["Acrobatics","Riddle With Holes"],"picked":"Cloak And Dagger","floor":1.0},{"not_picked":["Distraction","PiercingWail"],"picked":"Blade Dance","floor":3.0},{"not_picked":["All Out Attack","Dash"],"picked":"Escape Plan","floor":4.0},{"not_picked":["Crippling Poison","Wraith Form v2","Setup"],"picked":"SKIP","floor":6.0},{"not_picked":["Flying Knee","Dagger Spray"],"picked":"Backflip","floor":8.0},{"not_picked":["Dagger Spray","Reflex","Flying Knee"],"picked":"SKIP","floor":10.0},{"not_picked":["Setup","Skewer"],"picked":"Backflip","floor":13.0},{"not_picked":["All Out Attack","Acrobatics"],"picked":"Noxious Fumes","floor":14.0},{"not_picked":["Doppelganger","Bullet Time"],"picked":"Adrenaline","floor":16.0},{"not_picked":["Quick Slash","Escape Plan"],"picked":"Finisher","floor":18.0},{"not_picked":["Underhanded Strike","Quick Slash","Prepared+1"],"picked":"SKIP","floor":20.0},{"not_picked":["Acrobatics+1","All Out Attack+1","Sucker Punch"],"picked":"SKIP","floor":21.0},{"not_picked":["Deadly Poison","Deflect+1"],"picked":"PiercingWail","floor":22.0},{"not_picked":["Flechettes","Quick Slash"],"picked":"Backstab+1","floor":24.0},{"not_picked":["Dagger Spray","Acrobatics"],"picked":"Tools of the Trade+1","floor":27.0},{"not_picked":["Riddle With Holes","Acrobatics"],"picked":"PiercingWail","floor":29.0},{"not_picked":["Deadly Poison","Expertise","Outmaneuver+1"],"picked":"SKIP","floor":30.0},{"not_picked":["Prepared","Bane"],"picked":"Escape Plan","floor":31.0},{"not_picked":["Adrenaline","Wraith Form v2+1"],"picked":"A Thousand Cuts+1","floor":33.0},{"not_picked":["Backflip+1","Dagger Spray"],"picked":"Finisher","floor":35.0},{"not_picked":["Deadly Poison+1","Concentrate"],"picked":"Quick Slash+1","floor":36.0},{"not_picked":["Expertise+1","Dagger Throw+1","Deflect+1"],"picked":"SKIP","floor":37.0},{"not_picked":["Prepared","Terror+1","Deadly Poison"],"picked":"SKIP","floor":39.0},{"not_picked":["Predator+1","Acrobatics"],"picked":"Escape Plan","floor":41.0},{"not_picked":["Terror+1","PiercingWail","Outmaneuver"],"picked":"SKIP","floor":42.0},{"not_picked":["Bane+1","Calculated Gamble","Tactician+1"],"picked":"SKIP","floor":44.0},{"not_picked":["Deadly Poison+1","Reflex"],"picked":"Envenom+1","floor":46.0},{"not_picked":["Backflip","Dodge and Roll","Masterful Stab+1"],"picked":"SKIP","floor":54.0}],"player_experience":645565,"relics_obtained":[{"floor":6.0,"key":"Bag of Preparation"},{"floor":9.0,"key":"Mummified Hand"},{"floor":10.0,"key":"Bird Faced Urn"},{"floor":14.0,"key":"Snake Skull"},{"floor":24.0,"key":"Ornamental Fan"},{"floor":26.0,"key":"Frozen Egg 2"},{"floor":27.0,"key":"Paper Crane"},{"floor":29.0,"key":"Vajra"},{"floor":31.0,"key":"Tingsha"},{"floor":38.0,"key":"The Specimen"},{"floor":41.0,"key":"Anchor"},{"floor":44.0,"key":"Pocketwatch"},{"floor":46.0,"key":"Eternal Feather"},{"floor":54.0,"key":"Pear"}],"event_choices":[{"damage_healed":0.0,"max_hp_gain":0.0,"max_hp_loss":0.0,"gold_gain":75.0,"event_name":"World of Goop","player_choice":"Gather Gold","floor":2.0,"gold_loss":0.0,"damage_taken":11.0},{"damage_healed":0.0,"max_hp_gain":0.0,"max_hp_loss":0.0,"gold_gain":0.0,"event_name":"Golden Wing","player_choice":"Ignored","floor":11.0,"gold_loss":0.0,"damage_taken":0.0},{"damage_healed":0.0,"max_hp_gain":5.0,"max_hp_loss":0.0,"gold_gain":0.0,"event_name":"Forgotten Altar","player_choice":"Shed Blood","floor":19.0,"gold_loss":0.0,"damage_taken":18.0},{"damage_healed":0.0,"max_hp_gain":0.0,"max_hp_loss":0.0,"gold_gain":0.0,"event_name":"Accursed Blacksmith","player_choice":"Rummage","floor":25.0,"gold_loss":0.0,"damage_taken":0.0,"relics_obtained":["WarpedTongs"],"cards_obtained":["Pain"]},{"damage_healed":0.0,"max_hp_gain":0.0,"max_hp_loss":0.0,"gold_gain":0.0,"event_name":"Mysterious Sphere","player_choice":"Fight","floor":38.0,"gold_loss":0.0,"damage_taken":0.0},{"damage_healed":0.0,"max_hp_gain":0.0,"max_hp_loss":0.0,"gold_gain":0.0,"event_name":"Tomb of Lord Red Mask","player_choice":"Ignored","floor":45.0,"gold_loss":0.0,"damage_taken":0.0}],"is_beta":false,"boss_relics":[{"not_picked":["Cursed Key","Runic Dome"],"picked":"WristBlade"},{"not_picked":["HoveringKite","Runic Pyramid"],"picked":"Empty Cage"}],"items_purged_floors":[5,28,48],"is_endless":false,"potions_floor_spawned":[8,13,14,21,22,24,27,31,36,37,41,42,44,54],"killed_by":"The Heart","ascension_level":11}}