{"host":"r53pw7z744tg3fxg","time":1612822990,"event":{"mods":["AchievementEnabler","BaseMod","Colored Map","Colored Powertips","Highlight Path","Minty Spire (QoL Compilation)","Quick Restart","Transform Curses"],"gold_per_floor":[3619,3590,3607,3607,3627,3627,3652,3652,3652,3677,3677,3733,3744,3744,3744,3847,3847,3864,3879,3879,3906,3424,3451,2908,2908,2908,3008,2465,2465,2465,2465,2465,2567,2567,2582,2582,2598,2032,2044,2070,2070,1715,1715,1715,1731,1731,1743,1743,1743,1743,1743,1743,1594,1621,1621],"floor_reached":56,"language":"ENG","playtime":3162,"items_purged":[],"score":2077,"play_id":"fb0709ae-a4ec-4826-bc0c-63ae27ce5532","local_time":"20210208152310","is_ascension_mode":true,"campfire_choices":[{"data":"1","floor":6,"key":"LIFT"},{"floor":8,"key":"RECALL"},{"data":"2","floor":11,"key":"LIFT"},{"data":"3","floor":15,"key":"LIFT"},{"data":"Noxious Fumes","floor":30,"key":"SMITH"},{"data":"After Image","floor":32,"key":"SMITH"},{"data":"Catalyst","floor":41,"key":"SMITH"},{"data":"Terror","floor":44,"key":"SMITH"},{"data":"Footwork","floor":46,"key":"SMITH"},{"floor":49,"key":"REST"},{"floor":52,"key":"REST"}],"circlet_count":0,"master_deck":["Infinite Blades+1","Cloak And Dagger+1","Blade Dance+1","Accuracy+1","Envenom+1","Cloak And Dagger+1","Good Instincts+1","Panache+1","Noxious Fumes+1","RitualDagger+1","Footwork+1","After Image+1","Terror+1","Necronomicurse","Catalyst+1","Accuracy+1","Good Instincts+1"],"relics":["Ring of the Snake","Unceasing Top","Ninja Scroll","Akabeko","Bronze Scales","The Specimen","Ginger","Girya","Ice Cream","Turnip","Black Star","Pen Nib","Mummified Hand","Snake Skull","Calipers","Kunai","Shuriken","Ornamental Fan","Vajra","ClockworkSouvenir","NeowsBlessing","StrikeDummy","Singing Bowl","Happy Flower","Lantern","Bag of Marbles","Darkstone Periapt","HoveringKite","Red Mask","White Beast Statue","Strange Spoon","Shuriken","Letter Opener","Potion Belt","Blue Candle","Cauldron","Sundial","Meat on the Bone","Ancient Tea Set","Toolbox","Necronomicon","Whetstone","Pear","Chemical X","Potion Belt","PreservedInsect","Blood Vial","Frozen Eye","Gremlin Horn","TwistedFunnel","Orichalcum","Bird Faced Urn"],"acts_visited":["Exordium","TheCity","TheBeyond","TheEnding"],"potions_floor_usage":[55,55,55,55,55,55],"damage_taken":[{"damage":0.0,"enemies":"Small Slimes","floor":1.0,"turns":1.0},{"damage":0.0,"enemies":"Jaw Worm","floor":3.0,"turns":1.0},{"damage":0,"enemies":"2 Louse","floor":5,"turns":1},{"damage":0,"enemies":"3 Sentries","floor":7,"turns":2},{"damage":0,"enemies":"Lagavulin","floor":10,"turns":1},{"damage":0,"enemies":"Lagavulin Event","floor":12,"turns":1},{"damage":0,"enemies":"Blue Slaver","floor":13,"turns":1},{"damage":0,"enemies":"The Guardian","floor":16,"turns":3},{"damage":0,"enemies":"3 Byrds","floor":18,"turns":1},{"damage":0,"enemies":"Chosen","floor":19,"turns":1},{"damage":0,"enemies":"Masked Bandits","floor":21,"turns":1},{"damage":0,"enemies":"Slavers","floor":23,"turns":1},{"damage":0,"enemies":"Colosseum Slavers","floor":27,"turns":1},{"damage":0,"enemies":"Colosseum Nobs","floor":27,"turns":2},{"damage":4,"enemies":"Collector","floor":33,"turns":2},{"damage":0,"enemies":"3 Shapes","floor":35,"turns":1},{"damage":1,"enemies":"Orb Walker","floor":37,"turns":1},{"damage":1,"enemies":"3 Darklings","floor":39,"turns":1},{"damage":1,"enemies":"Reptomancer","floor":40,"turns":2},{"damage":1,"enemies":"Transient","floor":45,"turns":3},{"damage":1,"enemies":"Maw","floor":47,"turns":2},{"damage":15,"enemies":"Time Eater","floor":50,"turns":5},{"damage":5,"enemies":"Shield and Spear","floor":54,"turns":2},{"damage":46,"enemies":"The Heart","floor":55,"turns":4}],"seed_played":"-4539475783795104871","potions_obtained":[{"floor":10,"key":"CultistPotion"},{"floor":12,"key":"SteroidPotion"},{"floor":13,"key":"AttackPotion"},{"floor":23,"key":"DistilledChaos"},{"floor":24,"key":"FairyPotion"},{"floor":24,"key":"Dexterity Potion"},{"floor":40,"key":"SkillPotion"}],"is_trial":false,"path_per_floor":["M","?","M","?","M","R","E","R","T","E","R","?","M","?","R","B",null,"M","M","?","?","$","E","$","?","T","?","$","?","R","?","R","B",null,"M","?","M","$","M","E","R","$","T","R","M","R","M","?","R","B",null,"R","$","E","B",null],"character_chosen":"THE_SILENT","items_purchased":["Footwork","White Beast Statue","Strange Spoon","Blue Candle","Cauldron","After Image","Meat on the Bone","Ancient Tea Set","Toolbox","Whetstone","Pear","Chemical X","Blood Vial","Strength Potion","Frozen Eye","TwistedFunnel"],"campfire_rested":2,"item_purchase_floors":[22,22,22,24,24,24,28,28,28,38,38,38,42,42,42,53],"current_hp_per_floor":[393,393,393,393,393,393,393,393,393,395,395,397,399,396,396,398,406,408,408,402,404,404,404,404,404,404,404,404,404,404,394,394,392,413,415,415,414,424,423,424,424,424,424,424,427,427,430,430,438,423,434,438,438,435,399],"gold":1621,"neow_bonus":"THREE_ENEMY_KILL","is_daily":false,"chose_seed":false,"campfire_upgraded":5,"win_rate":0.0,"timestamp":1612822990,"path_taken":["M","?","M","?","M","R","E","R","T","E","R","?","?","?","R","BOSS","M","M","?","?","$","E","$","?","T","?","$","?","R","?","R","BOSS","M","?","M","$","M","E","R","?","T","R","M","R","M","?","R","BOSS","R","$","E","BOSS"],"items_purchased_type":["Card","Relic","Relic","Relic","Relic","Card","Relic","Relic","Relic","Relic","Relic","Relic","Relic","Potion","Relic","Relic"],"build_version":"2020-12-22","purchased_purges":0,"victory":true,"max_hp_per_floor":[400,400,400,400,400,400,400,400,400,402,402,404,406,406,406,408,408,410,410,410,412,412,412,412,412,412,412,412,412,412,418,418,420,420,422,422,422,432,432,434,434,434,434,434,436,436,438,438,438,438,438,438,438,440,440],"card_choices":[{"not_picked":["Slice","Dodge and Roll","Poisoned Stab"],"picked":"SKIP","floor":1.0},{"not_picked":["Slice","Prepared","Heel Hook"],"picked":"SKIP","floor":3.0},{"not_picked":["Deadly Poison","Sucker Punch","Bane"],"picked":"SKIP","floor":5},{"not_picked":["Backflip","Underhanded Strike","Backstab"],"picked":"SKIP","floor":7},{"not_picked":["Concentrate","Deadly Poison","Venomology"],"picked":"Singing Bowl","floor":10},{"not_picked":["Riddle With Holes","Prepared","Deadly Poison"],"picked":"Singing Bowl","floor":12},{"not_picked":["Tactician","Outmaneuver","Flying Knee"],"picked":"Singing Bowl","floor":13},{"not_picked":["Adrenaline","Glass Knife","Burst"],"picked":"Singing Bowl","floor":16},{"not_picked":["Sucker Punch","Outmaneuver","Dagger Spray"],"picked":"Singing Bowl","floor":18},{"not_picked":["Blur","All Out Attack"],"picked":"Noxious Fumes","floor":19},{"not_picked":["Masterful Stab","Deadly Poison","Backflip+1"],"picked":"Singing Bowl","floor":21},{"not_picked":["Outmaneuver","Riddle With Holes","Deflect"],"picked":"SKIP","floor":23},{"not_picked":["Deadly Poison","Poisoned Stab"],"picked":"Finisher+1","floor":27},{"not_picked":["Burst","Unload","Grand Finale"],"picked":"Singing Bowl","floor":33},{"not_picked":["Quick Slash+1","Flying Knee+1","Escape Plan+1"],"picked":"Singing Bowl","floor":35},{"not_picked":["Cloak And Dagger","Prepared"],"picked":"Catalyst","floor":37},{"not_picked":["Dagger Spray","Prepared"],"picked":"Accuracy+1","floor":39},{"not_picked":["PiercingWail+1","Skewer","Concentrate"],"picked":"Singing Bowl","floor":40},{"not_picked":["Quick Slash","Bane","PiercingWail"],"picked":"Singing Bowl","floor":45},{"not_picked":["Die Die Die","Acrobatics+1","Poisoned Stab"],"picked":"Singing Bowl","floor":47},{"not_picked":["Well Laid Plans+1","Blade Dance+1","Tactician+1"],"picked":"Singing Bowl","floor":54}],"player_experience":1463483,"relics_obtained":[{"floor":7,"key":"StrikeDummy"},{"floor":9,"key":"Singing Bowl"},{"floor":10,"key":"Happy Flower"},{"floor":10,"key":"Lantern"},{"floor":12,"key":"Bag of Marbles"},{"floor":21,"key":"Red Mask"},{"floor":23,"key":"Shuriken"},{"floor":23,"key":"Letter Opener"},{"floor":27,"key":"Sundial"},{"floor":31,"key":"Necronomicon"},{"floor":40,"key":"Potion Belt"},{"floor":40,"key":"PreservedInsect"},{"floor":43,"key":"Gremlin Horn"},{"floor":54,"key":"Orichalcum"},{"floor":54,"key":"Bird Faced Urn"}],"event_choices":[{"damage_healed":0.0,"max_hp_gain":0.0,"max_hp_loss":0.0,"gold_gain":0.0,"event_name":"World of Goop","player_choice":"Left Gold","floor":2.0,"gold_loss":29.0,"damage_taken":0.0},{"damage_healed":0,"gold_gain":0,"player_choice":"Ignored","damage_taken":0,"max_hp_gain":0,"max_hp_loss":0,"event_name":"Liars Game","floor":4,"gold_loss":0},{"damage_healed":0,"gold_gain":0,"player_choice":"Searched \u00272\u0027 times","damage_taken":0,"max_hp_gain":0,"max_hp_loss":0,"event_name":"Dead Adventurer","floor":12,"gold_loss":0},{"damage_healed":0,"gold_gain":0,"player_choice":"Success","damage_taken":3,"relics_obtained":["Darkstone Periapt"],"max_hp_gain":0,"max_hp_loss":0,"event_name":"Scrap Ooze","floor":14,"gold_loss":0},{"damage_healed":0,"gold_gain":0,"player_choice":"Joined the Cult","damage_taken":6,"max_hp_gain":0,"max_hp_loss":0,"event_name":"Nest","floor":20,"gold_loss":0,"cards_obtained":["RitualDagger"]},{"damage_healed":0,"gold_gain":0,"player_choice":"Fought Bandits","damage_taken":0,"max_hp_gain":0,"max_hp_loss":0,"event_name":"Masked Bandits","floor":21,"gold_loss":0},{"damage_healed":0,"gold_gain":0,"player_choice":"Read","damage_taken":0,"max_hp_gain":0,"max_hp_loss":0,"event_name":"The Library","floor":25,"gold_loss":0,"cards_obtained":["Terror"]},{"damage_healed":0,"gold_gain":0,"player_choice":"Fight","damage_taken":0,"max_hp_gain":0,"max_hp_loss":0,"event_name":"Colosseum","floor":27,"gold_loss":0},{"damage_healed":0,"gold_gain":0,"player_choice":"Fought Nobs","damage_taken":0,"max_hp_gain":0,"max_hp_loss":0,"event_name":"Colosseum","floor":27,"gold_loss":0},{"damage_healed":0,"gold_gain":0,"player_choice":"Ignored","damage_taken":0,"max_hp_gain":0,"max_hp_loss":0,"event_name":"The Mausoleum","floor":29,"gold_loss":0},{"damage_healed":0,"gold_gain":0,"player_choice":"Obtained Book","damage_taken":16,"max_hp_gain":0,"max_hp_loss":0,"event_name":"Cursed Tome","floor":31,"gold_loss":0},{"cards_removed":["Finisher"],"damage_healed":0,"gold_gain":0,"player_choice":"Card Removal","damage_taken":0,"max_hp_gain":0,"max_hp_loss":0,"event_name":"Wheel of Change","floor":36,"gold_loss":0},{"cards_removed":["Good Instincts"],"damage_healed":0,"gold_gain":0,"player_choice":"Removed Skill","damage_taken":0,"max_hp_gain":0,"max_hp_loss":0,"event_name":"Falling","floor":48,"gold_loss":0}],"is_beta":false,"boss_relics":[{"not_picked":["Fusion Hammer","Runic Dome"],"picked":"HoveringKite"},{"not_picked":["Philosopher\u0027s Stone","Calling Bell","Astrolabe"]}],"items_purged_floors":[],"is_endless":false,"potions_floor_spawned":[10,12,13,23,27,27,33,35,37,39,40,45,47,54],"ascension_level":9}}