{"host":"qnw6fh3z6mhgqap2","time":1612746893,"event":{"mods":["BaseMod","Downfall","Minty Spire (QoL Compilation)","Quick Restart","Replay The Spire","StSLib","SuperFastMode"],"gold_per_floor":[114,127,142,156,171,205,205,27,106,106,170,189,189,222,222,325,325,336,346,21,34,51,51,51],"floor_reached":23,"language":"ENG","playtime":1394,"items_purged":[],"score":215,"play_id":"854d9bec-41ec-4331-aa52-c684813142ec","local_time":"20210208021453","is_ascension_mode":true,"campfire_choices":[{"data":"Crescendo","floor":7,"key":"SMITH"},{"data":"SignatureMove","floor":10,"key":"SMITH"}],"circlet_count":0,"master_deck":["Strike_P","Strike_P","Strike_P","Strike_P","Defend_P","Defend_P","Defend_P","Eruption","Vigilance","AbeCurse","FollowUp","FlyingSleeves","Crescendo+1","JustLucky","WheelKick","Adaptation","SignatureMove","SignatureMove+1","The Bomb","Swift Strike","Thinking Ahead","FlurryOfBlows+1","Swivel","Indignation+1","Establishment","WheelKick+1","Conclude+1","WheelKick+1","TalkToTheHand+1"],"relics":["Abe\u0027s Treasure","Darkstone Periapt","ReplayTheSpireMod:ShopPack","Molten Egg 2","Ice Cream","Centennial Puzzle","Sozu","Bottled Lightning"],"acts_visited":["Exordium","TheCity"],"potions_floor_usage":[4,6,16],"damage_taken":[{"damage":0,"enemies":"Jaw Worm","floor":1,"turns":3},{"damage":0,"enemies":"Cultist","floor":2,"turns":2},{"damage":0,"enemies":"2 Louse","floor":3,"turns":3},{"damage":6,"enemies":"Exordium Wildlife","floor":4,"turns":3},{"damage":13,"enemies":"3 Louse","floor":5,"turns":3},{"damage":20,"enemies":"Lagavulin","floor":6,"turns":6},{"damage":12,"enemies":"3 Sentries","floor":11,"turns":5},{"damage":0,"enemies":"Large Slime","floor":12,"turns":4},{"damage":19,"enemies":"3 Sentries","floor":14,"turns":5},{"damage":22,"enemies":"Hexaghost","floor":16,"turns":5},{"damage":15,"enemies":"2 Thieves","floor":18,"turns":4},{"damage":0,"enemies":"Shell Parasite","floor":19,"turns":2},{"damage":5,"enemies":"Cultist and Chosen","floor":21,"turns":3},{"damage":34,"enemies":"Snake Plant","floor":22,"turns":3},{"damage":23,"enemies":"Gremlin Leader","floor":23,"turns":1}],"seed_played":"-5434487828754749724","potions_obtained":[{"floor":1,"key":"Fire Potion"},{"floor":4,"key":"Explosive Potion"},{"floor":14,"key":"LifebloodPotion"},{"floor":16,"key":"Elixir"}],"is_trial":false,"path_per_floor":["M","M","M","M","M","E","R","$","T","R","?","M","?","E","R","B",null,"M","M","$","M","M","E"],"character_chosen":"WATCHER","items_purchased":["SignatureMove","ReplayTheSpireMod:ShopPack","Bottled Lightning","Conclude+1"],"campfire_rested":0,"item_purchase_floors":[8,8,20,20],"current_hp_per_floor":[72,72,72,66,53,33,33,33,33,33,21,21,21,2,23,1,72,57,57,57,52,18,0,0],"gold":51,"neow_bonus":"BOSS_RELIC","is_daily":false,"chose_seed":false,"campfire_upgraded":2,"win_rate":0.0,"timestamp":1612746893,"path_taken":["M","M","M","M","M","E","R","$","T","R","?","M","?","E","R","BOSS","M","M","$","?","M","E"],"items_purchased_type":["Card","Relic","Relic","Card"],"build_version":"2020-12-22","purchased_purges":0,"victory":false,"max_hp_per_floor":[72,72,72,72,72,72,72,72,72,72,72,72,72,72,72,72,72,72,72,72,72,72,72,72],"card_choices":[{"not_picked":["Vengeance","Study"],"picked":"FollowUp","floor":1},{"not_picked":["EmptyBody","ClearTheMind"],"picked":"FlyingSleeves","floor":2},{"not_picked":["CrushJoints","InnerPeace"],"picked":"Crescendo","floor":3},{"not_picked":["FlurryOfBlows","Tantrum"],"picked":"JustLucky","floor":4},{"not_picked":["FlyingSleeves","Replay:BluntJabs"],"picked":"WheelKick","floor":5},{"not_picked":["Evaluate","Prostrate"],"picked":"Adaptation","floor":6},{"not_picked":["Sadistic Nature","Poisoned Strike"],"picked":"The Bomb","floor":8},{"not_picked":["Chrysalis","Jack Of All Trades"],"picked":"Swift Strike","floor":8},{"not_picked":["Sadistic Nature","Deep Breath"],"picked":"Thinking Ahead","floor":8},{"not_picked":["Crescendo","PathToVictory"],"picked":"FlurryOfBlows+1","floor":12},{"not_picked":["Sanctity","FlyingSleeves+1"],"picked":"Indignation","floor":14},{"not_picked":["MasterReality","Replay:LoomingThreat"],"picked":"Establishment","floor":16},{"not_picked":["Replay:DivineShield+1","Collect+1","JustLucky+1"],"picked":"SKIP","floor":18},{"not_picked":["BowlingBash+1","FlyingSleeves+1"],"picked":"WheelKick+1","floor":19},{"not_picked":["ThirdEye+1","Protect+1"],"picked":"WheelKick+1","floor":21},{"not_picked":["SashWhip+1","LikeWater"],"picked":"TalkToTheHand+1","floor":22}],"player_experience":184660,"relics_obtained":[{"floor":6,"key":"Darkstone Periapt"},{"floor":9,"key":"Molten Egg 2"},{"floor":14,"key":"Centennial Puzzle"}],"event_choices":[{"damage_healed":0,"gold_gain":0,"player_choice":"Searched \u00272\u0027 times","damage_taken":0,"relics_obtained":["Ice Cream"],"max_hp_gain":0,"max_hp_loss":0,"event_name":"Dead Adventurer","floor":11,"gold_loss":0},{"damage_healed":0,"gold_gain":0,"cards_transformed":["Defend_P"],"player_choice":"Transformed","damage_taken":0,"max_hp_gain":0,"max_hp_loss":0,"event_name":"Transmorgrifier","floor":13,"gold_loss":0,"cards_obtained":["Swivel"]}],"is_beta":false,"boss_relics":[{"not_picked":["Astrolabe","Tiny House"],"picked":"Sozu"}],"items_purged_floors":[],"is_endless":false,"potions_floor_spawned":[1,4,14,16,18],"killed_by":"Gremlin Leader","ascension_level":1}}