{"host":"2js2pxuugveqjuf7","time":1612826121,"event":{"mods":["BaseMod","Colored Map","Minty Spire (QoL Compilation)","Quick Restart","Random Character Button","Relic Stats","StSLib"],"gold_per_floor":[117,135,135,153,163,163,193,193,246,274,0,16,50,63,63,164,164,181,198,211,211,223,254,254,279,279,279,295,17,17,42,42,145,145,165,224,30,48,74,109,131,166,166,203,203,225,249,285,285,285,285],"floor_reached":50,"language":"ENG","playtime":5225,"items_purged":[],"score":1285,"play_id":"df905585-3328-465d-be7f-6e095ae19d2b","local_time":"20210208171521","is_ascension_mode":true,"campfire_choices":[{"data":"Electrodynamics","floor":6.0,"key":"SMITH"},{"data":"Streamline","floor":8.0,"key":"SMITH"},{"data":"Defragment","floor":15.0,"key":"SMITH"},{"data":"Capacitor","floor":24.0,"key":"SMITH"},{"data":"Biased Cognition","floor":27.0,"key":"SMITH"},{"data":"Recycle","floor":30,"key":"SMITH"},{"data":"Strike_B","floor":32,"key":"PURGE"},{"data":"Defragment","floor":45,"key":"SMITH"},{"floor":49,"key":"RECALL"}],"circlet_count":0,"master_deck":["Strike_B","Strike_B","Strike_B","Defend_B","Defend_B","Defend_B","Defend_B","Zap","Dualcast","Electrodynamics+1","Ball Lightning","Turbo","Redo","Streamline+1","Capacitor+1","Defragment+1","Reinforced Body","Rainbow","Coolheaded","Biased Cognition","Hologram+1","Compile Driver","Hologram","Ghostly","Ghostly","Ghostly","Ghostly","Ghostly","Undo+1","Cold Snap+1","Biased Cognition+1","Recycle+1","Coolheaded","Barrage+1","Biased Cognition","CurseOfTheBell","Storm","Tempest+1","Hologram","Defragment+1","Master of Strategy","Discovery","Cold Snap+1","Defragment+1","Hologram","Electrodynamics","Static Discharge+1","Machine Learning","Chaos+1","Hologram+1"],"relics":["FrozenCore","Meat on the Bone","Bronze Scales","Happy Flower","OrangePellets","Torii","The Courier","Lantern","Runic Capacitor","Art of War","Peace Pipe","Calling Bell","CeramicFish","Question Card","Ginger","Dead Branch","Bag of Preparation","Symbiotic Virus","Mummified Hand","Sundial","White Beast Statue","Toy Ornithopter"],"acts_visited":["Exordium","TheCity","TheBeyond"],"potions_floor_usage":[],"damage_taken":[{"damage":12.0,"enemies":"Small Slimes","floor":1.0,"turns":2.0},{"damage":1.0,"enemies":"Cultist","floor":2.0,"turns":3.0},{"damage":2.0,"enemies":"Jaw Worm","floor":4.0,"turns":3.0},{"damage":18.0,"enemies":"Large Slime","floor":5.0,"turns":4.0},{"damage":5.0,"enemies":"3 Sentries","floor":7.0,"turns":2.0},{"damage":25.0,"enemies":"Lagavulin","floor":10.0,"turns":4.0},{"damage":0.0,"enemies":"Exordium Wildlife","floor":12.0,"turns":1.0},{"damage":8.0,"enemies":"Gremlin Nob","floor":13.0,"turns":3.0},{"damage":0.0,"enemies":"Looter","floor":14.0,"turns":1.0},{"damage":6.0,"enemies":"Hexaghost","floor":16.0,"turns":8.0},{"damage":6.0,"enemies":"Shell Parasite","floor":18.0,"turns":4.0},{"damage":0.0,"enemies":"Spheric Guardian","floor":19.0,"turns":4.0},{"damage":0.0,"enemies":"Snecko","floor":20.0,"turns":5.0},{"damage":0.0,"enemies":"Sentry and Sphere","floor":22.0,"turns":5.0},{"damage":12.0,"enemies":"Slavers","floor":23.0,"turns":7.0},{"damage":0.0,"enemies":"Gremlin Leader","floor":25.0,"turns":6.0},{"damage":0,"enemies":"Snake Plant","floor":28,"turns":5},{"damage":0,"enemies":"Slavers","floor":31,"turns":5},{"damage":0,"enemies":"Automaton","floor":33,"turns":7},{"damage":6,"enemies":"3 Shapes","floor":35,"turns":2},{"damage":0,"enemies":"Mind Bloom Boss Battle","floor":36,"turns":5},{"damage":1,"enemies":"Orb Walker","floor":39,"turns":3},{"damage":0,"enemies":"Reptomancer","floor":40,"turns":5},{"damage":0,"enemies":"4 Shapes","floor":41,"turns":3},{"damage":9,"enemies":"Nemesis","floor":42,"turns":5},{"damage":0,"enemies":"Giant Head","floor":44,"turns":5},{"damage":24,"enemies":"3 Darklings","floor":46,"turns":3},{"damage":0,"enemies":"Jaw Worm Horde","floor":47,"turns":3},{"damage":0,"enemies":"Reptomancer","floor":48,"turns":7},{"damage":27,"enemies":"Donu and Deca","floor":50,"turns":3}],"seed_played":"7165322630609175984","potions_obtained":[{"floor":2.0,"key":"FocusPotion"},{"floor":7.0,"key":"SneckoOil"},{"floor":13.0,"key":"DuplicationPotion"},{"floor":16.0,"key":"Swift Potion"},{"floor":18.0,"key":"DuplicationPotion"},{"floor":22.0,"key":"Explosive Potion"},{"floor":31,"key":"Block Potion"},{"floor":40,"key":"FocusPotion"}],"is_trial":false,"path_per_floor":["M","M","?","M","M","R","E","R","T","E","$","M","E","M","R","B",null,"M","M","M","?","M","E","R","E","T","R","M","$","R","E","R","B",null,"M","?","$","?","M","E","M","E","T","E","R","M","M","E","R","B"],"character_chosen":"DEFECT","items_purchased":["OrangePellets","Defragment","AttackPotion","Runic Capacitor","Art of War","Coolheaded","Bag of Preparation","Hologram","Defragment"],"campfire_rested":0,"item_purchase_floors":[11,11,11,29,29,29,37,37,37],"current_hp_per_floor":[38,37,75,73,55,55,50,50,50,37,37,49,41,41,41,47,68,62,62,62,37,37,25,25,25,25,25,25,25,25,25,25,25,34,28,28,28,23,22,22,22,25,25,25,25,13,25,25,25,0,0],"gold":285,"neow_bonus":"THREE_RARE_CARDS","is_daily":false,"chose_seed":false,"campfire_upgraded":7,"win_rate":0.0,"timestamp":1612826121,"path_taken":["M","M","?","M","M","R","E","R","T","E","$","M","E","M","R","BOSS","M","M","M","?","M","E","R","E","T","R","M","$","R","E","R","BOSS","M","?","$","?","M","E","M","E","T","E","R","M","M","E","R","BOSS"],"items_purchased_type":["Relic","Card","Potion","Relic","Relic","Card","Relic","Card","Card"],"build_version":"2020-12-22","purchased_purges":0,"victory":false,"max_hp_per_floor":[75,75,75,75,75,75,75,75,75,75,75,75,75,75,75,75,75,75,75,75,37,37,37,37,37,37,37,37,37,37,37,37,37,37,37,37,37,37,37,37,37,37,37,37,37,37,37,37,37,37,37],"relic_stats":{"Happy Flower":[35],"Torii":27,"counters":[30,123],"CeramicFish":126,"Dead Branch":[71],"Bag of Preparation":[18],"Ginger":[4],"Question Card":12,"FrozenCore":[40],"Peace Pipe":1,"OrangePellets":[32],"Mummified Hand":[46],"Sundial":[0],"Bronze Scales":[347],"Art of War":[15],"obtain_stats":[{"Lantern":25,"Happy Flower":10,"Torii":13,"CeramicFish":34,"Dead Branch":36,"The Courier":23,"Runic Capacitor":29,"Bag of Preparation":37,"Ginger":34,"Question Card":34,"White Beast Statue":44,"FrozenCore":17,"Peace Pipe":31,"Calling Bell":34,"OrangePellets":11,"Mummified Hand":42,"Sundial":43,"Bronze Scales":9,"Art of War":29,"Cracked Core":0,"Symbiotic Virus":40,"Toy Ornithopter":48,"Meat on the Bone":7},{"Lantern":16,"Happy Flower":6,"Torii":8,"CeramicFish":19,"Dead Branch":21,"The Courier":15,"Runic Capacitor":17,"Bag of Preparation":21,"Ginger":19,"Question Card":19,"White Beast Statue":26,"FrozenCore":10,"Peace Pipe":18,"Calling Bell":19,"OrangePellets":6,"Mummified Hand":25,"Sundial":25,"Bronze Scales":5,"Art of War":17,"Cracked Core":0,"Symbiotic Virus":23,"Toy Ornithopter":29,"Meat on the Bone":5},{"Lantern":62,"Happy Flower":18,"Torii":22,"CeramicFish":79,"Dead Branch":86,"The Courier":56,"Runic Capacitor":67,"Bag of Preparation":86,"Ginger":79,"Question Card":79,"White Beast Statue":107,"FrozenCore":31,"Peace Pipe":72,"Calling Bell":79,"OrangePellets":18,"Mummified Hand":102,"Sundial":102,"Bronze Scales":14,"Art of War":67,"Cracked Core":0,"Symbiotic Virus":94,"Toy Ornithopter":120,"Meat on the Bone":14}],"Toy Ornithopter":0,"Meat on the Bone":72},"card_choices":[{"not_picked":["Hyperbeam","Meteor Strike"],"picked":"Electrodynamics","floor":0.0},{"not_picked":["Conserve Battery","Leap"],"picked":"Ball Lightning","floor":1.0},{"not_picked":["Streamline","Redo"],"picked":"Consume","floor":2.0},{"not_picked":["Go for the Eyes","Redo"],"picked":"Turbo","floor":4.0},{"not_picked":["Hello World","Darkness"],"picked":"Redo","floor":5.0},{"not_picked":["Scrape","Turbo"],"picked":"Streamline","floor":7.0},{"not_picked":["Fusion","Stack"],"picked":"Capacitor","floor":10.0},{"not_picked":["Coolheaded","Rebound"],"picked":"Reinforced Body","floor":12.0},{"not_picked":["Beam Cell","Streamline"],"picked":"Rainbow","floor":13.0},{"not_picked":["Static Discharge","White Noise"],"picked":"Coolheaded","floor":14.0},{"not_picked":["Seek","Machine Learning"],"picked":"Biased Cognition","floor":16.0},{"not_picked":["Go for the Eyes","Redo"],"picked":"Hologram+1","floor":18.0},{"not_picked":["Streamline","Steam+1"],"picked":"Compile Driver","floor":19.0},{"not_picked":["Genetic Algorithm","Sweeping Beam"],"picked":"Hologram","floor":20.0},{"not_picked":["Genetic Algorithm","Creative AI"],"picked":"Undo+1","floor":22.0},{"not_picked":["Redo","Darkness+1"],"picked":"Cold Snap+1","floor":23.0},{"not_picked":["Steam+1","Conserve Battery+1"],"picked":"Biased Cognition","floor":25.0},{"not_picked":["Conserve Battery+1","Stack"],"picked":"Recycle","floor":28},{"not_picked":["Sweeping Beam","Ball Lightning"],"picked":"Barrage+1","floor":31},{"not_picked":["Meteor Strike","Creative AI"],"picked":"Biased Cognition","floor":33},{"not_picked":["Force Field","Beam Cell+1","Hello World"],"picked":"Storm","floor":35},{"not_picked":["Buffer","Turbo+1","Hello World+1"],"picked":"Tempest+1","floor":36},{"not_picked":["Impatience","Panacea","Discovery"],"picked":"Master of Strategy","floor":38},{"not_picked":["Violence","Swift Strike","Mind Blast"],"picked":"Discovery","floor":38},{"not_picked":["Loop+1","Hello World+1","Steam+1"],"picked":"Cold Snap+1","floor":39},{"not_picked":["Steam","Thunder Strike","Cold Snap+1"],"picked":"Defragment+1","floor":40},{"not_picked":["Beam Cell","Scrape","Self Repair+1"],"picked":"Hologram","floor":41},{"not_picked":["All For One","Aggregate","Undo+1"],"picked":"Electrodynamics","floor":42},{"not_picked":["Gash+1","Capacitor","Cold Snap+1"],"picked":"Static Discharge+1","floor":44},{"not_picked":["Redo","Reprogram+1","Sweeping Beam+1"],"picked":"Machine Learning","floor":46},{"not_picked":["Streamline+1","White Noise","Steam"],"picked":"Chaos+1","floor":47},{"not_picked":["Conserve Battery","Sunder+1","Auto Shields"],"picked":"Hologram+1","floor":48}],"player_experience":410909,"relics_obtained":[{"floor":7.0,"key":"Meat on the Bone"},{"floor":9.0,"key":"Bronze Scales"},{"floor":10.0,"key":"Happy Flower"},{"floor":13.0,"key":"Torii"},{"floor":23.0,"key":"The Courier"},{"floor":25.0,"key":"Lantern"},{"floor":31,"key":"Peace Pipe"},{"floor":34,"key":"CeramicFish"},{"floor":34,"key":"Question Card"},{"floor":34,"key":"Ginger"},{"floor":36,"key":"Dead Branch"},{"floor":40,"key":"Symbiotic Virus"},{"floor":42,"key":"Mummified Hand"},{"floor":43,"key":"Sundial"},{"floor":44,"key":"White Beast Statue"},{"floor":48,"key":"Toy Ornithopter"}],"event_choices":[{"cards_removed":["Consume"],"damage_healed":38.0,"max_hp_gain":0.0,"max_hp_loss":0.0,"gold_gain":0.0,"event_name":"Bonfire Elementals","player_choice":"Offered Uncommon","floor":3.0,"gold_loss":0.0,"damage_taken":0.0},{"damage_healed":0.0,"max_hp_gain":0.0,"max_hp_loss":38.0,"gold_gain":0.0,"event_name":"Ghosts","player_choice":"Became a Ghost","floor":21.0,"gold_loss":0.0,"damage_taken":0.0,"cards_obtained":["Ghostly","Ghostly","Ghostly","Ghostly","Ghostly"]},{"damage_healed":0,"gold_gain":0,"player_choice":"Fight","damage_taken":0,"max_hp_gain":0,"max_hp_loss":0,"event_name":"MindBloom","floor":36,"gold_loss":0},{"damage_healed":0,"gold_gain":0,"player_choice":"Memory 2","damage_taken":5,"max_hp_gain":0,"max_hp_loss":0,"event_name":"SensoryStone","floor":38,"gold_loss":0}],"is_beta":false,"boss_relics":[{"not_picked":["Sozu","Cursed Key"],"picked":"FrozenCore"},{"not_picked":["Philosopher\u0027s Stone","Tiny House"],"picked":"Calling Bell"}],"items_purged_floors":[],"is_endless":false,"potions_floor_spawned":[2,7,13,16,18,22,28,31,33,35,40,41,42,46,47,48],"killed_by":"Donu and Deca","ascension_level":9}}