{"host":"2wp95sdfrgw3k439","time":1612808316,"event":{"mods":["BaseMod","Better Altar","Better Skull","Better Third Choice","Curses Come First","Minty Spire (QoL Compilation)","Permanent Neow","StSLib"],"gold_per_floor":[109,121,121,170,187,187,214,226,226,258,433,433,433,451,451,548,548,567,584,55,72,72,72,72,72],"floor_reached":24,"language":"ENG","playtime":818,"items_purged":["Doubt"],"score":299,"play_id":"73e555dc-1680-4dad-9ccd-bb6b1f4a28b0","local_time":"20210208111836","is_ascension_mode":true,"campfire_choices":[{"floor":6,"key":"REST"},{"floor":13,"key":"REST"},{"floor":15,"key":"REST"},{"floor":23,"key":"REST"}],"circlet_count":0,"master_deck":["Strike_B+1","Strike_B+1","Strike_B","Defend_B","Defend_B","Defend_B","Defend_B","Zap","Dualcast","Scrape","Genetic Algorithm","Streamline","Sweeping Beam","Beam Cell","Coolheaded","Reboot","Genetic Algorithm+1","Conserve Battery","Self Repair"],"relics":["Sozu","Whetstone","Smiling Mask","Pear","Gremlin Horn","The Courier","Nuclear Battery","Incense Burner","Mercury Hourglass","Molten Egg 2"],"acts_visited":["Exordium","TheCity"],"potions_floor_usage":[],"damage_taken":[{"damage":8,"enemies":"Small Slimes","floor":1,"turns":4},{"damage":7,"enemies":"Jaw Worm","floor":2,"turns":3},{"damage":0,"enemies":"Cultist","floor":5,"turns":3},{"damage":32,"enemies":"Gremlin Nob","floor":7,"turns":4},{"damage":0,"enemies":"Exordium Wildlife","floor":8,"turns":3},{"damage":20,"enemies":"Lagavulin","floor":10,"turns":5},{"damage":8,"enemies":"Blue Slaver","floor":14,"turns":4},{"damage":29,"enemies":"Slime Boss","floor":16,"turns":10},{"damage":29,"enemies":"Shell Parasite","floor":18,"turns":6},{"damage":20,"enemies":"Chosen","floor":19,"turns":5},{"damage":14,"enemies":"Centurion and Healer","floor":21,"turns":8},{"damage":43,"enemies":"Gremlin Leader","floor":24,"turns":5}],"seed_played":"-4508539536831822268","potions_obtained":[],"is_trial":false,"path_per_floor":["M","M","?","T","M","R","E","M","T","E","?","T","R","M","R","B",null,"M","M","$","M","?","R","E"],"character_chosen":"DEFECT","items_purchased":["Incense Burner","Mercury Hourglass","Self Repair"],"campfire_rested":4,"item_purchase_floors":[20,20,20],"current_hp_per_floor":[60,53,46,46,46,68,36,36,46,26,26,26,51,43,68,39,74,45,25,25,18,18,43,0,0],"gold":72,"neow_bonus":"BOSS_RELIC","is_daily":false,"chose_seed":false,"campfire_upgraded":0,"win_rate":0.0,"timestamp":1612808316,"path_taken":["M","M","?","?","M","R","E","?","T","E","?","?","R","M","R","BOSS","M","M","$","M","?","R","E"],"items_purchased_type":["Relic","Relic","Card"],"build_version":"2020-12-22","purchased_purges":1,"victory":false,"max_hp_per_floor":[75,75,75,75,75,75,75,75,85,85,85,85,85,85,85,85,85,85,85,85,85,85,85,85,85],"card_choices":[{"not_picked":["Steam","Barrage"],"picked":"Scrape","floor":1},{"not_picked":["Streamline","Darkness"],"picked":"Genetic Algorithm","floor":2},{"not_picked":["Stack","Barrage"],"picked":"Streamline","floor":5},{"not_picked":["Doom and Gloom","Streamline"],"picked":"Sweeping Beam","floor":7},{"not_picked":["White Noise","Stack"],"picked":"Beam Cell","floor":8},{"not_picked":["Hyperbeam","Gash"],"picked":"Coolheaded","floor":10},{"not_picked":["Streamline","Barrage","Hologram"],"picked":"SKIP","floor":14},{"not_picked":["Fission","Meteor Strike"],"picked":"Reboot","floor":16},{"not_picked":["Coolheaded","Gash"],"picked":"Genetic Algorithm+1","floor":18},{"not_picked":["Glacier","Streamline"],"picked":"Conserve Battery","floor":19},{"not_picked":["Beam Cell","BootSequence","Hologram"],"picked":"SKIP","floor":21}],"player_experience":564999,"relics_obtained":[{"floor":4,"key":"Whetstone"},{"floor":7,"key":"Smiling Mask"},{"floor":9,"key":"Pear"},{"floor":10,"key":"Gremlin Horn"},{"floor":12,"key":"The Courier"}],"event_choices":[{"cards_removed":["Strike_B"],"damage_healed":0,"gold_gain":0,"player_choice":"Card Removal","damage_taken":7,"max_hp_gain":0,"max_hp_loss":0,"event_name":"Golden Wing","floor":3,"gold_loss":0},{"damage_healed":0,"gold_gain":175,"player_choice":"AGREE","damage_taken":258,"max_hp_gain":0,"max_hp_loss":0,"event_name":"betterThird:BetterSerpent","floor":11,"gold_loss":0},{"damage_healed":0,"gold_gain":0,"player_choice":"Opened","damage_taken":0,"relics_obtained":["Molten Egg 2"],"max_hp_gain":0,"max_hp_loss":0,"event_name":"The Mausoleum","floor":22,"gold_loss":0}],"is_beta":false,"boss_relics":[{"not_picked":["Ectoplasm","SacredBark"],"picked":"Nuclear Battery"}],"items_purged_floors":[20],"is_endless":false,"potions_floor_spawned":[1,2,16,18],"killed_by":"Gremlin Leader","ascension_level":9}}