{"host":"ly20tmf9be7b85hl","time":1612799677,"event":{"mods":["BaseMod","Colored Map","Keyboard Shortcuts","Minty Spire (QoL Compilation)","Permanent Neow","Quick Restart","SuperFastMode"],"gold_per_floor":[118,118,118,43,62,77,77,89,112,128,128,18,31,31,31,105,105,122,122,137,157,207,207,207],"floor_reached":23,"language":"KOR","playtime":533,"items_purged":["Strike_G"],"score":366,"play_id":"d4346cbb-8026-488a-8e73-cd38eef4437e","local_time":"20210209005437","is_ascension_mode":true,"campfire_choices":[{"data":"Tactician","floor":7.0,"key":"SMITH"},{"data":"Poisoned Stab","floor":11.0,"key":"SMITH"},{"data":"Deadly Poison","floor":15.0,"key":"SMITH"}],"circlet_count":0,"master_deck":["AscendersBane","Strike_G","Strike_G","Strike_G","Defend_G","Defend_G","Defend_G","Defend_G","Survivor","Neutralize+1","Escape Plan","Tactician+1","Acrobatics","Poisoned Stab+1","Catalyst+1","Backflip","PiercingWail","Deadly Poison+1","Burst","Calculated Gamble"],"relics":["Ring of the Snake","Centennial Puzzle","Runic Pyramid"],"acts_visited":["Exordium","TheCity"],"potions_floor_usage":[],"damage_taken":[{"damage":0.0,"enemies":"Jaw Worm","floor":1.0,"turns":5.0},{"damage":3.0,"enemies":"Small Slimes","floor":5.0,"turns":6.0},{"damage":3.0,"enemies":"Cultist","floor":6.0,"turns":4.0},{"damage":1.0,"enemies":"Red Slaver","floor":8.0,"turns":6.0},{"damage":7.0,"enemies":"Large Slime","floor":10.0,"turns":5.0},{"damage":1.0,"enemies":"2 Fungi Beasts","floor":13.0,"turns":3.0},{"damage":33.0,"enemies":"The Guardian","floor":16.0,"turns":7.0},{"damage":6.0,"enemies":"Chosen","floor":18.0,"turns":4.0},{"damage":12.0,"enemies":"3 Byrds","floor":20.0,"turns":6.0},{"damage":28.0,"enemies":"Sentry and Sphere","floor":21.0,"turns":6.0},{"damage":0,"enemies":"Slavers","floor":23,"turns":1}],"seed_played":"476398664718702030","potions_obtained":[{"floor":6.0,"key":"Weak Potion"},{"floor":10.0,"key":"Poison Potion"},{"floor":20.0,"key":"BlessingOfTheForge"}],"is_trial":false,"path_per_floor":["M","?","?","$","M","M","R","M","T","M","R","$","M","?","R","B",null,"M","?","M","M","?","E"],"character_chosen":"THE_SILENT","items_purchased":["Backflip","PiercingWail"],"campfire_rested":0,"item_purchase_floors":[12,12],"current_hp_per_floor":[44,49,49,49,46,43,43,42,42,35,35,35,34,34,34,1,54,48,48,36,8,8,8,8],"gold":207,"neow_bonus":"REMOVE_TWO","is_daily":false,"chose_seed":false,"campfire_upgraded":3,"win_rate":0.0,"timestamp":1612799677,"path_taken":["M","?","?","$","?","M","R","M","T","M","R","?","M","?","R","BOSS","M","?","?","M","?","E"],"items_purchased_type":["Card","Card"],"build_version":"2020-12-22","purchased_purges":1,"victory":false,"max_hp_per_floor":[66,71,71,71,71,71,71,71,71,71,71,71,71,71,71,71,71,71,71,71,71,71,71,71],"card_choices":[{"not_picked":["Acrobatics","Riddle With Holes"],"picked":"Escape Plan","floor":1.0},{"not_picked":["Prepared","Acrobatics"],"picked":"Tactician","floor":5.0},{"not_picked":["Leg Sweep","Choke"],"picked":"Acrobatics","floor":6.0},{"not_picked":["Heel Hook","Prepared"],"picked":"Poisoned Stab","floor":8.0},{"not_picked":["PiercingWail","Dodge and Roll"],"picked":"Catalyst","floor":10.0},{"not_picked":["Quick Slash","Dodge and Roll"],"picked":"Deadly Poison","floor":13.0},{"not_picked":["Tools of the Trade","Doppelganger"],"picked":"Burst","floor":16.0},{"not_picked":["Bane","Backstab","Slice"],"picked":"SKIP","floor":18.0},{"not_picked":["Bane","Backflip"],"picked":"Calculated Gamble","floor":20.0},{"not_picked":["Catalyst","Infinite Blades","Dodge and Roll"],"picked":"SKIP","floor":21.0}],"player_experience":851253,"relics_obtained":[{"floor":9.0,"key":"Centennial Puzzle"}],"event_choices":[{"damage_healed":0.0,"max_hp_gain":5.0,"max_hp_loss":0.0,"gold_gain":0.0,"event_name":"Big Fish","player_choice":"Donut","floor":2.0,"gold_loss":0.0,"damage_taken":0.0},{"damage_healed":0.0,"max_hp_gain":0.0,"max_hp_loss":0.0,"gold_gain":0.0,"event_name":"Upgrade Shrine","player_choice":"Upgraded","floor":3.0,"gold_loss":0.0,"damage_taken":0.0,"cards_upgraded":["Neutralize"]},{"damage_healed":0.0,"max_hp_gain":0.0,"max_hp_loss":0.0,"gold_gain":0.0,"event_name":"Liars Game","player_choice":"Ignored","floor":14.0,"gold_loss":0.0,"damage_taken":0.0},{"damage_healed":0.0,"max_hp_gain":0.0,"max_hp_loss":0.0,"gold_gain":0.0,"event_name":"Upgrade Shrine","player_choice":"Upgraded","floor":19.0,"gold_loss":0.0,"damage_taken":0.0,"cards_upgraded":["Catalyst"]},{"damage_healed":0.0,"max_hp_gain":0.0,"max_hp_loss":0.0,"gold_gain":50.0,"event_name":"Golden Shrine","player_choice":"Pray","floor":22.0,"gold_loss":0.0,"damage_taken":0.0}],"is_beta":false,"boss_relics":[{"not_picked":["Runic Dome","WristBlade"],"picked":"Runic Pyramid"}],"items_purged_floors":[4],"is_endless":false,"potions_floor_spawned":[6,10,13,20],"killed_by":"Slavers","ascension_level":20}}