{"host":"9bcvatsnbq1a3xq4","time":1612811194,"event":{"mods":["BaseMod","Bestiary","Block Reminder","Highlight Path","Minty Spire (QoL Compilation)","Relic Stats"],"gold_per_floor":[218,5,5,22,37,37,65,79,106,106,134,34,34,53,53,127,127,145,164,181,181,181,181,211,238,238,251,251,251,251,251],"floor_reached":30,"language":"ENG","playtime":2120,"items_purged":["Strike_B","Strike_B"],"score":656,"play_id":"4b7e3393-2839-4afd-bc70-cc62ca789b73","local_time":"20210208200634","is_ascension_mode":true,"campfire_choices":[{"data":"Melter","floor":6,"key":"SMITH"},{"floor":10,"key":"REST"},{"data":"Biased Cognition","floor":13,"key":"SMITH"},{"data":"Rip and Tear","floor":15,"key":"SMITH"},{"data":"Creative AI","floor":23,"key":"SMITH"},{"data":"Hologram","floor":29,"key":"SMITH"}],"circlet_count":0,"master_deck":["AscendersBane","Defend_B","Defend_B","Defend_B","Defend_B","Zap","Dualcast","Go for the Eyes","Cold Snap","Seek","Sweeping Beam","Melter+1","Rip and Tear+1","Biased Cognition+1","Steam","Ball Lightning","Creative AI+1","BootSequence","Hologram+1","Cold Snap","Reprogram","Steam"],"relics":["Cracked Core","Tiny Chest","Orichalcum","Strawberry","Boot","Velvet Choker","Mummified Hand","Anchor","Bronze Scales"],"acts_visited":["Exordium","TheCity"],"potions_floor_usage":[16,19,20,28],"damage_taken":[{"damage":5,"enemies":"Small Slimes","floor":1,"turns":3},{"damage":0,"enemies":"Cultist","floor":4,"turns":3},{"damage":4,"enemies":"Jaw Worm","floor":5,"turns":3},{"damage":32,"enemies":"3 Sentries","floor":7,"turns":7},{"damage":0,"enemies":"Looter","floor":8,"turns":2},{"damage":15,"enemies":"Lagavulin","floor":11,"turns":5},{"damage":0,"enemies":"Large Slime","floor":14,"turns":6},{"damage":0,"enemies":"Slime Boss","floor":16,"turns":6},{"damage":0,"enemies":"Spheric Guardian","floor":18,"turns":1},{"damage":0,"enemies":"3 Byrds","floor":19,"turns":3},{"damage":8,"enemies":"Shelled Parasite and Fungi","floor":20,"turns":5},{"damage":15,"enemies":"Book of Stabbing","floor":24,"turns":5},{"damage":0,"enemies":"Centurion and Healer","floor":27,"turns":7},{"damage":0,"enemies":"Gremlin Leader","floor":28,"turns":2},{"damage":49,"enemies":"Cultist and Chosen","floor":30,"turns":3}],"seed_played":"1130669472946829094","potions_obtained":[{"floor":8,"key":"Energy Potion"},{"floor":11,"key":"FearPotion"},{"floor":18,"key":"Swift Potion"},{"floor":19,"key":"Weak Potion"},{"floor":24,"key":"SmokeBomb"}],"is_trial":false,"path_per_floor":["M","$","?","M","M","R","E","M","T","R","E","$","R","M","R","B",null,"M","M","M","?","?","R","E","T","T","M","E","R","M"],"character_chosen":"DEFECT","items_purchased":["Cold Snap","Seek"],"campfire_rested":1,"item_purchase_floors":[2,2],"current_hp_per_floor":[59,59,59,59,55,55,23,23,30,53,38,38,38,38,38,38,68,68,68,60,60,60,60,45,45,45,45,45,45,0,0],"gold":251,"neow_bonus":"HUNDRED_GOLD","is_daily":false,"chose_seed":false,"campfire_upgraded":5,"win_rate":0.0,"timestamp":1612811194,"path_taken":["M","$","?","M","M","R","E","M","T","R","E","?","R","M","R","BOSS","M","M","M","?","?","R","E","?","T","M","E","R","?"],"items_purchased_type":["Card","Card"],"build_version":"2020-12-22","purchased_purges":2,"victory":false,"max_hp_per_floor":[71,71,71,71,71,71,71,71,78,78,78,78,78,78,78,78,78,78,78,78,78,78,78,78,78,78,78,78,78,78,78],"relic_stats":{"counters":[15,61],"Mummified Hand":[9],"Bronze Scales":[27],"Tiny Chest":1,"Orichalcum":[132],"Boot":[49],"obtain_stats":[{"Anchor":25,"Mummified Hand":24,"Strawberry":9,"Bronze Scales":26,"Velvet Choker":17,"Tiny Chest":3,"Orichalcum":7,"Cracked Core":0,"Boot":11},{"Anchor":12,"Mummified Hand":12,"Strawberry":5,"Bronze Scales":12,"Velvet Choker":8,"Tiny Chest":1,"Orichalcum":4,"Cracked Core":0,"Boot":6},{"Anchor":49,"Mummified Hand":49,"Strawberry":18,"Bronze Scales":49,"Velvet Choker":35,"Tiny Chest":3,"Orichalcum":16,"Cracked Core":0,"Boot":23}]},"card_choices":[{"not_picked":["Recycle","Skim"],"picked":"Go for the Eyes","floor":1},{"not_picked":["BootSequence","Go for the Eyes"],"picked":"Sweeping Beam","floor":4},{"not_picked":["Glacier","Skim"],"picked":"Melter","floor":5},{"not_picked":["Gash","Recycle"],"picked":"Rip and Tear","floor":7},{"not_picked":["Turbo","FTL"],"picked":"Biased Cognition","floor":8},{"not_picked":["Redo","Darkness"],"picked":"Steam","floor":11},{"not_picked":["BootSequence","Streamline"],"picked":"Ball Lightning","floor":14},{"not_picked":["Amplify","Multi-Cast"],"picked":"Creative AI","floor":16},{"not_picked":["Streamline","Scrape"],"picked":"BootSequence","floor":18},{"not_picked":["Hello World","Rip and Tear"],"picked":"Hologram","floor":19},{"not_picked":["Heatsinks","Barrage"],"picked":"Cold Snap","floor":20},{"not_picked":["Leap","Turbo","Go for the Eyes"],"picked":"SKIP","floor":24},{"not_picked":["Barrage","Sweeping Beam","Storm"],"picked":"SKIP","floor":27}],"player_experience":814906,"relics_obtained":[{"floor":3,"key":"Tiny Chest"},{"floor":7,"key":"Orichalcum"},{"floor":9,"key":"Strawberry"},{"floor":11,"key":"Boot"},{"floor":24,"key":"Mummified Hand"},{"floor":25,"key":"Anchor"},{"floor":26,"key":"Bronze Scales"}],"event_choices":[{"damage_healed":0,"gold_gain":0,"player_choice":"Relic","damage_taken":0,"max_hp_gain":0,"max_hp_loss":0,"event_name":"Wheel of Change","floor":3,"gold_loss":0},{"damage_healed":0,"gold_gain":0,"player_choice":"Ignored","damage_taken":0,"max_hp_gain":0,"max_hp_loss":0,"event_name":"Vampires","floor":21,"gold_loss":0},{"damage_healed":0,"gold_gain":0,"cards_transformed":["Strike_B","Strike_B"],"player_choice":"Became Test Subject","damage_taken":0,"max_hp_gain":0,"max_hp_loss":0,"event_name":"Drug Dealer","floor":22,"gold_loss":0,"cards_obtained":["Reprogram","Steam"]}],"is_beta":false,"boss_relics":[{"not_picked":["Snecko Eye","Coffee Dripper"],"picked":"Velvet Choker"}],"items_purged_floors":[2,12],"is_endless":false,"potions_floor_spawned":[8,11,14,18,19,24],"killed_by":"Cultist and Chosen","ascension_level":20}}