{"host":"tml1x4ylw9tadh99","time":1612807504,"event":{"mods":["AchievementEnabler","Act Like it!","BaseMod","Bestiary","Colored Map","Colored Powertips","DeckTracker","Friendly Minions","GifTheSpireLib","Minty Spire (QoL Compilation)","Quick Restart","Random Character Button","Random Character Mod","Relic Stats","StSLib","Synergy Search"],"gold_per_floor":[116,66,66,141,141,141,192,192,219,247,265,277,300,311,311,412,412,430,430,430,430],"floor_reached":20,"language":"ENG","playtime":774,"items_purged":[],"score":195,"play_id":"17f62584-a21f-4d87-90d4-c14ce4d31c84","local_time":"20210208190504","is_ascension_mode":false,"campfire_choices":[{"data":"Zap","floor":6,"key":"SMITH"},{"floor":8,"key":"REST"},{"data":"Darkness","floor":15,"key":"SMITH"}],"circlet_count":0,"master_deck":["Strike_B+1","Strike_B+1","Defend_B","Defend_B","Defend_B","Defend_B","Zap+1","Scrape","Darkness+1","Self Repair","Rainbow","Go for the Eyes","Streamline","Double Energy"],"relics":["Cracked Core","NeowsBlessing","Omamori","Vajra","Whetstone","Bronze Scales","Busted Crown"],"acts_visited":["Exordium","TheCity"],"potions_floor_usage":[],"damage_taken":[{"damage":0,"enemies":"2 Louse","floor":1,"turns":1},{"damage":0,"enemies":"Lagavulin","floor":10,"turns":1},{"damage":0,"enemies":"Jaw Worm","floor":11,"turns":1},{"damage":0,"enemies":"Small Slimes","floor":12,"turns":2},{"damage":13,"enemies":"3 Louse","floor":14,"turns":2},{"damage":52,"enemies":"Hexaghost","floor":16,"turns":9},{"damage":17,"enemies":"3 Byrds","floor":18,"turns":3},{"damage":0,"enemies":"2 Thieves","floor":20,"turns":1}],"seed_played":"-8446306615540063416","potions_obtained":[{"floor":10,"key":"DuplicationPotion"},{"floor":11,"key":"BlessingOfTheForge"},{"floor":16,"key":"FocusPotion"},{"floor":18,"key":"AttackPotion"}],"is_trial":false,"path_per_floor":["M","?","$","?","?","R","T","R","T","E","M","M","T","M","R","B",null,"M","?","M"],"character_chosen":"DEFECT","items_purchased":[],"campfire_rested":1,"item_purchase_floors":[],"current_hp_per_floor":[75,75,75,64,57,57,57,75,75,75,75,75,75,62,62,17,75,65,65,65,65],"gold":430,"neow_bonus":"THREE_ENEMY_KILL","is_daily":false,"chose_seed":false,"campfire_upgraded":2,"win_rate":0.0,"timestamp":1612807504,"path_taken":["M","?","$","?","?","R","?","R","T","E","M","?","?","M","R","BOSS","M","?","M"],"items_purchased_type":[],"build_version":"2020-12-22","purchased_purges":0,"victory":false,"max_hp_per_floor":[75,75,75,75,75,75,75,75,75,75,75,75,75,75,75,75,75,75,75,75,75],"relic_stats":{"Busted Crown":2,"counters":[8,20],"Bronze Scales":[70],"Whetstone":["Strike_B","Strike_B"],"obtain_stats":[{"Busted Crown":17,"NeowsBlessing":0,"Bronze Scales":13,"Vajra":9,"Omamori":7,"Whetstone":10,"Cracked Core":0},{"Busted Crown":6,"NeowsBlessing":0,"Bronze Scales":4,"Vajra":1,"Omamori":1,"Whetstone":2,"Cracked Core":0},{"Busted Crown":16,"NeowsBlessing":0,"Bronze Scales":5,"Vajra":1,"Omamori":1,"Whetstone":2,"Cracked Core":0}]},"card_choices":[{"not_picked":["Gash","Static Discharge","Ball Lightning"],"picked":"SKIP","floor":1},{"not_picked":["Cold Snap","BootSequence"],"picked":"Scrape","floor":10},{"not_picked":["Hologram","Sweeping Beam"],"picked":"Darkness","floor":11},{"not_picked":["Skim","Redo"],"picked":"Capacitor","floor":12},{"not_picked":["Streamline","Barrage"],"picked":"Self Repair","floor":14},{"not_picked":["Amplify","Biased Cognition"],"picked":"Rainbow","floor":16},{"not_picked":[],"picked":"Go for the Eyes","floor":18}],"player_experience":21154,"relics_obtained":[{"floor":7,"key":"Omamori"},{"floor":9,"key":"Vajra"},{"floor":10,"key":"Whetstone"},{"floor":13,"key":"Bronze Scales"}],"event_choices":[{"cards_removed":["Strike_B"],"damage_healed":0,"gold_gain":0,"player_choice":"Card Removal","damage_taken":0,"max_hp_gain":0,"max_hp_loss":0,"event_name":"The Cleric","floor":2,"gold_loss":50},{"damage_healed":0,"gold_gain":75,"player_choice":"Gather Gold","damage_taken":11,"max_hp_gain":0,"max_hp_loss":0,"event_name":"World of Goop","floor":4,"gold_loss":0},{"cards_removed":["Strike_B"],"damage_healed":0,"gold_gain":0,"player_choice":"Card Removal","damage_taken":7,"max_hp_gain":0,"max_hp_loss":0,"event_name":"Golden Wing","floor":5,"gold_loss":0},{"damage_healed":0,"gold_gain":0,"cards_transformed":["Capacitor","Dualcast"],"player_choice":"Became Test Subject","damage_taken":0,"max_hp_gain":0,"max_hp_loss":0,"event_name":"Drug Dealer","floor":19,"gold_loss":0,"cards_obtained":["Streamline","Double Energy"]}],"is_beta":false,"boss_relics":[{"not_picked":["Ectoplasm","SacredBark"],"picked":"Busted Crown"}],"items_purged_floors":[],"is_endless":false,"potions_floor_spawned":[10,11,16,18],"killed_by":"2 Thieves","ascension_level":0}}