{"host":"n7gt2lywuauec2nz","time":1612762993,"event":{"mods":["100% Spire Juice","2.2 Compatiblity","Act Like it!","Aspiration","BaseMod","Better Third Choice","Colored Powertips","DeckTracker","GifTheSpireLib","Highlight Path","HololiveMod","Hubris","Infinite Spire","Minty Spire (QoL Compilation)","Quick Restart","Random Character Button","Relic Sorter","Replay The Spire","Retaliation","StSLib","Synergy Search","The IronCluck"],"gold_per_floor":[116,135,149,149,169,169,169,183,210,210,385,385,8,20,20,20,20],"floor_reached":16,"language":"ENG","playtime":1079,"items_purged":[],"score":92,"play_id":"f80aeef9-d61b-4386-9e0d-2d1b12cf924e","local_time":"20210207214313","is_ascension_mode":false,"campfire_choices":[{"data":"Moonworks:Ambush","floor":6.0,"key":"SMITH"},{"floor":10.0,"key":"REST"},{"floor":12.0,"key":"REST"}],"circlet_count":0,"master_deck":["Moonworks:Strike","Moonworks:Strike","Moonworks:Strike","Moonworks:Strike","Moonworks:Defend","Moonworks:Defend","Moonworks:Defend","Moonworks:Ambush+1","Moonworks:LongDistanceShot","Moonworks:ImOnFire","Moonworks:SakisCookie","Moonworks:SweetBattle+1","Moonworks:IntelligenceOfficer","Moonworks:NicePresent","Barricade","Moonworks:SweetBattle","Doubt","Moonworks:RocketCannon","Moonworks:BindingChains"],"relics":["Moonworks:BrokenBomb","Moonworks:Homemark","aspiration:FrozenJewel","hubris:64BitClover","hubris:Zylophone"],"acts_visited":["Exordium"],"potions_floor_usage":[],"damage_taken":[{"damage":5.0,"enemies":"Small Slimes","floor":1.0,"turns":3.0},{"damage":6.0,"enemies":"2 Louse","floor":2.0,"turns":2.0},{"damage":13.0,"enemies":"Jaw Worm","floor":3.0,"turns":3.0},{"damage":4.0,"enemies":"Exordium Thugs","floor":5.0,"turns":3.0},{"damage":4.0,"enemies":"2 Fungi Beasts","floor":8.0,"turns":4.0},{"damage":6,"enemies":"Large Slime","floor":14,"turns":5},{"damage":61,"enemies":"Slime Boss","floor":16,"turns":6}],"seed_played":"7032599790860965328","potions_obtained":[{"floor":2.0,"key":"PowerPotion"},{"floor":5.0,"key":"Weak Potion"}],"is_trial":false,"path_per_floor":["M","M","M","?","M","R","?","M","T","R","?","R","$","M","R","B"],"character_chosen":"THE_STARBREAKER","items_purchased":["Moonworks:RocketCannon","hubris:Zylophone"],"campfire_rested":2,"item_purchase_floors":[13,13],"current_hp_per_floor":[55,49,36,36,32,32,12,14,14,32,32,50,50,44,60,0,0],"gold":20,"neow_bonus":"RANDOM_EVENT","is_daily":false,"chose_seed":false,"campfire_upgraded":1,"win_rate":0.0,"timestamp":1612762993,"path_taken":["M","M","M","?","M","R","?","M","T","R","?","R","$","M","R","BOSS"],"items_purchased_type":["Card","Relic"],"build_version":"2020-12-22","purchased_purges":0,"victory":false,"max_hp_per_floor":[60,60,60,60,60,60,60,60,60,60,60,60,60,60,60,60,60],"card_choices":[{"not_picked":["Moonworks:NicePresent","Moonworks:DeployBits"],"picked":"Moonworks:SakisCookie","floor":1.0},{"not_picked":["Moonworks:EvilSpyWorkPreparation","Moonworks:BigMagnum"],"picked":"Moonworks:SweetBattle","floor":2.0},{"not_picked":["Moonworks:CookingTime","Moonworks:ImOnFire"],"picked":"Moonworks:IntelligenceOfficer","floor":3.0},{"not_picked":["Moonworks:CloudOfSeagulls","Moonworks:IndiscriminateFireSupport"],"picked":"Moonworks:NicePresent","floor":5.0},{"not_picked":["Moonworks:IndiscriminateFireSupport","Moonworks:LulusLuckyEgg"],"picked":"Moonworks:SweetBattle","floor":8.0},{"not_picked":["Moonworks:CloudOfSeagulls","Moonworks:CookingTime"],"picked":"Moonworks:BindingChains","floor":14}],"player_experience":131231,"relics_obtained":[],"event_choices":[{"damage_healed":0.0,"max_hp_gain":0.0,"max_hp_loss":0.0,"gold_gain":0.0,"cards_transformed":["Moonworks:Defend"],"event_name":"Living Wall","player_choice":"Change","floor":0.0,"gold_loss":0.0,"damage_taken":0.0,"cards_obtained":["Moonworks:ImOnFire"]},{"damage_healed":0.0,"max_hp_gain":0.0,"max_hp_loss":0.0,"gold_gain":175.0,"event_name":"betterThird:BetterSerpent","player_choice":"AGREE","floor":11.0,"gold_loss":0.0,"damage_taken":210.0}],"is_beta":false,"boss_relics":[],"items_purged_floors":[],"is_endless":false,"potions_floor_spawned":[2,5],"killed_by":"Slime Boss","ascension_level":0}}