{"host":"coame8l8goqx0svj","time":1612792606,"event":{"mods":["BaseMod","Downfall","Minty Spire (QoL Compilation)","StSLib"],"gold_per_floor":[99,119,219,219,232,42,42,42,58,68,68,95,95,95,95,95],"floor_reached":14,"language":"ENG","playtime":863,"items_purged":[],"score":154,"play_id":"0668a476-6c64-4f72-b327-0bdacadc6243","local_time":"20210208145646","is_ascension_mode":true,"campfire_choices":[{"data":"champ:Taunt","floor":1,"key":"SMITH"},{"floor":8,"key":"REST"},{"floor":13,"key":"REST"}],"circlet_count":0,"master_deck":["AscendersBane","champ:Strike","champ:Strike","champ:Strike","champ:Strike","champ:Defend","champ:Defend","champ:Defend","champ:Defend","champ:Execute","champ:Taunt+1","Panache","champ:Parry","downfall:Icky","champ:Duel","champ:SteelEdge","Mayhem","champ:IronFortress","champ:Circumvent","champ:TornadoPunch"],"relics":["champ:ChampionCrown","Omamori","champ:DuelingGlove","Gambling Chip"],"acts_visited":["Exordium"],"potions_floor_usage":[12],"damage_taken":[{"damage":11,"enemies":"2 Louse","floor":2,"turns":5},{"damage":13,"enemies":"Jaw Worm","floor":5,"turns":4},{"damage":0,"enemies":"downfall:FleeingMerchant","floor":6,"turns":4},{"damage":20,"enemies":"Cultist","floor":9,"turns":4},{"damage":31,"enemies":"2 Fungi Beasts","floor":10,"turns":4},{"damage":31,"enemies":"Gremlin Nob","floor":12,"turns":5},{"damage":30,"enemies":"Lagavulin","floor":14,"turns":3}],"seed_played":"3936984233411960689","potions_obtained":[{"floor":2,"key":"BlessingOfTheForge"}],"is_trial":false,"path_per_floor":["R","M","?","?","M","$","T","R","M","M","?","E","R","E"],"character_chosen":"THE_CHAMP","items_purchased":["Mayhem"],"campfire_rested":2,"item_purchase_floors":[6],"current_hp_per_floor":[73,62,62,57,44,44,44,68,58,37,37,6,30,0,0,0],"gold":95,"neow_bonus":"RANDOM_COLORLESS_2","is_daily":false,"chose_seed":false,"campfire_upgraded":1,"win_rate":0.0,"timestamp":1612792606,"path_taken":["R","M","?","?","M","$","T","R","M","M","?","E","R","E"],"items_purchased_type":["Card"],"build_version":"2020-12-22","purchased_purges":0,"victory":false,"max_hp_per_floor":[81,81,81,81,81,81,81,81,81,81,81,81,81,81,81,81],"card_choices":[{"not_picked":["The Bomb","Thinking Ahead"],"picked":"Panache","floor":0},{"not_picked":["champ:BladeFlurry","champ:Circumvent"],"picked":"champ:Parry","floor":2},{"not_picked":["champ:Shatter","champ:FlashCut"],"picked":"champ:Duel","floor":5},{"not_picked":["champ:PerfectedStrike","champ:ShieldSigil"],"picked":"champ:SteelEdge","floor":6},{"not_picked":["champ:BerserkerStyle","champ:CrownThrow"],"picked":"champ:IronFortress","floor":9},{"not_picked":["champ:Encircle","champ:PreciseThrust"],"picked":"champ:Circumvent","floor":10},{"not_picked":["champ:BerserkersShout","champ:RapidStrikes"],"picked":"champ:TornadoPunch","floor":12}],"player_experience":1748856,"relics_obtained":[{"floor":7,"key":"champ:DuelingGlove"},{"floor":12,"key":"Gambling Chip"}],"event_choices":[{"damage_healed":0,"gold_gain":0,"player_choice":"Success","damage_taken":5,"relics_obtained":["Omamori"],"max_hp_gain":0,"max_hp_loss":0,"event_name":"Scrap Ooze","floor":4,"gold_loss":0},{"cards_removed":["Normality"],"damage_healed":0,"gold_gain":0,"player_choice":"Forget","damage_taken":0,"max_hp_gain":0,"max_hp_loss":0,"event_name":"Living Wall","floor":11,"gold_loss":0}],"is_beta":false,"boss_relics":[],"items_purged_floors":[],"is_endless":false,"potions_floor_spawned":[2,12],"killed_by":"Lagavulin","ascension_level":15}}