{"host":"0mk07bycsqo1qk03","time":1612769394,"event":{"mods":["BaseMod","Downfall","Hermit","Hubris","Minty Spire (QoL Compilation)","Reliquary","Replay The Spire","StSLib","The Cursed"],"gold_per_floor":[15,15,15,34,48,48,82,82,82,99,99,124,138,156,156,231,231,203,223,223,323,337,337,347,171,171,205,205,222,257,257,257],"floor_reached":31,"language":"ENG","playtime":1387,"items_purged":["Looming Evil"],"score":709,"play_id":"6bca1351-a648-4af1-ab16-5bb77bc345b9","local_time":"20210208082954","is_ascension_mode":true,"campfire_choices":[{"data":"Hemokinesis","floor":6,"key":"SMITH"},{"data":"Bash","floor":8,"key":"SMITH"},{"data":"ReplayTheSpireMod:Limb From Limb","floor":11,"key":"SMITH"},{"data":"True Grit","floor":15,"key":"SMITH"},{"data":"Armaments","floor":23,"key":"SMITH"},{"data":"Dark Embrace","floor":28,"key":"SMITH"}],"circlet_count":0,"master_deck":["AscendersBane","Strike_R","Strike_R","Strike_R","Strike_R","Strike_R","Defend_R","Defend_R","Defend_R","Defend_R","Bash+1","ReplayTheSpireMod:Necrogeddon","Cleave","ReplayTheSpireMod:Limb From Limb+1","Hemokinesis+1","Evolve","ReplayTheSpireMod:Stacked","Iron Wave","Iron Wave","Armaments+1","Clothesline","True Grit+1","Warcry","Demonic Infusion","Shockwave","Intimidate+1","downfall:Haunted","downfall:Haunted","Looming Evil","Bludgeon","TheCursedMod:Dregs","Shrug It Off","hubris:NaturalOne","hubris:Compulsion","Dark Embrace+1","Havoc+1","Warcry"],"relics":["Burning Blood","Prayer Wheel","hubris:BottledRain","Garlic","Dream Catcher","Mark of Pain","hubris:Icosahedron","Darkstone Periapt","ReplayTheSpireMod:CursedCoin","Vajra","Bottled Lightning","Oddly Smooth Stone","Red Mask"],"acts_visited":["Exordium","TheCity"],"potions_floor_usage":[12,16,16,24,30],"damage_taken":[{"damage":16,"enemies":"Jaw Worm","floor":1,"turns":5},{"damage":1,"enemies":"Cultist","floor":4,"turns":3},{"damage":12,"enemies":"Small Slimes","floor":5,"turns":3},{"damage":21,"enemies":"Replay:BlueRogue","floor":7,"turns":7},{"damage":20,"enemies":"Exordium Wildlife","floor":10,"turns":7},{"damage":20,"enemies":"Lagavulin","floor":12,"turns":6},{"damage":0,"enemies":"Looter","floor":13,"turns":3},{"damage":3,"enemies":"Blue Slaver","floor":14,"turns":3},{"damage":12,"enemies":"Hexaghost","floor":16,"turns":11},{"damage":19,"enemies":"2 Thieves","floor":18,"turns":4},{"damage":15,"enemies":"Shell Parasite","floor":19,"turns":6},{"damage":20,"enemies":"Snake Plant","floor":22,"turns":5},{"damage":25,"enemies":"Snecko","floor":24,"turns":6},{"damage":46,"enemies":"Book of Stabbing","floor":27,"turns":7},{"damage":19,"enemies":"Shelled Parasite and Fungi","floor":29,"turns":3},{"damage":27,"enemies":"Masked Bandits","floor":30,"turns":6},{"damage":26,"enemies":"Centurion and Healer","floor":31,"turns":6}],"seed_played":"-6020240483582696349","potions_obtained":[{"floor":7,"key":"PowerPotion"},{"floor":10,"key":"LiquidMemories"},{"floor":12,"key":"Swift Potion"},{"floor":14,"key":"Strength Potion"},{"floor":18,"key":"SkillPotion"},{"floor":19,"key":"Explosive Potion"},{"floor":29,"key":"SteroidPotion"}],"is_trial":false,"path_per_floor":["M","?","T","M","M","R","E","R","T","M","R","E","M","M","R","B",null,"M","M","?","?","M","R","M","$","T","E","R","M","?","M"],"character_chosen":"IRONCLAD","items_purchased":["ReplayTheSpireMod:CursedCoin","Dark Embrace","Vajra"],"campfire_rested":0,"item_purchase_floors":[25,25,25],"current_hp_per_floor":[58,63,63,68,62,62,47,47,47,33,33,19,25,28,28,22,66,53,44,44,79,103,103,90,96,96,56,56,43,22,0,0],"gold":257,"neow_bonus":"RANDOM_COLORLESS_2","is_daily":false,"chose_seed":false,"campfire_upgraded":6,"win_rate":0.0,"timestamp":1612769394,"path_taken":["M","?","?","M","M","R","E","R","T","M","R","E","?","M","R","BOSS","M","M","?","?","M","R","M","$","T","E","R","M","?","?"],"items_purchased_type":["Relic","Card","Relic"],"build_version":"2020-12-22","purchased_purges":1,"victory":false,"max_hp_per_floor":[75,80,80,80,80,80,80,80,80,80,80,80,80,80,80,80,80,80,80,80,115,115,115,121,127,127,127,127,127,127,127,127],"card_choices":[{"not_picked":["Master of Strategy","Poisoned Strike"],"picked":"ReplayTheSpireMod:Necrogeddon","floor":0},{"not_picked":["Heavy Blade","Headbutt"],"picked":"Cleave","floor":1},{"not_picked":["Hemokinesis","Replay:Undeath\u0027s Touch"],"picked":"ReplayTheSpireMod:Limb From Limb","floor":4},{"not_picked":["Entrench","Massacre"],"picked":"Hemokinesis","floor":4},{"not_picked":["Heavy Blade","Entrench"],"picked":"Evolve","floor":5},{"not_picked":["Run Through","Twin Strike","Pummel"],"picked":"SKIP","floor":5},{"not_picked":["Power Through","Rampage"],"picked":"ReplayTheSpireMod:Stacked","floor":7},{"not_picked":["Thunderclap","Twin Strike"],"picked":"Iron Wave","floor":10},{"not_picked":["Wild Strike","Flex"],"picked":"Iron Wave","floor":10},{"not_picked":["Pummel","Headbutt"],"picked":"Armaments","floor":12},{"not_picked":["Armaments","ReplayTheSpireMod:Strike From Hell"],"picked":"Clothesline","floor":13},{"not_picked":["Rupture","Cleave"],"picked":"True Grit","floor":13},{"not_picked":["Flex","Twin Strike"],"picked":"Warcry","floor":14},{"not_picked":["Body Slam","Hemokinesis","Whirlwind"],"picked":"SKIP","floor":14},{"not_picked":["Brutality","Exhume"],"picked":"Demonic Infusion","floor":16},{"not_picked":["Rampage","ReplayReversal"],"picked":"Shockwave","floor":18},{"not_picked":["Cleave","Run Through+1","Evolve"],"picked":"SKIP","floor":18},{"not_picked":["Uppercut","Sword Boomerang+1"],"picked":"Intimidate+1","floor":19},{"not_picked":["hubris:ReadiedAction","ReplayReversal+1","Thunderclap+1"],"picked":"SKIP","floor":19},{"not_picked":["Disarm","Anger+1"],"picked":"Shrug It Off","floor":22},{"not_picked":["Iron Wave","Anger","Heavy Blade"],"picked":"SKIP","floor":22},{"not_picked":["Life Link","Run Through","Body Slam"],"picked":"SKIP","floor":24},{"not_picked":["Bludgeon","Anger","Clash"],"picked":"SKIP","floor":24},{"not_picked":["Shockwave","Warcry"],"picked":"Havoc+1","floor":27},{"not_picked":["Heavy Blade","ReplayTheSpireMod:Corrosion Curse"],"picked":"Warcry","floor":29},{"not_picked":["Clash","ReplayReversal+1","Twin Strike"],"picked":"SKIP","floor":29}],"player_experience":1018993,"relics_obtained":[{"floor":3,"key":"Prayer Wheel"},{"floor":7,"key":"hubris:BottledRain"},{"floor":9,"key":"Garlic"},{"floor":12,"key":"Dream Catcher"},{"floor":26,"key":"Bottled Lightning"},{"floor":27,"key":"Oddly Smooth Stone"},{"floor":30,"key":"Red Mask"}],"event_choices":[{"damage_healed":0,"gold_gain":0,"player_choice":"Donut","damage_taken":0,"max_hp_gain":5,"max_hp_loss":0,"event_name":"Big Fish","floor":2,"gold_loss":0},{"damage_healed":0,"gold_gain":0,"player_choice":"Fought Bandits","damage_taken":0,"max_hp_gain":0,"max_hp_loss":0,"event_name":"Masked Bandits","floor":30,"gold_loss":0}],"is_beta":false,"boss_relics":[{"not_picked":["Ooze Armor","hubris:Stopwatch"],"picked":"Mark of Pain"}],"items_purged_floors":[25],"is_endless":false,"potions_floor_spawned":[7,10,12,14,18,19,29],"killed_by":"Centurion and Healer","ascension_level":20}}