{"host":"zwezhz46a5cjkxff","time":1612772175,"event":{"mods":["AchievementEnabler","BaseMod","Colored Map","Colored Powertips","DeckTracker","Minty Spire (QoL Compilation)","Permanent Neow","Quick Restart","Rare Cards Sparkle","Relic Stats","StSLib","SuperFastMode"],"gold_per_floor":[14,14,14,31,44,71,83,116,116,116,136,163,183,211,211,211,211],"floor_reached":16,"language":"ENG","playtime":480,"items_purged":[],"score":145,"play_id":"994fbd2b-006d-4ea9-9341-24a348ddd646","local_time":"20210208021615","is_ascension_mode":true,"campfire_choices":[{"floor":10,"key":"REST"},{"floor":15,"key":"REST"}],"circlet_count":0,"master_deck":["Strike_B","Strike_B","Strike_B","Defend_B","Defend_B","Defend_B","Zap","Dualcast","Doom and Gloom","Seek","Steam","Loop","Coolheaded","Chill+1"],"relics":["Cracked Core","TungstenRod","Vajra","StoneCalendar","Toxic Egg 2","Nunchaku"],"acts_visited":["Exordium"],"potions_floor_usage":[12,12],"damage_taken":[{"damage":0,"enemies":"Cultist","floor":1,"turns":3},{"damage":6,"enemies":"Jaw Worm","floor":4,"turns":3},{"damage":0,"enemies":"2 Louse","floor":5,"turns":1},{"damage":12,"enemies":"Gremlin Nob","floor":6,"turns":3},{"damage":9,"enemies":"Looter","floor":7,"turns":3},{"damage":24,"enemies":"Lagavulin","floor":8,"turns":4},{"damage":9,"enemies":"2 Fungi Beasts","floor":11,"turns":3},{"damage":6,"enemies":"Gremlin Nob","floor":12,"turns":3},{"damage":10,"enemies":"Blue Slaver","floor":13,"turns":3},{"damage":15,"enemies":"3 Sentries","floor":14,"turns":4},{"damage":31,"enemies":"The Guardian","floor":16,"turns":6}],"seed_played":"-7663215859790465963","potions_obtained":[{"floor":7,"key":"Weak Potion"},{"floor":11,"key":"Energy Potion"},{"floor":14,"key":"FocusPotion"}],"is_trial":false,"path_per_floor":["M","?","?","M","M","E","M","E","T","R","M","E","M","E","R","B"],"character_chosen":"DEFECT","items_purchased":[],"campfire_rested":2,"item_purchase_floors":[],"current_hp_per_floor":[75,75,75,69,69,57,48,24,24,46,37,31,21,6,28,0,0],"gold":211,"neow_bonus":"ONE_RARE_RELIC","is_daily":false,"chose_seed":false,"campfire_upgraded":0,"win_rate":0.0,"timestamp":1612772175,"path_taken":["M","?","?","M","M","E","M","E","T","R","M","E","?","E","R","BOSS"],"items_purchased_type":[],"build_version":"2020-12-22","purchased_purges":0,"victory":false,"max_hp_per_floor":[75,75,75,75,75,75,75,75,75,75,75,75,75,75,75,75,75],"relic_stats":{"Nunchaku":[0],"counters":[11,36],"StoneCalendar":[0],"obtain_stats":[{"Nunchaku":14,"Vajra":6,"StoneCalendar":8,"Toxic Egg 2":12,"Cracked Core":0,"TungstenRod":0},{"Nunchaku":10,"Vajra":4,"StoneCalendar":6,"Toxic Egg 2":8,"Cracked Core":0,"TungstenRod":0},{"Nunchaku":30,"Vajra":10,"StoneCalendar":17,"Toxic Egg 2":23,"Cracked Core":0,"TungstenRod":0}],"TungstenRod":19},"card_choices":[{"not_picked":["Turbo","Beam Cell"],"picked":"Doom and Gloom","floor":1},{"not_picked":["Force Field","Compile Driver"],"picked":"Steam","floor":4},{"not_picked":["Sunder","Streamline"],"picked":"Loop","floor":5},{"not_picked":["Streamline","Machine Learning","Genetic Algorithm"],"picked":"SKIP","floor":6},{"not_picked":["Stack","Steam","Coolheaded"],"picked":"SKIP","floor":7},{"not_picked":["Sweeping Beam","Ball Lightning","Cold Snap"],"picked":"SKIP","floor":8},{"not_picked":["Beam Cell","Hologram"],"picked":"Coolheaded","floor":11},{"not_picked":["Cold Snap","Coolheaded+1","Multi-Cast+1"],"picked":"SKIP","floor":12},{"not_picked":["Consume+1","Cold Snap","Storm"],"picked":"SKIP","floor":13},{"not_picked":["Ball Lightning","Coolheaded+1"],"picked":"Chill+1","floor":14}],"player_experience":81701,"relics_obtained":[{"floor":6,"key":"Vajra"},{"floor":8,"key":"StoneCalendar"},{"floor":12,"key":"Toxic Egg 2"},{"floor":14,"key":"Nunchaku"}],"event_choices":[{"cards_removed":["Strike_B"],"damage_healed":0,"gold_gain":0,"player_choice":"Forget","damage_taken":0,"max_hp_gain":0,"max_hp_loss":0,"event_name":"Living Wall","floor":2,"gold_loss":0},{"damage_healed":0,"gold_gain":0,"cards_transformed":["Defend_B"],"player_choice":"Transformed","damage_taken":0,"max_hp_gain":0,"max_hp_loss":0,"event_name":"Transmorgrifier","floor":3,"gold_loss":0,"cards_obtained":["Seek"]}],"is_beta":false,"boss_relics":[],"items_purged_floors":[],"is_endless":false,"potions_floor_spawned":[7,11,14],"killed_by":"The Guardian","ascension_level":2}}