{"host":"v3qphhcqhwfpabne","time":1612760230,"event":{"mods":["100% Spire Juice","2.2 Compatiblity","BaseMod","CapriCore","KinomotoSakuraMod(ÙÊñýÜâ?)","Koishi","Marisa£¨Ùöéë¡¡Øª×âÞÞ£©","Minty Spire (QoL Compilation)","Permanent Neow","Prisma Mod","StSLib","Td1madao Mod","The Bug Knight","The Cursed","The Immortal","The Runesmith","WarShipGirlsR/??á´Ò³R mod"],"gold_per_floor":[109,30,30,30,48,83,98,125,125,135,147,125,115,115,115,213,213,226,181,181],"floor_reached":19,"language":"KOR","playtime":820,"items_purged":[],"score":202,"play_id":"4511ac5f-bd56-4f63-8109-14a138b59fbc","local_time":"20210208135710","is_ascension_mode":false,"campfire_choices":[{"floor":15,"key":"DIG"}],"circlet_count":0,"master_deck":["HollowMod:NailStrikeStart","HollowMod:NailStrikeStart","HollowMod:NailStrikeStart","HollowMod:NailStrikeStart","HollowMod:QuickDashStart","HollowMod:QuickDashStart","HollowMod:QuickDashStart+1","HollowMod:QuickDashStart+1","HollowMod:FocusHealStart","HollowMod:PogoStrike","HollowMod:CycloneSlash","HollowMod:MantisMark","HollowMod:DashSlash","HollowMod:PureVessel","HollowMod:Weaversong","Regret","HollowMod:Hiveblood","HollowMod:CloakDash"],"relics":["HollowMod:VesselMask","NeowsBlessing","Sundial","Du-Vu Doll","Question Card","Runesmith:Locket","Shovel","Potion Belt","Philosopher\u0027s Stone"],"acts_visited":["Exordium","TheCity"],"potions_floor_usage":[16,16,16,19],"damage_taken":[{"damage":0,"enemies":"Jaw Worm","floor":1,"turns":1},{"damage":0,"enemies":"Small Slimes","floor":5,"turns":1},{"damage":0,"enemies":"Gremlin Nob","floor":6,"turns":1},{"damage":1,"enemies":"Cultist","floor":7,"turns":3},{"damage":22,"enemies":"Lagavulin","floor":8,"turns":8},{"damage":1,"enemies":"3 Louse","floor":10,"turns":3},{"damage":0,"enemies":"2 Fungi Beasts","floor":11,"turns":3},{"damage":33,"enemies":"The Guardian","floor":16,"turns":8},{"damage":63,"enemies":"3 Byrds","floor":18,"turns":5},{"damage":30,"enemies":"2 Thieves","floor":19,"turns":3}],"seed_played":"4204856830386955765","potions_obtained":[{"floor":6,"key":"Strength Potion"},{"floor":10,"key":"Strength Potion"},{"floor":16,"key":"EntropicBrew"}],"is_trial":false,"path_per_floor":["M","$","?","?","M","E","M","E","T","M","M","?","?","?","R","B",null,"M","M"],"character_chosen":"THE_BUGKNIGHT","items_purchased":["HollowMod:MantisMark"],"campfire_rested":0,"item_purchase_floors":[2],"current_hp_per_floor":[75,75,60,60,60,60,65,53,53,52,52,52,52,52,52,29,75,17,0,0],"gold":181,"neow_bonus":"THREE_ENEMY_KILL","is_daily":false,"chose_seed":false,"campfire_upgraded":0,"win_rate":0.0,"timestamp":1612760230,"path_taken":["M","$","?","?","M","E","?","E","T","M","M","?","?","?","R","BOSS","M","M"],"items_purchased_type":["Card"],"build_version":"2020-12-22","purchased_purges":0,"victory":false,"max_hp_per_floor":[75,75,75,75,75,75,75,75,75,75,75,75,75,75,75,75,75,75,75,75],"card_choices":[{"not_picked":["HollowMod:WraithStrike","HollowMod:GoodIntentions"],"picked":"HollowMod:CycloneSlash","floor":1},{"not_picked":["HollowMod:InfectedCysts","HollowMod:LifebloodCocoon","HollowMod:VengefulSpirit"],"picked":"SKIP","floor":5},{"not_picked":["HollowMod:GoodIntentions","HollowMod:SharpenedNail","HollowMod:SiblingsSouls"],"picked":"SKIP","floor":6},{"not_picked":["HollowMod:SharpenedShadows","HollowMod:TaintedHusks","HollowMod:WraithStrike"],"picked":"SKIP","floor":7},{"not_picked":["HollowMod:SharpenedShadows","HollowMod:VengefulSpirit"],"picked":"HollowMod:DashSlash","floor":8},{"not_picked":["HollowMod:DreamGate","HollowMod:HeavyBlow","HollowMod:DoubleDash","HollowMod:WraithStrike"],"picked":"SKIP","floor":10},{"not_picked":["HollowMod:VengefulSpirit","HollowMod:CornifersMapStart","HollowMod:NewGlowingWomb"],"picked":"HollowMod:PureVessel","floor":11},{"not_picked":[],"picked":"HollowMod:Weaversong","floor":13},{"not_picked":["HollowMod:ElderbugsWisdom","HollowMod:MidwifesHunger","HollowMod:SoulMaster"],"picked":"HollowMod:Hiveblood","floor":16},{"not_picked":["HollowMod:SoulStrike+1","HollowMod:LifebloodCocoon","HollowMod:MonarchWings"],"picked":"HollowMod:CloakDash","floor":18}],"player_experience":103361,"relics_obtained":[{"floor":4,"key":"Sundial"},{"floor":6,"key":"Du-Vu Doll"},{"floor":8,"key":"Question Card"},{"floor":9,"key":"Runesmith:Locket"},{"floor":15,"key":"Potion Belt"}],"event_choices":[{"damage_healed":0,"gold_gain":0,"player_choice":"Entered Light","damage_taken":15,"max_hp_gain":0,"max_hp_loss":0,"event_name":"Shining Light","floor":3,"gold_loss":0,"cards_upgraded":["HollowMod:QuickDashStart","HollowMod:QuickDashStart"]},{"damage_healed":0,"gold_gain":0,"player_choice":"Relic","damage_taken":0,"max_hp_gain":0,"max_hp_loss":0,"event_name":"Wheel of Change","floor":4,"gold_loss":0},{"damage_healed":0,"gold_gain":0,"player_choice":"Left Gold","damage_taken":0,"max_hp_gain":0,"max_hp_loss":0,"event_name":"World of Goop","floor":12,"gold_loss":22},{"damage_healed":0,"gold_gain":0,"player_choice":"Box","damage_taken":0,"relics_obtained":["Shovel"],"max_hp_gain":0,"max_hp_loss":0,"event_name":"Big Fish","floor":14,"gold_loss":0,"cards_obtained":["Regret"]}],"is_beta":false,"boss_relics":[{"not_picked":["Astrolabe","Velvet Choker"],"picked":"Philosopher\u0027s Stone"}],"items_purged_floors":[],"is_endless":false,"potions_floor_spawned":[6,10,16,18],"killed_by":"2 Thieves","ascension_level":0}}