{"host":"4u4xibnmtqpdl4qa","time":1612807432,"event":{"mods":["2.2 Compatiblity","AchievementEnabler","BaseMod","Colored Map","Colored Powertips","Curses Come First","DeckTracker","Highlight Path","Minty Spire (QoL Compilation)","Quick Restart","Rare Cards Sparkle","Relic Stats","Slay-I","StSLib","SuperFastMode","Waifu the Spire"],"gold_per_floor":[114,114,135,151,176,176,176,211,211,211,229,242,44,69,69,193,193,133,149,149,163,187,187,187,187],"floor_reached":24,"language":"ENG","playtime":1257,"items_purged":["Strike_B"],"score":228,"play_id":"955fc542-f456-40d5-b600-87b9dc3cb8b6","local_time":"20210208190352","is_ascension_mode":true,"campfire_choices":[{"floor":6,"key":"REST"},{"floor":10,"key":"REST"},{"floor":15,"key":"REST"},{"data":"Glacier","floor":23,"key":"SMITH"}],"circlet_count":0,"master_deck":["Strike_B","Defend_B","Defend_B","Defend_B","Defend_B","Zap","Dualcast","Echo Form","Consume","Static Discharge","Glacier+1","FTL","Conserve Battery","Ball Lightning","Coolheaded","Core Surge","Chaos","BootSequence+1","Coolheaded+1"],"relics":["FrozenCore","Golden Idol","Pocketwatch","FossilizedHelix","MealTicket"],"acts_visited":["Exordium","TheCity"],"potions_floor_usage":[8,12,16,24],"damage_taken":[{"damage":7,"enemies":"Jaw Worm","floor":1,"turns":3},{"damage":4,"enemies":"2 Louse","floor":3,"turns":3},{"damage":1,"enemies":"Cultist","floor":4,"turns":4},{"damage":8,"enemies":"Blue Slaver","floor":5,"turns":5},{"damage":41,"enemies":"Gremlin Nob","floor":8,"turns":4},{"damage":10,"enemies":"Lots of Slimes","floor":11,"turns":5},{"damage":0,"enemies":"Exordium Thugs","floor":12,"turns":5},{"damage":0,"enemies":"2 Fungi Beasts","floor":14,"turns":4},{"damage":21,"enemies":"Hexaghost","floor":16,"turns":11},{"damage":11,"enemies":"2 Thieves","floor":18,"turns":4},{"damage":7,"enemies":"3 Byrds","floor":19,"turns":3},{"damage":0,"enemies":"Snecko","floor":21,"turns":7},{"damage":53,"enemies":"Gremlin Leader","floor":24,"turns":8}],"seed_played":"6724945241226870835","potions_obtained":[{"floor":1,"key":"EntropicBrew"},{"floor":4,"key":"EssenceOfSteel"},{"floor":5,"key":"Weak Potion"},{"floor":8,"key":"EssenceOfSteel"}],"is_trial":false,"path_per_floor":["M","?","M","M","M","R","?","E","T","R","M","M","$","M","R","B",null,"M","M","?","M","T","R","E"],"character_chosen":"DEFECT","items_purchased":["Coolheaded","GamblersBrew"],"campfire_rested":3,"item_purchase_floors":[13,13],"current_hp_per_floor":[61,44,40,39,31,51,51,10,10,30,20,20,20,20,40,19,68,57,50,50,50,50,50,0,0],"gold":187,"neow_bonus":"THREE_RARE_CARDS","is_daily":false,"chose_seed":false,"campfire_upgraded":1,"win_rate":0.0,"timestamp":1612807432,"path_taken":["M","?","M","M","M","R","?","E","T","R","M","?","$","M","R","BOSS","M","M","?","?","?","R","E"],"items_purchased_type":["Card","Potion"],"build_version":"2020-12-22","purchased_purges":1,"victory":false,"max_hp_per_floor":[68,68,68,68,68,68,68,68,68,68,68,68,68,68,68,68,68,68,68,68,68,68,68,68,68],"relic_stats":{"counters":[13,66],"Golden Idol":62,"MealTicket":0,"obtain_stats":[{"Golden Idol":2,"MealTicket":22,"Cracked Core":0,"FossilizedHelix":9,"Pocketwatch":8,"FrozenCore":17},{"Golden Idol":1,"MealTicket":12,"Cracked Core":0,"FossilizedHelix":5,"Pocketwatch":5,"FrozenCore":9},{"Golden Idol":3,"MealTicket":58,"Cracked Core":0,"FossilizedHelix":19,"Pocketwatch":19,"FrozenCore":44}],"FrozenCore":[5],"Pocketwatch":[57]},"card_choices":[{"not_picked":["All For One","Electrodynamics"],"picked":"Echo Form","floor":0},{"not_picked":["Hello World","Streamline"],"picked":"Consume","floor":1},{"not_picked":["Steam","Fusion"],"picked":"Static Discharge","floor":3},{"not_picked":["Leap","Chill"],"picked":"Glacier","floor":4},{"not_picked":["Hello World","Steam"],"picked":"FTL","floor":5},{"not_picked":["Darkness","Streamline"],"picked":"Conserve Battery","floor":8},{"not_picked":["Chill","Streamline"],"picked":"Ball Lightning","floor":11},{"not_picked":["Consume","Sweeping Beam","Storm"],"picked":"SKIP","floor":12},{"not_picked":["Stack","Steam","Streamline"],"picked":"SKIP","floor":14},{"not_picked":["Echo Form","Machine Learning"],"picked":"Core Surge","floor":16},{"not_picked":["Rebound","Compile Driver"],"picked":"Chaos","floor":18},{"not_picked":["Blizzard","Chaos"],"picked":"BootSequence+1","floor":19},{"not_picked":["Reprogram","Rebound"],"picked":"Coolheaded+1","floor":21}],"player_experience":164192,"relics_obtained":[{"floor":8,"key":"Pocketwatch"},{"floor":9,"key":"FossilizedHelix"},{"floor":22,"key":"MealTicket"}],"event_choices":[{"damage_healed":0,"gold_gain":0,"player_choice":"Take Damage","damage_taken":17,"relics_obtained":["Golden Idol"],"max_hp_gain":0,"max_hp_loss":0,"event_name":"Golden Idol","floor":2,"gold_loss":0},{"cards_removed":["Strike_B"],"damage_healed":0,"gold_gain":0,"player_choice":"Purged","damage_taken":0,"max_hp_gain":0,"max_hp_loss":0,"event_name":"Purifier","floor":7,"gold_loss":0},{"cards_removed":["Strike_B"],"damage_healed":0,"gold_gain":0,"player_choice":"Offered Basic","damage_taken":0,"max_hp_gain":0,"max_hp_loss":0,"event_name":"Bonfire Elementals","floor":20,"gold_loss":0}],"is_beta":false,"boss_relics":[{"not_picked":["Runic Dome","SacredBark"],"picked":"FrozenCore"}],"items_purged_floors":[13],"is_endless":false,"potions_floor_spawned":[1,4,5,8,14],"killed_by":"Gremlin Leader","ascension_level":3}}