{"host":"94qggqh0xz0sp6ai","time":1612818182,"event":{"mods":["100% Spire Juice","Abigail Mod","Act Like it!","BaseMod","CapriCore","Downfall","Friendly Minions","Gensokyo","Hermit","Jorbs\u0027s Wanderer Trilogy","Koishi","Marisa（霧雨　魔理沙）","Minty Spire (QoL Compilation)","Permanent Neow","Reimu（博??梦）","StSLib","The Alterego","The Construct","The Cursed","The Hierophant","The Immortal","The Marked","The Mystic","The Senshi","The Servant 0.9.4","TheBandit","Waifu the Spire"],"gold_per_floor":[115,115,131,131,152,152,112,112,112,136,2,35,51,128,128,252,252,273,273,287,31,54,77,115,115,189,189,209,209,230,246,246,365,365,385,385,236,260,81,81,117,117,117,117,130,146,171,187,187,187],"floor_reached":51,"language":"ENG","playtime":1912,"items_purged":["Pain"],"score":1054,"play_id":"40f02762-55cf-44c2-8533-acd1e50d8920","local_time":"20210208150302","is_ascension_mode":true,"campfire_choices":[{"data":"MokouMod:IgneousBlow","floor":6,"key":"SMITH"},{"data":"MokouMod:IgnitionBarrier","floor":8,"key":"SMITH"},{"data":"MokouMod:Scorch","floor":15,"key":"SMITH"},{"floor":25,"key":"REST"},{"data":"MokouMod:RisingSunBarrier","floor":27,"key":"SMITH"},{"data":"MokouMod:SearingShot","floor":29,"key":"SMITH"},{"floor":32,"key":"REST"},{"data":"MokouMod:ProfanedFlare","floor":40,"key":"SMITH"},{"data":"MokouMod:ScorchedEarth","floor":42,"key":"SMITH"},{"floor":44,"key":"REST"},{"floor":49,"key":"REST"}],"circlet_count":0,"master_deck":["MokouMod:Strike","MokouMod:Strike","MokouMod:Strike","MokouMod:Strike","MokouMod:Strike","MokouMod:Defend","MokouMod:Defend","MokouMod:Defend","MokouMod:Defend","MokouMod:HeatSpark+1","MokouMod:IndiscriminateIgnition","MokouMod:IgneousBlow+1","MokouMod:IgnitionBarrier+1","MokouMod:Stoke","MokouMod:ScorchedEarth+1","MokouMod:FlareStarter","MokouMod:Combust","MokouMod:Scorch+1","MokouMod:RadiantBlade","MokouMod:SearingShot+1","MokouMod:FlareStarter+1","MokouMod:RisingSunBarrier+1","MokouMod:ScorchingColumn","MokouMod:GuidingSmoke+1","MokouMod:InfernalWave+1","MokouMod:TemporalFireSeal+1","MokouMod:BlazingComet+1","MokouMod:ProfanedFlare+1","CurseOfTheBell","MokouMod:Scorch+1","MokouMod:Ember+1","MokouMod:Rebirth","MokouMod:BlazingComet+1","MokouMod:FlickeringFlame+1","MokouMod:TemporalFireSeal+1","Parasite","MokouMod:ResoluteFlare+1","MokouMod:SacredFire+1"],"relics":["MokouMod:PhoenixFeather","Pen Nib","Golden Idol","PaintedHorse:ReiMu","Mastiff:ReiMu","Odd Mushroom","Darkstone Periapt","theSenshi:MoonKaleidoScopeRelic","WarpedTongs","Frozen Eye","Molten Egg 2","Singing Bowl","Calling Bell","Ancient Tea Set","CrazyTorch:ReiMu","Prayer Wheel","TheAbacus","Bronze Scales","Du-Vu Doll","StrikeDummy"],"acts_visited":["Exordium","TheCity","TheBeyond"],"potions_floor_usage":[22,24,33,33,41,50,50],"damage_taken":[{"damage":2,"enemies":"2 Louse","floor":1,"turns":3},{"damage":5,"enemies":"Small Slimes","floor":3,"turns":3},{"damage":7,"enemies":"Jaw Worm","floor":5,"turns":2},{"damage":1,"enemies":"2 Fungi Beasts","floor":10,"turns":3},{"damage":1,"enemies":"The Mushroom Lair","floor":12,"turns":3},{"damage":0,"enemies":"Blue Slaver","floor":13,"turns":3},{"damage":12,"enemies":"Slime Boss","floor":16,"turns":10},{"damage":13,"enemies":"3 Byrds","floor":18,"turns":6},{"damage":11,"enemies":"Spheric Guardian","floor":20,"turns":3},{"damage":7,"enemies":"3 Cultists","floor":22,"turns":5},{"damage":16,"enemies":"Shelled Parasite and Fungi","floor":23,"turns":4},{"damage":40,"enemies":"Slavers","floor":24,"turns":5},{"damage":0,"enemies":"Cultist and Chosen","floor":28,"turns":4},{"damage":12,"enemies":"Centurion and Healer","floor":30,"turns":5},{"damage":0,"enemies":"Snecko","floor":31,"turns":4},{"damage":33,"enemies":"Collector","floor":33,"turns":9},{"damage":3,"enemies":"3 Shapes","floor":35,"turns":4},{"damage":14,"enemies":"Orb Walker","floor":38,"turns":3},{"damage":43,"enemies":"Reptomancer","floor":41,"turns":7},{"damage":19,"enemies":"Transient","floor":45,"turns":5},{"damage":0,"enemies":"Jaw Worm Horde","floor":46,"turns":3},{"damage":27,"enemies":"Writhing Mass","floor":47,"turns":6},{"damage":11,"enemies":"Sphere and 2 Shapes","floor":48,"turns":5},{"damage":98,"enemies":"Awakened One","floor":50,"turns":11}],"seed_played":"-4157906295292058027","potions_obtained":[{"floor":5,"key":"sneckomod:MuddlingPotion"},{"floor":10,"key":"Dexterity Potion"},{"floor":16,"key":"GrandPatriotsElixir:ReiMu"},{"floor":20,"key":"LiquidMemories"},{"floor":22,"key":"SkillPotion"},{"floor":31,"key":"SteroidPotion"},{"floor":33,"key":"hexamod:SoulburnPotion"},{"floor":35,"key":"Regen Potion"}],"is_trial":false,"path_per_floor":["M","?","M","?","M","R","?","R","T","M","$","?","M","T","R","B",null,"M","?","M","$","M","M","E","R","T","R","M","R","M","M","R","B",null,"M","?","$","M","$","R","E","R","T","R","M","M","M","M","R","B",null],"character_chosen":"MKU","items_purchased":["MokouMod:ScorchedEarth","MokouMod:FlareStarter","MokouMod:RisingSunBarrier","Frozen Eye","TheAbacus","MokouMod:FlickeringFlame+1","Bronze Scales"],"campfire_rested":4,"item_purchase_floors":[11,11,21,21,37,39,39],"current_hp_per_floor":[66,59,54,36,29,29,29,29,29,28,28,27,27,27,27,15,60,47,53,42,42,35,19,4,28,28,28,28,28,16,18,42,9,71,68,68,68,56,56,56,30,30,30,57,40,44,25,16,48,5],"gold":187,"neow_bonus":"UPGRADE_CARD","is_daily":false,"chose_seed":false,"campfire_upgraded":7,"win_rate":0.0,"timestamp":1612818182,"path_taken":["M","?","M","?","M","R","?","R","T","?","$","?","M","?","R","BOSS","M","?","?","$","?","M","E","R","T","R","M","R","M","M","R","BOSS","M","?","$","M","$","R","E","R","T","R","M","M","?","?","R","BOSS"],"items_purchased_type":["Card","Card","Card","Relic","Relic","Card","Relic"],"build_version":"2020-12-22","purchased_purges":1,"victory":true,"max_hp_per_floor":[75,75,75,75,75,75,75,75,75,75,75,75,75,75,75,75,75,75,81,81,81,81,81,81,81,81,81,81,81,81,83,83,83,89,89,89,89,91,91,91,93,93,93,93,95,99,107,109,109,109],"card_choices":[{"not_picked":["MokouMod:FlickeringFlame","MokouMod:Singe"],"picked":"MokouMod:IndiscriminateIgnition","floor":1},{"not_picked":["MokouMod:Overheat","MokouMod:Sear"],"picked":"MokouMod:IgneousBlow","floor":3},{"not_picked":["MokouMod:Singe","MokouMod:EternalBurstReactor"],"picked":"MokouMod:IgnitionBarrier","floor":5},{"not_picked":["MokouMod:FlareStarter","MokouMod:TemporalFireSeal"],"picked":"MokouMod:Stoke","floor":10},{"not_picked":["MokouMod:SacredFire","MokouMod:Ember"],"picked":"MokouMod:Combust","floor":12},{"not_picked":["MokouMod:RetainTemperature","MokouMod:InfernalWave"],"picked":"MokouMod:Scorch","floor":13},{"not_picked":["MokouMod:Rebirth","MokouMod:SpontaneousHumanCombustion"],"picked":"MokouMod:RadiantBlade","floor":16},{"not_picked":["MokouMod:HeatCyclone","MokouMod:Fireball"],"picked":"MokouMod:SearingShot","floor":18},{"not_picked":["MokouMod:SubterraneanCore","MokouMod:AdaptivePyromancy"],"picked":"MokouMod:FlareStarter+1","floor":20},{"not_picked":["MokouMod:EternalBurstReactor","MokouMod:GuidingSmoke"],"picked":"MokouMod:ScorchingColumn","floor":22},{"not_picked":["MokouMod:ThermalPressure","MokouMod:ScorchedEarth"],"picked":"MokouMod:GuidingSmoke+1","floor":23},{"not_picked":["MokouMod:Scorch+1","MokouMod:Meltdown"],"picked":"MokouMod:InfernalWave+1","floor":24},{"not_picked":["MokouMod:Firecracker+1","MokouMod:HeartofFire"],"picked":"MokouMod:TemporalFireSeal+1","floor":28},{"not_picked":["MokouMod:IgnitionBarrier","MokouMod:ResoluteFlare+1"],"picked":"MokouMod:BlazingComet+1","floor":30},{"not_picked":["MokouMod:FujiyamaVolcano+1","MokouMod:Sear","MokouMod:HeatCyclone"],"picked":"Singing Bowl","floor":31},{"not_picked":["MokouMod:EnchantingBambooForest","MokouMod:BurningHiddenBullet+1"],"picked":"MokouMod:ProfanedFlare","floor":33},{"not_picked":["MokouMod:DanceofFlames","MokouMod:FlamingFireTalons+1"],"picked":"MokouMod:Scorch+1","floor":35},{"not_picked":["MokouMod:Sear+1","MokouMod:Overheat"],"picked":"MokouMod:Ember+1","floor":35},{"not_picked":["MokouMod:Rebirth","MokouMod:Sear+1","MokouMod:AdaptivePyromancy+1"],"picked":"Singing Bowl","floor":38},{"not_picked":["MokouMod:IllusoryBattlefield+1","MokouMod:Rekindle"],"picked":"MokouMod:BlazingComet+1","floor":38},{"not_picked":["MokouMod:Rebirth","MokouMod:Stoke","MokouMod:HeatFactory+1"],"picked":"Singing Bowl","floor":41},{"not_picked":["MokouMod:Firecracker+1","MokouMod:Rekindle"],"picked":"MokouMod:TemporalFireSeal+1","floor":45},{"not_picked":["MokouMod:UncontrollableSolarReaction+1","MokouMod:BlazingComet+1","MokouMod:RoaringFlare+1"],"picked":"Singing Bowl","floor":45},{"not_picked":["MokouMod:Firecracker","MokouMod:Stoke","MokouMod:RoaringFlare+1"],"picked":"Singing Bowl","floor":46},{"not_picked":["MokouMod:Afterburner","MokouMod:IgnitionBarrier","MokouMod:Ember+1"],"picked":"Singing Bowl","floor":46},{"not_picked":["MokouMod:Ember+1","MokouMod:BurningDraft+1"],"picked":"MokouMod:ResoluteFlare+1","floor":47},{"not_picked":["MokouMod:BlazingComet+1","MokouMod:ScorchingColumn+1","MokouMod:AdaptivePyromancy+1"],"picked":"Singing Bowl","floor":47},{"not_picked":["MokouMod:UncontrollableSolarReaction+1","MokouMod:FusionFlare+1","MokouMod:Singe+1"],"picked":"Singing Bowl","floor":48},{"not_picked":["MokouMod:BlazingComet+1","MokouMod:SearingShot+1"],"picked":"MokouMod:SacredFire+1","floor":48}],"player_experience":1531114,"relics_obtained":[{"floor":9,"key":"Mastiff:ReiMu"},{"floor":12,"key":"Odd Mushroom"},{"floor":14,"key":"Darkstone Periapt"},{"floor":24,"key":"Molten Egg 2"},{"floor":26,"key":"Singing Bowl"},{"floor":34,"key":"Ancient Tea Set"},{"floor":34,"key":"CrazyTorch:ReiMu"},{"floor":34,"key":"Prayer Wheel"},{"floor":41,"key":"Du-Vu Doll"},{"floor":43,"key":"StrikeDummy"}],"event_choices":[{"damage_healed":0,"gold_gain":0,"player_choice":"Success","damage_taken":7,"relics_obtained":["Pen Nib"],"max_hp_gain":0,"max_hp_loss":0,"event_name":"Scrap Ooze","floor":2,"gold_loss":0},{"damage_healed":0,"gold_gain":0,"player_choice":"Take Damage","damage_taken":18,"relics_obtained":["Golden Idol"],"max_hp_gain":0,"max_hp_loss":0,"event_name":"Golden Idol","floor":4,"gold_loss":0},{"damage_healed":0,"gold_gain":0,"player_choice":"Donate","damage_taken":0,"relics_obtained":["PaintedHorse:ReiMu"],"max_hp_gain":0,"max_hp_loss":0,"event_name":"yidonshenshe","floor":7,"gold_loss":40},{"damage_healed":0,"gold_gain":0,"player_choice":"Fought Mushrooms","damage_taken":0,"max_hp_gain":0,"max_hp_loss":0,"event_name":"Mushrooms","floor":12,"gold_loss":0},{"damage_healed":0,"gold_gain":0,"player_choice":"Rummage","damage_taken":0,"relics_obtained":["WarpedTongs"],"max_hp_gain":0,"max_hp_loss":0,"event_name":"Accursed Blacksmith","floor":19,"gold_loss":0,"cards_obtained":["Pain"]},{"damage_healed":0,"gold_gain":0,"player_choice":"1 cards matched","damage_taken":0,"max_hp_gain":0,"max_hp_loss":0,"event_name":"Match and Keep!","floor":36,"gold_loss":0,"cards_obtained":["MokouMod:Rebirth"]}],"is_beta":false,"boss_relics":[{"not_picked":["Runic Pyramid","Fusion Hammer"],"picked":"theSenshi:MoonKaleidoScopeRelic"},{"not_picked":["Empty Cage","SlaversCollar"],"picked":"Calling Bell"}],"items_purged_floors":[21],"is_endless":false,"potions_floor_spawned":[5,10,16,20,22,23,31,33,35,38],"ascension_level":9}}