{"host":"0ssbae92yp6998o9","time":1612789677,"event":{"mods":["ATMod(°¢èªMod)","BaseMod","Marisa£¨ìFÓê¡¡Ä§ÀíÉ³£©","Minty Spire (QoL Compilation)","READ ME - Guardian Mod","Shop Mod","Spicy Shops","StSLib","Waifu the Spire"],"gold_per_floor":[114,114,114,134,59,102,102,123,149,164,180,214,214,114,114,235,235,259,174,187,138,156,192,215,233,260,293,392,432,432,557,557,682,682,695,709,278,301,319,319,354,370,370,370,410,410,444,469,469,469,469,469,65,106,106],"floor_reached":56,"language":"ZHT","playtime":3210,"items_purged":["Strike_B","Strike_B","Strike_B","Strike_B","Defend_B"],"score":1463,"play_id":"f00bc9ba-19ed-411c-8e05-bfd418ae1f8f","local_time":"20210208210757","is_ascension_mode":true,"campfire_choices":[{"data":"Dualcast","floor":7.0,"key":"SMITH"},{"data":"Turbo","floor":15.0,"key":"SMITH"},{"data":"Biased Cognition","floor":30.0,"key":"SMITH"},{"data":"Defragment","floor":32.0,"key":"SMITH"},{"data":"AT_RightCognition","floor":40.0,"key":"SMITH"},{"data":"Seek","floor":46.0,"key":"SMITH"},{"floor":49.0,"key":"RECALL"},{"data":"Amplify","floor":52.0,"key":"SMITH"}],"circlet_count":0,"master_deck":["Defend_B","Defend_B","Defend_B","Zap","Dualcast+1","AT_StudyProgram","Hologram","Streamline","AT_StudyProgram","Core Surge+1","Turbo+1","FTL+1","Echo Form+1","Rainbow","AT_DarkMatter","Genetic Algorithm+1","Loop","AT_ThreeBodyProblem","Amplify+1","Cold Snap","Self Repair","Defragment+1","Biased Cognition+1","Defragment+1","AT_RightCognition+1","Coolheaded","Coolheaded","Loop","Skim+1","Coolheaded+1","Seek+1","BootSequence","Buffer","Storm"],"relics":["Cracked Core","AT_ATBox","NeowsBlessing","Golden Idol","Vajra","Strawberry","Cables","AT_TrinityForce","AT_SunfireAegis","Prayer Wheel","Pen Nib","Omamori","Gambling Chip","Du-Vu Doll","Letter Opener","Cursed Key","Happy Flower","Whetstone","Potion Belt","Symbiotic Virus","Juzu Bracelet","AT_EbonyIvory","MerchantsRug","Eternal Feather"],"acts_visited":["Exordium","TheCity","TheBeyond","TheEnding"],"potions_floor_usage":[55,55,55],"damage_taken":[{"damage":0.0,"enemies":"2 Louse","floor":1.0,"turns":1.0},{"damage":0.0,"enemies":"Jaw Worm","floor":4.0,"turns":1.0},{"damage":0.0,"enemies":"Gremlin Nob","floor":6.0,"turns":1.0},{"damage":1.0,"enemies":"Cultist","floor":8.0,"turns":3.0},{"damage":2.0,"enemies":"2 Fungi Beasts","floor":10.0,"turns":3.0},{"damage":9.0,"enemies":"Looter","floor":11.0,"turns":3.0},{"damage":4.0,"enemies":"3 Sentries","floor":12.0,"turns":5.0},{"damage":27.0,"enemies":"The Guardian","floor":16.0,"turns":9.0},{"damage":2.0,"enemies":"Chosen","floor":18.0,"turns":3.0},{"damage":0.0,"enemies":"2 Thieves","floor":20.0,"turns":3.0},{"damage":0.0,"enemies":"3 Cultists","floor":22.0,"turns":3.0},{"damage":9.0,"enemies":"Book of Stabbing","floor":23.0,"turns":3.0},{"damage":18.0,"enemies":"Snecko","floor":24.0,"turns":4.0},{"damage":13.0,"enemies":"Centurion and Healer","floor":25.0,"turns":3.0},{"damage":4.0,"enemies":"Gremlin Leader","floor":27.0,"turns":6.0},{"damage":21.0,"enemies":"Book of Stabbing","floor":29.0,"turns":4.0},{"damage":0.0,"enemies":"Colosseum Slavers","floor":31.0,"turns":3.0},{"damage":2.0,"enemies":"Colosseum Nobs","floor":31.0,"turns":4.0},{"damage":20.0,"enemies":"Collector","floor":33.0,"turns":6.0},{"damage":0.0,"enemies":"Orb Walker","floor":35.0,"turns":2.0},{"damage":0.0,"enemies":"3 Shapes","floor":36.0,"turns":3.0},{"damage":2.0,"enemies":"3 Darklings","floor":38.0,"turns":4.0},{"damage":0.0,"enemies":"Transient","floor":39.0,"turns":5.0},{"damage":40.0,"enemies":"Nemesis","floor":41.0,"turns":5.0},{"damage":6.0,"enemies":"Writhing Mass","floor":42.0,"turns":4.0},{"damage":0.0,"enemies":"Giant Head","floor":45.0,"turns":5.0},{"damage":7.0,"enemies":"Reptomancer","floor":47.0,"turns":4.0},{"damage":0.0,"enemies":"Maw","floor":48.0,"turns":5.0},{"damage":5.0,"enemies":"Time Eater","floor":50.0,"turns":8.0},{"damage":39.0,"enemies":"Shield and Spear","floor":54.0,"turns":3.0},{"damage":20,"enemies":"The Heart","floor":55,"turns":5}],"seed_played":"2948967152712298079","potions_obtained":[{"floor":6.0,"key":"FocusPotion"},{"floor":8.0,"key":"AttackPotion"},{"floor":10.0,"key":"PotionOfCapacity"},{"floor":18.0,"key":"LiquidMemories"},{"floor":31.0,"key":"GamblersBrew"},{"floor":45.0,"key":"SkillPotion"}],"is_trial":false,"path_per_floor":["M","?","?","M","$","E","R","M","T","M","M","E","?","$","R","B",null,"M","?","M","$","M","E","M","M","T","E","?","E","R","?","R","B",null,"M","M","$","M","M","R","E","M","T","?","E","R","E","M","R","B",null,"R","$","E","B",null],"character_chosen":"DEFECT","items_purchased":["FocusPotion","Happy Flower","AT_EbonyIvory","MerchantsRug"],"campfire_rested":0,"item_purchase_floors":[21,37,53,53],"current_hp_per_floor":[75,69,57,57,57,64,64,63,63,61,52,48,48,48,48,21,76,74,74,74,74,74,65,47,34,34,44,44,37,37,42,42,22,76,76,76,76,74,74,74,34,35,35,54,61,61,54,61,61,70,76,76,76,44,24],"gold":106,"neow_bonus":"THREE_ENEMY_KILL","is_daily":false,"chose_seed":false,"campfire_upgraded":7,"win_rate":0.0,"timestamp":1612789677,"path_taken":["M","?","?","M","?","E","R","M","T","?","M","E","?","$","R","BOSS","M","?","M","$","M","E","M","M","T","E","?","E","R","?","R","BOSS","M","M","$","M","M","R","E","M","T","?","E","R","E","M","R","BOSS","R","$","E","BOSS"],"items_purchased_type":["Potion","Relic","Relic","Relic"],"build_version":"2020-12-22","purchased_purges":5,"victory":true,"max_hp_per_floor":[75,69,69,69,69,76,76,76,76,76,76,76,76,76,76,76,76,76,76,76,76,76,76,76,76,76,76,76,76,76,76,76,76,76,76,76,76,76,76,76,76,76,76,76,76,76,76,76,76,76,76,76,76,76,76],"card_choices":[{"not_picked":["Streamline","Sweeping Beam"],"picked":"Hologram","floor":1.0},{"not_picked":["Sweeping Beam","AT_ThreeBodyProblem"],"picked":"Streamline","floor":4.0},{"not_picked":["AT_WarpDrive","Consume"],"picked":"AT_StudyProgram","floor":6.0},{"not_picked":["Rebound","Leap"],"picked":"Core Surge","floor":8.0},{"not_picked":["Stack","Static Discharge"],"picked":"Turbo","floor":10.0},{"not_picked":["Redo","Ball Lightning"],"picked":"FTL","floor":11.0},{"not_picked":["Chaos","Chill"],"picked":"Echo Form","floor":12.0},{"not_picked":["All For One","Core Surge"],"picked":"Rainbow","floor":16.0},{"not_picked":["Leap","Redo"],"picked":"AT_DarkMatter","floor":18.0},{"not_picked":["Reprogram+1","Reinforced Body"],"picked":"Genetic Algorithm+1","floor":20.0},{"not_picked":["Ball Lightning+1","Cold Snap"],"picked":"Loop","floor":22.0},{"not_picked":["Sweeping Beam","Undo"],"picked":"AT_ThreeBodyProblem","floor":23.0},{"not_picked":["AT_HeatAcrobatics","Conserve Battery+1"],"picked":"Amplify","floor":24.0},{"not_picked":["Ball Lightning","Leap+1"],"picked":"Cold Snap","floor":24.0},{"not_picked":["Rip and Tear","Gash"],"picked":"Self Repair","floor":25.0},{"not_picked":["AT_RobotInSpace","Rebound"],"picked":"Defragment","floor":25.0},{"not_picked":["Go for the Eyes","Genetic Algorithm","Cold Snap"],"picked":"SKIP","floor":27.0},{"not_picked":["Loop","Go for the Eyes"],"picked":"Biased Cognition","floor":29.0},{"not_picked":["FTL+1","Darkness+1"],"picked":"Defragment+1","floor":31.0},{"not_picked":["Biased Cognition","Echo Form"],"picked":"AT_RightCognition","floor":33.0},{"not_picked":["Steam","Beam Cell+1"],"picked":"Coolheaded","floor":35.0},{"not_picked":["Self Repair","Barrage","Cold Snap+1"],"picked":"SKIP","floor":35.0},{"not_picked":["Sunder","AT_ThunderBolt"],"picked":"Coolheaded","floor":36.0},{"not_picked":["Compile Driver","Rip and Tear"],"picked":"Loop","floor":36.0},{"not_picked":["Sweeping Beam","Turbo"],"picked":"Skim+1","floor":38.0},{"not_picked":["Go for the Eyes+1","Steam Power","Stack"],"picked":"SKIP","floor":38.0},{"not_picked":["Streamline+1","AT_WarpDrive+1","Sweeping Beam"],"picked":"SKIP","floor":39.0},{"not_picked":["Steam+1","Darkness","Leap+1"],"picked":"SKIP","floor":39.0},{"not_picked":["AT_ThunderBolt","Doom and Gloom+1"],"picked":"Coolheaded+1","floor":41.0},{"not_picked":["Steam","Hologram+1"],"picked":"Seek","floor":42.0},{"not_picked":["BootSequence","Scrape+1","Coolheaded"],"picked":"SKIP","floor":42.0},{"not_picked":["Scrape+1","Coolheaded"],"picked":"BootSequence","floor":42.0},{"not_picked":["Coolheaded+1","Gash","Tempest+1"],"picked":"SKIP","floor":45.0},{"not_picked":["Go for the Eyes+1","AT_WaterDrop"],"picked":"Buffer","floor":47.0},{"not_picked":["Conserve Battery+1","Tempest+1","Gash"],"picked":"SKIP","floor":48.0},{"not_picked":["Static Discharge","Sweeping Beam+1","Glacier"],"picked":"SKIP","floor":48.0},{"not_picked":["Rebound+1","Leap"],"picked":"Storm","floor":54.0}],"player_experience":264056,"relics_obtained":[{"floor":6.0,"key":"Strawberry"},{"floor":12.0,"key":"Cables"},{"floor":23.0,"key":"Prayer Wheel"},{"floor":26.0,"key":"Pen Nib"},{"floor":27.0,"key":"Omamori"},{"floor":29.0,"key":"Gambling Chip"},{"floor":31.0,"key":"Du-Vu Doll"},{"floor":31.0,"key":"Letter Opener"},{"floor":41.0,"key":"Whetstone"},{"floor":43.0,"key":"Potion Belt"},{"floor":45.0,"key":"Symbiotic Virus"},{"floor":47.0,"key":"Juzu Bracelet"},{"floor":54.0,"key":"Eternal Feather"}],"event_choices":[{"damage_healed":0.0,"max_hp_gain":0.0,"max_hp_loss":6.0,"gold_gain":0.0,"event_name":"Golden Idol","player_choice":"Lose Max HP","floor":2.0,"gold_loss":0.0,"damage_taken":0.0,"relics_obtained":["Golden Idol"]},{"damage_healed":0.0,"max_hp_gain":0.0,"max_hp_loss":0.0,"gold_gain":0.0,"event_name":"Scrap Ooze","player_choice":"Success","floor":3.0,"gold_loss":0.0,"damage_taken":12.0,"relics_obtained":["Vajra"]},{"damage_healed":0.0,"max_hp_gain":0.0,"max_hp_loss":0.0,"gold_gain":0.0,"event_name":"Living Wall","player_choice":"Grow","floor":13.0,"gold_loss":0.0,"damage_taken":0.0,"cards_upgraded":["Echo Form"]},{"damage_healed":0.0,"max_hp_gain":0.0,"max_hp_loss":0.0,"gold_gain":0.0,"event_name":"Addict","player_choice":"Obtained Relic","floor":19.0,"gold_loss":85.0,"damage_taken":0.0,"relics_obtained":["AT_SunfireAegis"]},{"damage_healed":0.0,"max_hp_gain":0.0,"max_hp_loss":0.0,"gold_gain":99.0,"event_name":"Nest","player_choice":"Stole From Cult","floor":28.0,"gold_loss":0.0,"damage_taken":0.0},{"damage_healed":0.0,"max_hp_gain":0.0,"max_hp_loss":0.0,"gold_gain":0.0,"event_name":"Colosseum","player_choice":"Fight","floor":31.0,"gold_loss":0.0,"damage_taken":0.0},{"damage_healed":0.0,"max_hp_gain":0.0,"max_hp_loss":0.0,"gold_gain":0.0,"event_name":"Colosseum","player_choice":"Fought Nobs","floor":31.0,"gold_loss":0.0,"damage_taken":0.0},{"damage_healed":19.0,"max_hp_gain":0.0,"max_hp_loss":0.0,"gold_gain":0.0,"event_name":"Winding Halls","player_choice":"Writhe","floor":44.0,"gold_loss":0.0,"damage_taken":0.0,"cards_obtained":["Writhe"]}],"is_beta":false,"boss_relics":[{"not_picked":["Ectoplasm","Pandora\u0027s Box"],"picked":"AT_TrinityForce"},{"not_picked":["Runic Dome","AT_MortalBlade"],"picked":"Cursed Key"}],"items_purged_floors":[5,14,37,37,53],"is_endless":false,"potions_floor_spawned":[6,8,10,11,18,22,27,31,31,36,38,39,45],"ascension_level":2}}