{"host":"3j2m8n0ywf988fwb","time":1612765424,"event":{"mods":["2.2 Compatiblity","AchievementEnabler","Act Like it!","Aspiration","Astrologer","BaseMod","Better Altar","Better Match","Better Note","Better Sensory Stone","Better Skull","Better Third Choice","CCEM2","ChefMod","Colored Map","Colored Powertips","Conspire","Dark Map","Energized Spire","GifTheSpireLib","Halation","Hallownest","Highlight Path","Hubris","Infinite Spire","Jedi Mod","Marisa????????","Marked Mod","Mimic Mod","Minty Spire (QoL Compilation)","Monster B Gone","Random Character Button","Relic Filter Mod","Relic Stats","Reliquary","Replay The Spire","Robot Space Explorer","Shade Mod","Shop Mod","Somnambulant","StS++","StSLib","Stuff the Spire","The Bug Knight","The Elementalist","The Hierophant","The Runesmith","TheBandit","TheFirefly","Unceasing Turn Reminder","Weighted Paths","everything is the same but u backflip on backflip"],"gold_per_floor":[119,135,30,30,50,50,62,62,62,62,62,75,100,120,120,218,218,232,232,69,58,58,58],"floor_reached":22,"language":"ENG","playtime":948,"items_purged":[],"score":283,"play_id":"61f3ce39-f284-4d4b-9061-ffd8d6f17ae6","local_time":"20210208002344","is_ascension_mode":true,"campfire_choices":[{"data":"White Noise","floor":6,"key":"SMITH"},{"data":"jedi:hex","floor":10,"key":"SMITH"},{"data":"StSpp:Igniter","floor":15,"key":"SMITH"}],"circlet_count":0,"master_deck":["Strike_B","Strike_B","Strike_B","Strike_B","Defend_B","Defend_B","Defend_B","Defend_B","Zap+1","Dualcast","Parasite","Biased Cognition","jedi:BurstLightning","White Noise+1","Coolheaded+1","FIFO Queue","jedi:hex+1","Storm","StuffTheSpire:CuriosityCurse","aspiration:Polymerization","Coolheaded","StSpp:Igniter+1","jedi:gatheringstorm","Barrage","Defragment","Cold Snap","Consume","Tempest"],"relics":["Cracked Core","halation:EternalFortune","infinitespire:Eraser","CCEMRelics:OrganicArmor","reliquary:PrincelyHelmet","aspiration:Stellarator","FaceOfCleric"],"acts_visited":["Exordium","TheCity"],"potions_floor_usage":[],"damage_taken":[{"damage":18,"enemies":"infinitespire:Voidling","floor":1,"turns":4},{"damage":0,"enemies":"Small Slimes","floor":2,"turns":3},{"damage":1,"enemies":"Cultist","floor":5,"turns":3},{"damage":0,"enemies":"3 Louse","floor":7,"turns":2},{"damage":2,"enemies":"2 Fungi Beasts","floor":12,"turns":4},{"damage":14,"enemies":"HollowMod:MossKnight","floor":13,"turns":4},{"damage":4,"enemies":"Red Slaver","floor":14,"turns":3},{"damage":0,"enemies":"The Guardian","floor":16,"turns":5},{"damage":13,"enemies":"Shell Parasite","floor":18,"turns":4},{"damage":15,"enemies":"2 Thieves","floor":21,"turns":4},{"damage":64,"enemies":"3 Cultists","floor":22,"turns":5}],"seed_played":"2598483887966136455","potions_obtained":[{"floor":2,"key":"SmokeBomb"},{"floor":12,"key":"GamblersBrew"},{"floor":13,"key":"StSpp:ScatteredWeakPotion"}],"is_trial":false,"path_per_floor":["M","M","$","?","M","R","M","?","T","R","?","M","E","M","R","B",null,"M","?","$","M","M"],"character_chosen":"DEFECT","items_purchased":["Coolheaded+1","FIFO Queue","Defragment","Cold Snap","Consume"],"campfire_rested":0,"item_purchase_floors":[3,3,20,20,20],"current_hp_per_floor":[66,66,66,69,71,71,71,71,71,71,71,69,55,51,51,51,81,68,68,68,54,0,0],"gold":58,"neow_bonus":"THREE_RARE_CARDS","is_daily":false,"chose_seed":false,"campfire_upgraded":3,"win_rate":0.0,"timestamp":1612765424,"path_taken":["M","?","$","?","M","R","M","?","T","R","?","?","E","M","R","BOSS","M","?","$","?","M"],"items_purchased_type":["Card","Card","Card","Card","Card"],"build_version":"2020-12-22","purchased_purges":0,"victory":false,"max_hp_per_floor":[75,75,75,78,81,81,81,81,81,81,81,81,81,81,81,81,81,81,81,81,82,82,82],"relic_stats":{"FaceOfCleric":1,"counters":[11,41],"obtain_stats":[{"FaceOfCleric":19,"reliquary:PrincelyHelmet":13,"aspiration:Stellarator":17,"halation:EternalFortune":4,"infinitespire:Eraser":8,"Cracked Core":0,"CCEMRelics:OrganicArmor":9},{"FaceOfCleric":9,"reliquary:PrincelyHelmet":6,"aspiration:Stellarator":8,"halation:EternalFortune":2,"infinitespire:Eraser":4,"Cracked Core":0,"CCEMRelics:OrganicArmor":4},{"FaceOfCleric":32,"reliquary:PrincelyHelmet":20,"aspiration:Stellarator":28,"halation:EternalFortune":7,"infinitespire:Eraser":12,"Cracked Core":0,"CCEMRelics:OrganicArmor":12}]},"card_choices":[{"not_picked":["StSpp:CopyPaste","StSpp:MemoryLeak"],"picked":"Biased Cognition","floor":0},{"not_picked":["Hologram","StuffTheSpire:Plugnplay"],"picked":"jedi:BurstLightning","floor":1},{"not_picked":["StSpp:TargetLocked","Rebound"],"picked":"White Noise","floor":2},{"not_picked":["Steam","StuffTheSpire:Plugnplay"],"picked":"jedi:hex","floor":5},{"not_picked":["Recycle","Hologram"],"picked":"Storm","floor":7},{"not_picked":["Hologram","Meteor Strike"],"picked":"aspiration:Polymerization","floor":12},{"not_picked":["ReplayGash","Redo"],"picked":"Coolheaded","floor":13},{"not_picked":["Leap","Compile Driver"],"picked":"StSpp:Igniter","floor":14},{"not_picked":["StuffTheSpire:LaunchingStrike","Mirror Shield"],"picked":"jedi:gatheringstorm","floor":16},{"not_picked":["ReplayTheSpireMod:GoodbyeWorld+1","StuffTheSpire:LoadUp"],"picked":"Barrage","floor":18},{"not_picked":["Static Discharge","jedi:BurstFrost"],"picked":"Tempest","floor":21}],"player_experience":1082412,"relics_obtained":[{"floor":5,"key":"halation:EternalFortune"},{"floor":9,"key":"CCEMRelics:OrganicArmor"},{"floor":13,"key":"reliquary:PrincelyHelmet"}],"event_choices":[{"damage_healed":0,"gold_gain":0,"player_choice":"Forge","damage_taken":0,"max_hp_gain":0,"max_hp_loss":0,"event_name":"Accursed Blacksmith","floor":11,"gold_loss":0,"cards_upgraded":["Zap"]},{"damage_healed":0,"gold_gain":0,"player_choice":"Trade","damage_taken":0,"relics_obtained":["FaceOfCleric"],"max_hp_gain":0,"max_hp_loss":0,"event_name":"FaceTrader","floor":19,"gold_loss":0}],"is_beta":false,"boss_relics":[{"not_picked":["Sozu","conspire:RunicOctahedron"],"picked":"aspiration:Stellarator"}],"items_purged_floors":[],"is_endless":false,"potions_floor_spawned":[2,12,13,16],"killed_by":"3 Cultists","ascension_level":4}}