{"host":"ml2ro5l6hu6y0pll","time":1612744181,"event":{"mods":["AchievementEnabler","BaseMod","Colored Map","Colored Powertips","Custom Start","Downfall","Googly Eyes","Minty Spire (QoL Compilation)","Quick Restart","Rare Cards Sparkle","Relic Stats","StSLib","everything is the same but u backflip on backflip"],"gold_per_floor":[115,131,131,142,142,176,194,194,219,238,249,249,88,121,121,200,200,214,225,244,260,280,315,315,328,328,359,359,18,49,49,49,120,120,130,144,160,160,160,186,203,223,223,236,236,236],"floor_reached":45,"language":"ENG","playtime":2447,"items_purged":["Strike_P"],"score":1342,"play_id":"e28da509-0f2e-4233-aedc-e7838fa9a0da","local_time":"20210208002941","is_ascension_mode":true,"campfire_choices":[{"data":"Wallop","floor":8.0,"key":"SMITH"},{"data":"MentalFortress","floor":12.0,"key":"SMITH"},{"data":"Nirvana","floor":15,"key":"SMITH"},{"floor":24,"key":"REST"},{"data":"Wish","floor":32,"key":"SMITH"}],"circlet_count":0,"master_deck":["MentalFortress+1","Protect","Defend_P","Vigilance","Wallop+1","FearNoEvil","Tantrum","Weave","CutThroughFate","Consecrate","Eruption","CutThroughFate","Nirvana+1","ReachHeaven","Adaptation","Omniscience","Consecrate","JustLucky","ClearTheMind+1","Weave+1","Wallop+1","Wish+1","Vault","ThirdEye","EmptyFist","ThirdEye+1","JustLucky"],"relics":["PureWater","Ice Cream","Kunai","Shuriken","Potion Belt","Anchor","Ornamental Fan","VioletLotus","Yang","HornCleat","Orichalcum","Incense Burner","Torii","SlaversCollar","Toxic Egg 2","Whetstone"],"acts_visited":["Exordium","TheCity","TheBeyond"],"potions_floor_usage":[21,23,35,35,36,36,36,36,36,36,45],"damage_taken":[{"damage":2.0,"enemies":"Jaw Worm","floor":1.0,"turns":2.0},{"damage":0.0,"enemies":"Small Slimes","floor":2.0,"turns":2.0},{"damage":0.0,"enemies":"Cultist","floor":4.0,"turns":2.0},{"damage":0.0,"enemies":"Gremlin Nob","floor":6.0,"turns":3.0},{"damage":0.0,"enemies":"Lots of Slimes","floor":7.0,"turns":2.0},{"damage":0.0,"enemies":"3 Louse","floor":10.0,"turns":2.0},{"damage":11.0,"enemies":"Exordium Thugs","floor":11.0,"turns":3.0},{"damage":0,"enemies":"3 Sentries","floor":14,"turns":4},{"damage":27,"enemies":"The Guardian","floor":16,"turns":10},{"damage":0,"enemies":"Shell Parasite","floor":18,"turns":2},{"damage":1,"enemies":"Chosen","floor":19,"turns":5},{"damage":0,"enemies":"Centurion and Healer","floor":20,"turns":4},{"damage":14,"enemies":"Snake Plant","floor":21,"turns":4},{"damage":0,"enemies":"Cultist and Chosen","floor":22,"turns":3},{"damage":0,"enemies":"Slavers","floor":23,"turns":4},{"damage":3,"enemies":"Snecko","floor":25,"turns":5},{"damage":0,"enemies":"Gremlin Leader","floor":27,"turns":5},{"damage":3,"enemies":"Slavers","floor":30,"turns":4},{"damage":0,"enemies":"Champ","floor":33,"turns":7},{"damage":0,"enemies":"3 Shapes","floor":35,"turns":7},{"damage":12,"enemies":"3 Darklings","floor":36,"turns":5},{"damage":1,"enemies":"Spire Growth","floor":37,"turns":3},{"damage":7,"enemies":"Nemesis","floor":40,"turns":5},{"damage":14,"enemies":"Transient","floor":41,"turns":7},{"damage":0,"enemies":"Jaw Worm Horde","floor":42,"turns":3},{"damage":1,"enemies":"Sphere and 2 Shapes","floor":44,"turns":6},{"damage":31,"enemies":"Reptomancer","floor":45,"turns":3}],"seed_played":"-1448599000547216100","potions_obtained":[{"floor":2.0,"key":"Strength Potion"},{"floor":10.0,"key":"LiquidMemories"},{"floor":14,"key":"LiquidMemories"},{"floor":18,"key":"EntropicBrew"},{"floor":20,"key":"Strength Potion"},{"floor":23,"key":"Weak Potion"},{"floor":25,"key":"Block Potion"},{"floor":37,"key":"Ancient Potion"},{"floor":40,"key":"DuplicationPotion"},{"floor":44,"key":"PowerPotion"}],"is_trial":true,"path_per_floor":["M","M","?","M","?","E","M","R","T","M","M","R","$","E","R","B",null,"M","M","M","M","M","E","R","M","T","E","?","$","E","?","R","B",null,"M","M","M","?","?","E","M","M","T","M","E"],"character_chosen":"WATCHER","items_purchased":["ReachHeaven","Incense Burner"],"campfire_rested":1,"item_purchase_floors":[13,29],"current_hp_per_floor":[59,59,52,52,47,47,47,47,47,47,36,36,36,36,36,9,53,53,52,52,38,38,38,58,55,55,55,55,55,52,52,52,52,64,64,52,51,51,51,44,30,30,30,29,0,0],"gold":236,"neow_bonus":"","is_daily":false,"chose_seed":false,"campfire_upgraded":4,"win_rate":0.0,"timestamp":1612744181,"path_taken":["M","M","?","M","?","E","M","R","T","?","?","R","$","E","R","BOSS","M","M","?","M","M","E","R","M","T","E","?","?","E","?","R","BOSS","M","M","M","?","?","E","M","M","T","M","E"],"items_purchased_type":["Card","Relic"],"build_version":"2020-12-22","purchased_purges":1,"victory":false,"max_hp_per_floor":[68,68,68,68,68,68,68,68,68,68,68,68,68,68,68,68,68,68,68,68,68,68,68,68,68,68,68,68,68,68,68,68,68,68,68,68,68,65,65,65,65,65,65,65,65,65],"relic_stats":{"Torii":10,"counters":[27,112],"Shuriken":[84],"Ornamental Fan":[296],"Yang":[210],"VioletLotus":[15],"Kunai":[84],"Whetstone":["Weave","Wallop"],"Orichalcum":[6],"obtain_stats":[{"Ice Cream":0,"Potion Belt":5,"Torii":30,"Yang":23,"Incense Burner":29,"Whetstone":43,"Orichalcum":27,"SlaversCollar":34,"Anchor":6,"HornCleat":26,"Shuriken":0,"Ornamental Fan":14,"VioletLotus":17,"Kunai":0,"PureWater":0,"Toxic Egg 2":40},{"Ice Cream":0,"Potion Belt":3,"Torii":18,"Yang":15,"Incense Burner":17,"Whetstone":25,"Orichalcum":17,"SlaversCollar":19,"Anchor":4,"HornCleat":16,"Shuriken":0,"Ornamental Fan":8,"VioletLotus":9,"Kunai":0,"PureWater":0,"Toxic Egg 2":23},{"Ice Cream":0,"Potion Belt":6,"Torii":66,"Yang":52,"Incense Burner":62,"Whetstone":103,"Orichalcum":62,"SlaversCollar":73,"Anchor":9,"HornCleat":57,"Shuriken":0,"Ornamental Fan":20,"VioletLotus":30,"Kunai":0,"PureWater":0,"Toxic Egg 2":93}]},"card_choices":[{"not_picked":["ThirdEye","BowlingBash","Prostrate"],"picked":"SKIP","floor":1.0},{"not_picked":["CutThroughFate","Protect","Study"],"picked":"SKIP","floor":2.0},{"not_picked":["Protect","Study"],"picked":"CutThroughFate","floor":2.0},{"not_picked":["CrushJoints","FollowUp","Prostrate"],"picked":"SKIP","floor":4.0},{"not_picked":["EmptyFist","DevaForm"],"picked":"Nirvana","floor":6.0},{"not_picked":["Evaluate","CutThroughFate","Halt"],"picked":"SKIP","floor":7.0},{"not_picked":["EmptyFist","PathToVictory","Establishment"],"picked":"SKIP","floor":10.0},{"not_picked":["EmptyBody","ThirdEye","Study"],"picked":"SKIP","floor":11.0},{"not_picked":["Swivel","CrushJoints"],"picked":"Adaptation","floor":14},{"not_picked":["Establishment","Ragnarok"],"picked":"Omniscience","floor":16},{"not_picked":["EmptyFist","BattleHymn","PathToVictory"],"picked":"SKIP","floor":18},{"not_picked":["LikeWater","Halt"],"picked":"Consecrate","floor":19},{"not_picked":["CutThroughFate","EmptyBody","Evaluate+1"],"picked":"SKIP","floor":20},{"not_picked":["FearNoEvil","BowlingBash"],"picked":"JustLucky","floor":21},{"not_picked":["Perseverance+1","Halt"],"picked":"ClearTheMind+1","floor":22},{"not_picked":["EmptyFist","LikeWater"],"picked":"Weave","floor":23},{"not_picked":["LikeWater","Adaptation"],"picked":"Wallop","floor":25},{"not_picked":["EmptyFist","WindmillStrike","CrushJoints"],"picked":"SKIP","floor":27},{"not_picked":["DevaForm","FearNoEvil"],"picked":"Wish","floor":30},{"not_picked":["DevaForm","Brilliance"],"picked":"Vault","floor":33},{"not_picked":["Halt","Prostrate"],"picked":"ThirdEye","floor":35},{"not_picked":["ThirdEye","ClearTheMind","Sanctity"],"picked":"SKIP","floor":36},{"not_picked":["FlyingSleeves+1","CrushJoints+1","Wish"],"picked":"SKIP","floor":37},{"not_picked":["WindmillStrike","Conclude"],"picked":"EmptyFist","floor":40},{"not_picked":["JustLucky","Prostrate+1"],"picked":"ThirdEye+1","floor":41},{"not_picked":["Perseverance+1","CrushJoints"],"picked":"JustLucky","floor":42},{"not_picked":["FollowUp","BowlingBash","WheelKick"],"picked":"SKIP","floor":44}],"player_experience":995090,"relics_obtained":[{"floor":6.0,"key":"Anchor"},{"floor":14,"key":"Ornamental Fan"},{"floor":23,"key":"Yang"},{"floor":26,"key":"HornCleat"},{"floor":27,"key":"Orichalcum"},{"floor":30,"key":"Torii"},{"floor":40,"key":"Toxic Egg 2"},{"floor":43,"key":"Whetstone"}],"event_choices":[{"cards_removed":["Strike_P"],"damage_healed":0.0,"max_hp_gain":0.0,"max_hp_loss":0.0,"gold_gain":0.0,"event_name":"Golden Wing","player_choice":"Card Removal","floor":3.0,"gold_loss":0.0,"damage_taken":7.0},{"damage_healed":0.0,"max_hp_gain":0.0,"max_hp_loss":0.0,"gold_gain":0.0,"event_name":"Scrap Ooze","player_choice":"Success","floor":5.0,"gold_loss":0.0,"damage_taken":5.0,"relics_obtained":["Potion Belt"]},{"damage_healed":0,"gold_gain":0,"player_choice":"Ignored","damage_taken":0,"max_hp_gain":0,"max_hp_loss":0,"event_name":"The Mausoleum","floor":28,"gold_loss":0},{"cards_removed":["Defend_P"],"damage_healed":0,"gold_gain":0,"player_choice":"Elegance","damage_taken":0,"max_hp_gain":0,"max_hp_loss":0,"event_name":"Back to Basics","floor":31,"gold_loss":0},{"damage_healed":0,"gold_gain":0,"player_choice":"Max HP","damage_taken":0,"max_hp_gain":0,"max_hp_loss":3,"event_name":"Winding Halls","floor":38,"gold_loss":0},{"cards_removed":["ThirdEye"],"damage_healed":0,"gold_gain":0,"player_choice":"Removed Skill","damage_taken":0,"max_hp_gain":0,"max_hp_loss":0,"event_name":"Falling","floor":39,"gold_loss":0}],"is_beta":false,"boss_relics":[{"not_picked":["Ectoplasm","Empty Cage"],"picked":"VioletLotus"},{"not_picked":["Black Star","Tiny House"],"picked":"SlaversCollar"}],"items_purged_floors":[13],"is_endless":false,"potions_floor_spawned":[2,10,14,18,20,23,25,30,33,37,40,44],"killed_by":"Reptomancer","ascension_level":20}}