{"host":"ga4s3hj9m6nkn6gp","time":1612800806,"event":{"mods":["AchievementEnabler","BaseMod","Bestiary","Colored Powertips","Highlight Path","Minty Spire (QoL Compilation)","Relic Stats","everything is the same but u backflip on backflip"],"gold_per_floor":[117,117,192,32,32,63,63,96,96,123,137,137,137,152,152,152,152],"floor_reached":16,"language":"ENG","playtime":553,"items_purged":[],"score":332,"play_id":"05754f5f-8976-4dbf-9680-fd719c31a8e4","local_time":"20210208171326","is_ascension_mode":true,"campfire_choices":[{"data":"Catalyst","floor":7,"key":"SMITH"},{"data":"Glass Knife","floor":13,"key":"SMITH"},{"data":"Predator","floor":15,"key":"SMITH"}],"circlet_count":0,"master_deck":["AscendersBane","Strike_G","Strike_G","Strike_G","Strike_G","Strike_G","Defend_G","Defend_G","Defend_G","Defend_G","Defend_G","Survivor","Neutralize","Deadly Poison","Catalyst+1","Footwork","Glass Knife+1","Predator+1"],"relics":["Ring of the Snake","NeowsBlessing","Oddly Smooth Stone","Tiny Chest","Gambling Chip","Gremlin Horn"],"acts_visited":["Exordium"],"potions_floor_usage":[10,16,16],"damage_taken":[{"damage":0,"enemies":"Jaw Worm","floor":1,"turns":1},{"damage":0,"enemies":"3 Sentries","floor":6,"turns":1},{"damage":0,"enemies":"Lagavulin","floor":8,"turns":1},{"damage":18,"enemies":"3 Sentries","floor":10,"turns":10},{"damage":6,"enemies":"Small Slimes","floor":11,"turns":3},{"damage":0,"enemies":"2 Louse","floor":14,"turns":2},{"damage":25,"enemies":"Slime Boss","floor":16,"turns":8}],"seed_played":"3446009536432085020","potions_obtained":[{"floor":8,"key":"AttackPotion"},{"floor":11,"key":"Weak Potion"},{"floor":14,"key":"EssenceOfSteel"}],"is_trial":false,"path_per_floor":["M","?","?","$","?","E","R","E","T","E","M","$","R","M","R","B"],"character_chosen":"THE_SILENT","items_purchased":["Catalyst","Footwork"],"campfire_rested":0,"item_purchase_floors":[4,4],"current_hp_per_floor":[59,59,48,48,48,48,48,48,48,30,24,24,24,24,24,0,0],"gold":152,"neow_bonus":"THREE_ENEMY_KILL","is_daily":false,"chose_seed":false,"campfire_upgraded":3,"win_rate":0.0,"timestamp":1612800806,"path_taken":["M","?","?","$","?","E","R","E","T","E","?","?","R","M","R","BOSS"],"items_purchased_type":["Card","Card"],"build_version":"2020-12-22","purchased_purges":0,"victory":false,"max_hp_per_floor":[66,66,66,66,66,66,66,66,66,66,66,66,66,66,66,66,66],"relic_stats":{"Gremlin Horn":[2,2],"counters":[7,26],"Gambling Chip":[12],"Tiny Chest":0,"obtain_stats":[{"NeowsBlessing":0,"Gremlin Horn":10,"Gambling Chip":9,"Oddly Smooth Stone":6,"Tiny Chest":8,"Ring of the Snake":0},{"NeowsBlessing":0,"Gremlin Horn":4,"Gambling Chip":3,"Oddly Smooth Stone":2,"Tiny Chest":3,"Ring of the Snake":0},{"NeowsBlessing":0,"Gremlin Horn":13,"Gambling Chip":3,"Oddly Smooth Stone":2,"Tiny Chest":3,"Ring of the Snake":0}],"Ring of the Snake":[14]},"card_choices":[{"not_picked":["Outmaneuver","Cloak And Dagger"],"picked":"Deadly Poison","floor":1},{"not_picked":["Choke","Backflip"],"picked":"Predator","floor":6},{"not_picked":["Flying Knee","Masterful Stab","Flechettes"],"picked":"SKIP","floor":8},{"not_picked":["Dagger Throw","Predator","Blur"],"picked":"SKIP","floor":10},{"not_picked":["Acrobatics","Prepared","Quick Slash"],"picked":"SKIP","floor":11},{"not_picked":["Dagger Throw","Sucker Punch","Dagger Spray"],"picked":"SKIP","floor":14}],"player_experience":754416,"relics_obtained":[{"floor":6,"key":"Oddly Smooth Stone"},{"floor":8,"key":"Tiny Chest"},{"floor":9,"key":"Gambling Chip"},{"floor":10,"key":"Gremlin Horn"}],"event_choices":[{"damage_healed":0,"gold_gain":0,"player_choice":"Leave","damage_taken":0,"max_hp_gain":0,"max_hp_loss":0,"event_name":"The Cleric","floor":2,"gold_loss":0},{"damage_healed":0,"gold_gain":75,"player_choice":"Gather Gold","damage_taken":11,"max_hp_gain":0,"max_hp_loss":0,"event_name":"World of Goop","floor":3,"gold_loss":0},{"damage_healed":0,"gold_gain":0,"player_choice":"1 cards matched","damage_taken":0,"max_hp_gain":0,"max_hp_loss":0,"event_name":"Match and Keep!","floor":5,"gold_loss":0,"cards_obtained":["Glass Knife"]}],"is_beta":false,"boss_relics":[],"items_purged_floors":[],"is_endless":false,"potions_floor_spawned":[8,11,14],"killed_by":"Slime Boss","ascension_level":20}}