{"host":"mnpd8gh7cwxsn5kh","time":1612804134,"event":{"mods":["BaseMod","Bestiary","Block Reminder","Colored Map","Colored Powertips","Highlight Path","Minty Spire (QoL Compilation)","Relic Sorter","Relic Stats"],"gold_per_floor":[111,111,111,172,190,223,223,238,291,291,310,342,392,409,409,513,513,530,379,391,441,453,486,486,500,500,500,517,527,594,559,559,660,660,674,693,34,46,96,96,123,123,123],"floor_reached":42,"language":"ENG","playtime":4340,"items_purged":["Defend_B","Defend_B"],"score":739,"play_id":"74da2a4a-f2b6-4e49-8f2d-6200f4411c78","local_time":"20210208180854","is_ascension_mode":true,"campfire_choices":[{"data":"Dualcast","floor":7,"key":"SMITH"},{"data":"Streamline","floor":10,"key":"SMITH"},{"data":"Doom and Gloom","floor":15,"key":"SMITH"},{"floor":24,"key":"REST"},{"floor":27,"key":"REST"},{"floor":32,"key":"REST"},{"floor":40,"key":"REST"}],"circlet_count":0,"master_deck":["AscendersBane","Defend_B","Zap+1","Dualcast+1","Streamline+1","Static Discharge","Coolheaded","Reinforced Body","Doom and Gloom+1","Defragment","Echo Form","All For One+1","Steam Power+1","Rip and Tear+1","Chaos+1","Storm","Conserve Battery","Steam","Steam","Capacitor","Beam Cell","Stack+1","Stack+1","Biased Cognition","Undo+1","Steam+1","Coolheaded+1","Conserve Battery+1","Creative AI"],"relics":["Cracked Core","SsserpentHead","Ornamental Fan","Lantern","MealTicket","Astrolabe","Tiny Chest","Toxic Egg 2","Potion Belt","Nuclear Battery","OrangePellets","Incense Burner","White Beast Statue","Blood Vial"],"acts_visited":["Exordium","TheCity","TheBeyond"],"potions_floor_usage":[6,12,20,23,28,33,38,41,41],"damage_taken":[{"damage":7,"enemies":"2 Louse","floor":1,"turns":2},{"damage":1,"enemies":"Cultist","floor":4,"turns":3},{"damage":0,"enemies":"Small Slimes","floor":5,"turns":3},{"damage":9,"enemies":"3 Sentries","floor":6,"turns":9},{"damage":0,"enemies":"2 Fungi Beasts","floor":8,"turns":3},{"damage":0,"enemies":"Exordium Wildlife","floor":11,"turns":4},{"damage":14,"enemies":"Gremlin Nob","floor":12,"turns":4},{"damage":0,"enemies":"Red Slaver","floor":14,"turns":3},{"damage":9,"enemies":"Slime Boss","floor":16,"turns":8},{"damage":18,"enemies":"2 Thieves","floor":18,"turns":3},{"damage":4,"enemies":"Spheric Guardian","floor":20,"turns":4},{"damage":8,"enemies":"Centurion and Healer","floor":22,"turns":7},{"damage":50,"enemies":"Slavers","floor":23,"turns":4},{"damage":18,"enemies":"3 Cultists","floor":25,"turns":6},{"damage":7,"enemies":"Chosen and Byrds","floor":28,"turns":4},{"damage":3,"enemies":"Centurion and Healer","floor":29,"turns":6},{"damage":16,"enemies":"Snake Plant","floor":30,"turns":3},{"damage":23,"enemies":"Champ","floor":33,"turns":11},{"damage":26,"enemies":"3 Darklings","floor":35,"turns":6},{"damage":14,"enemies":"Orb Walker","floor":36,"turns":4},{"damage":0,"enemies":"Transient","floor":38,"turns":5},{"damage":49,"enemies":"Nemesis","floor":41,"turns":7},{"damage":11,"enemies":"Maw","floor":42,"turns":2}],"seed_played":"2330187639964386886","potions_obtained":[{"floor":1,"key":"PotionOfCapacity"},{"floor":4,"key":"BlessingOfTheForge"},{"floor":5,"key":"SkillPotion"},{"floor":14,"key":"ColorlessPotion"},{"floor":18,"key":"EssenceOfSteel"},{"floor":23,"key":"FocusPotion"},{"floor":25,"key":"Weak Potion"},{"floor":30,"key":"Strength Potion"},{"floor":33,"key":"Dexterity Potion"},{"floor":35,"key":"AttackPotion"},{"floor":38,"key":"DuplicationPotion"},{"floor":41,"key":"EssenceOfDarkness"}],"is_trial":false,"path_per_floor":["M","?","?","M","M","E","R","M","T","R","M","E","?","M","R","B",null,"M","$","M","?","M","E","R","M","T","R","M","M","M","?","R","B",null,"M","M","$","M","?","R","E","M"],"character_chosen":"DEFECT","items_purchased":["Storm","OrangePellets","Incense Burner","Steam+1","Coolheaded+1"],"campfire_rested":4,"item_purchase_floors":[19,37,37,37,37],"current_hp_per_floor":[61,61,61,60,60,51,51,51,51,51,51,37,62,62,62,53,70,52,67,63,63,55,5,27,9,9,31,24,21,5,5,27,4,57,31,17,32,32,32,54,5,0,0],"gold":123,"neow_bonus":"UPGRADE_CARD","is_daily":false,"chose_seed":false,"campfire_upgraded":3,"win_rate":0.0,"timestamp":1612804134,"path_taken":["M","?","?","?","M","E","R","M","T","R","M","E","?","M","R","BOSS","M","$","M","?","M","E","R","M","T","R","M","M","?","?","R","BOSS","M","M","$","M","?","R","E","M"],"items_purchased_type":["Card","Relic","Relic","Card","Card"],"build_version":"2020-12-22","purchased_purges":2,"victory":false,"max_hp_per_floor":[75,75,75,75,75,75,75,75,75,75,75,75,75,75,75,75,75,75,75,75,75,75,75,75,75,75,75,75,75,75,75,75,75,75,75,75,75,75,75,75,75,75,75],"relic_stats":{"Blood Vial":2,"SsserpentHead":300,"OrangePellets":[1],"counters":[23,111],"Ornamental Fan":[36],"Astrolabe":["All For One","Steam Power","Rip and Tear"],"MealTicket":30,"Tiny Chest":0,"obtain_stats":[{"Potion Belt":31,"Lantern":9,"Astrolabe":17,"Incense Burner":37,"White Beast Statue":39,"Nuclear Battery":34,"Blood Vial":41,"SsserpentHead":3,"OrangePellets":37,"Ornamental Fan":6,"MealTicket":12,"Tiny Chest":23,"Toxic Egg 2":26,"Cracked Core":0},{"Potion Belt":17,"Lantern":5,"Astrolabe":9,"Incense Burner":20,"White Beast Statue":21,"Nuclear Battery":18,"Blood Vial":22,"SsserpentHead":1,"OrangePellets":20,"Ornamental Fan":4,"MealTicket":7,"Tiny Chest":13,"Toxic Egg 2":14,"Cracked Core":0},{"Potion Belt":76,"Lantern":20,"Astrolabe":39,"Incense Burner":97,"White Beast Statue":102,"Nuclear Battery":87,"Blood Vial":109,"SsserpentHead":2,"OrangePellets":97,"Ornamental Fan":17,"MealTicket":28,"Tiny Chest":57,"Toxic Egg 2":63,"Cracked Core":0}]},"card_choices":[{"not_picked":["Aggregate","Compile Driver"],"picked":"Streamline","floor":1},{"not_picked":["White Noise","Barrage"],"picked":"Coolheaded","floor":4},{"not_picked":["Consume","Stack"],"picked":"Coolheaded","floor":5},{"not_picked":["Blizzard","Auto Shields","Turbo"],"picked":"SKIP","floor":6},{"not_picked":["Scrape","Coolheaded","Fusion"],"picked":"SKIP","floor":8},{"not_picked":["FTL","Undo"],"picked":"Reinforced Body","floor":11},{"not_picked":["Go for the Eyes","White Noise"],"picked":"Doom and Gloom","floor":12},{"not_picked":["Coolheaded","Skim"],"picked":"Defragment","floor":14},{"not_picked":["Meteor Strike","All For One"],"picked":"Echo Form","floor":16},{"not_picked":["Darkness","Hello World"],"picked":"Chaos+1","floor":18},{"not_picked":["Heatsinks","Sweeping Beam"],"picked":"Conserve Battery","floor":20},{"not_picked":["Sweeping Beam","Rebound+1"],"picked":"Steam","floor":22},{"not_picked":["Defragment","Hyperbeam"],"picked":"Steam","floor":23},{"not_picked":["Hologram","Leap"],"picked":"Capacitor","floor":25},{"not_picked":["Coolheaded+1","Rebound"],"picked":"Beam Cell","floor":28},{"not_picked":["Redo+1","Consume+1"],"picked":"Stack+1","floor":29},{"not_picked":["Genetic Algorithm+1","Streamline"],"picked":"Stack+1","floor":30},{"not_picked":["Meteor Strike","Thunder Strike"],"picked":"Biased Cognition","floor":33},{"not_picked":["Streamline","Auto Shields+1","Rebound"],"picked":"SKIP","floor":35},{"not_picked":["Aggregate+1","Darkness+1"],"picked":"Undo+1","floor":36},{"not_picked":["Genetic Algorithm+1","Turbo+1"],"picked":"Conserve Battery+1","floor":38},{"not_picked":["Hyperbeam","Heatsinks"],"picked":"Creative AI","floor":41}],"player_experience":408689,"relics_obtained":[{"floor":6,"key":"Ornamental Fan"},{"floor":9,"key":"Lantern"},{"floor":12,"key":"MealTicket"},{"floor":23,"key":"Tiny Chest"},{"floor":26,"key":"Toxic Egg 2"},{"floor":41,"key":"Blood Vial"}],"event_choices":[{"damage_healed":0,"gold_gain":0,"cards_transformed":["Strike_B"],"player_choice":"Change","damage_taken":0,"max_hp_gain":0,"max_hp_loss":0,"event_name":"Living Wall","floor":2,"gold_loss":0,"cards_obtained":["Static Discharge"]},{"damage_healed":0,"gold_gain":0,"player_choice":"Trade","damage_taken":0,"relics_obtained":["SsserpentHead"],"max_hp_gain":0,"max_hp_loss":0,"event_name":"FaceTrader","floor":3,"gold_loss":0},{"damage_healed":25,"gold_gain":0,"player_choice":"Banana","damage_taken":0,"max_hp_gain":0,"max_hp_loss":0,"event_name":"Big Fish","floor":13,"gold_loss":0},{"cards_removed":["Defend_B"],"damage_healed":0,"gold_gain":0,"player_choice":"Offered Basic","damage_taken":0,"max_hp_gain":0,"max_hp_loss":0,"event_name":"Bonfire Elementals","floor":21,"gold_loss":0},{"damage_healed":0,"gold_gain":0,"player_choice":"Obtained Relic","damage_taken":0,"relics_obtained":["Potion Belt"],"max_hp_gain":0,"max_hp_loss":0,"event_name":"Addict","floor":31,"gold_loss":85},{"cards_removed":["Coolheaded"],"damage_healed":0,"gold_gain":0,"player_choice":"Gave Card","damage_taken":0,"relics_obtained":["White Beast Statue"],"max_hp_gain":0,"max_hp_loss":0,"event_name":"WeMeetAgain","floor":39,"gold_loss":0}],"is_beta":false,"boss_relics":[{"not_picked":["Ectoplasm","SlaversCollar"],"picked":"Astrolabe"},{"not_picked":["Runic Pyramid","Coffee Dripper"],"picked":"Nuclear Battery"}],"items_purged_floors":[19,37],"is_endless":false,"potions_floor_spawned":[1,4,5,14,18,23,25,30,33,35,38,41],"killed_by":"Maw","ascension_level":12}}