{"host":"oopoa2qluour3scl","time":1612796026,"event":{"mods":["2.2 Compatiblity","AchievementEnabler","AlwaysNeverKeys","BaseMod","Better Match","Better Note","Better Sensory Stone","Better Synergies","Better Third Choice","Better Vampires","BetterRewards","Bossed Relics","Colored Powertips","Communication Mod","Infinite Spire","Minty Spire (QoL Compilation)","Practice Mode","Random Character Button","Relic Filter Mod","Relic Stats","Smile Girya","StS++","StSLib","SuperFastMode","Swap Starting Deck Mod","Weighted Paths"],"gold_per_floor":[113,132,132,144,158,186,196,196,219,232,251,271,271,79,79,174,174,190,190,190,18,38,38,71,71,95,108,108,108,121,136,136,233,233,247,247,266,266,282,282,282],"floor_reached":40,"language":"ENG","playtime":1689,"items_purged":[],"score":587,"play_id":"3f21463a-46c6-44a7-af08-78e4a4882e98","local_time":"20210208155346","is_ascension_mode":false,"campfire_choices":[{"data":"infinitespire:OneForAll","floor":8,"key":"SMITH"},{"data":"Armaments","floor":15,"key":"SMITH"},{"data":"Brutality","floor":23,"key":"SMITH"},{"data":"Rupture","floor":25,"key":"SMITH"},{"data":"Demon Form","floor":28,"key":"SMITH"},{"data":"Fire Breathing","floor":32,"key":"SMITH"}],"circlet_count":0,"master_deck":["Strike_R","Strike_R","Strike_R","Defend_R","Defend_R","Defend_R","Bash","Bandage Up+1","Fire Breathing+1","infinitespire:OneForAll+1","Flex+1","Inflame","infinitespire:OneForAll","Iron Wave","Wild Strike","Armaments+1","Wild Strike","Rampage","Berserk","StSpp:Betrayal","Brutality+1","Heavy Blade","Rupture+1","Demon Form+1","Anger+1","Heavy Blade+1","Brutality","Twin Strike+1","Rupture","Parasite","Bloodletting+1"],"relics":["Burning Blood","Membership Card","Kunai","Dead Branch","Tiny Chest","ClockworkSouvenir","TungstenRod","StSpp:SailingBoat","FossilizedHelix","PreservedInsect","Red Skull","Orichalcum","infinitespire:FocusingShard","Sling","Coffee Dripper","Potion Belt","War Paint","Happy Flower","StSpp:BrokenTotem","Smiling Mask","infinitespire:Satchel"],"acts_visited":["Exordium","TheCity","TheBeyond"],"potions_floor_usage":[22,27,39,40],"damage_taken":[{"damage":5,"enemies":"2 Louse","floor":1,"turns":3},{"damage":8,"enemies":"Cultist","floor":2,"turns":4},{"damage":0,"enemies":"Small Slimes","floor":4,"turns":3},{"damage":4,"enemies":"Looter","floor":5,"turns":3},{"damage":0,"enemies":"Lagavulin","floor":6,"turns":5},{"damage":11,"enemies":"Blue Slaver","floor":7,"turns":3},{"damage":2,"enemies":"Lots of Slimes","floor":10,"turns":2},{"damage":0,"enemies":"Looter","floor":11,"turns":2},{"damage":1,"enemies":"Exordium Thugs","floor":12,"turns":4},{"damage":39,"enemies":"Hexaghost","floor":16,"turns":8},{"damage":6,"enemies":"3 Byrds","floor":18,"turns":5},{"damage":14,"enemies":"Shell Parasite","floor":22,"turns":3},{"damage":23,"enemies":"Gremlin Leader","floor":24,"turns":7},{"damage":0,"enemies":"Snecko","floor":27,"turns":3},{"damage":16,"enemies":"Sentry and Sphere","floor":30,"turns":4},{"damage":8,"enemies":"Cultist and Chosen","floor":31,"turns":4},{"damage":40,"enemies":"Collector","floor":33,"turns":6},{"damage":19,"enemies":"3 Shapes","floor":35,"turns":3},{"damage":6,"enemies":"3 Darklings","floor":37,"turns":5},{"damage":27,"enemies":"Writhing Mass","floor":39,"turns":4},{"damage":80,"enemies":"Nightmare","floor":40,"turns":4}],"seed_played":"-1101564033328475211","potions_obtained":[{"floor":2,"key":"SneckoOil"},{"floor":5,"key":"Swift Potion"},{"floor":12,"key":"Swift Potion"},{"floor":16,"key":"Swift Potion"},{"floor":30,"key":"SpeedPotion"},{"floor":37,"key":"Fruit Juice"},{"floor":39,"key":"Regen Potion"}],"is_trial":false,"path_per_floor":["M","M","?","M","M","E","M","R","T","M","M","M","?","$","R","B",null,"M","T","?","$","M","R","E","R","T","M","R","?","M","M","R","B",null,"M","T","M","T","M","NM"],"character_chosen":"IRONCLAD","items_purchased":["Membership Card","Kunai","Bandage Up","Tiny Chest","ClockworkSouvenir","Fire Breathing","StSpp:SailingBoat","infinitespire:FocusingShard","Sling","Brutality","Heavy Blade","War Paint"],"campfire_rested":0,"item_purchase_floors":[0,0,0,0,0,0,0,14,14,21,21,21],"current_hp_per_floor":[80,78,78,80,80,80,75,75,75,79,80,80,74,74,74,45,80,80,80,80,80,78,78,65,65,65,77,77,77,70,70,70,43,80,67,67,73,73,65,0,0],"gold":282,"neow_bonus":"","is_daily":false,"chose_seed":false,"campfire_upgraded":6,"win_rate":0.0,"timestamp":1612796026,"path_taken":["M","M","?","?","M","E","M","R","T","M","M","M","?","$","R","BOSS","M","?","?","$","M","R","E","R","T","M","R","?","?","M","R","BOSS","M","?","M","?","M","NM"],"items_purchased_type":["Relic","Relic","Card","Relic","Relic","Card","Relic","Relic","Relic","Card","Card","Relic"],"build_version":"2020-12-22","purchased_purges":0,"victory":false,"max_hp_per_floor":[80,80,80,80,80,80,80,80,80,80,80,80,80,80,80,80,80,80,80,80,80,80,80,80,80,80,80,80,80,80,80,80,80,80,80,80,80,80,85,85,85],"relic_stats":{"Happy Flower":[11],"counters":[260,1072],"Dead Branch":[45],"Tiny Chest":2,"PreservedInsect":164,"Kunai":[23],"Orichalcum":[102],"War Paint":["Defend_R","Shrug It Off","Defend_R","Defend_R","Bandage Up","Flex"],"Smiling Mask":0,"obtain_stats":[{"Whetstone":26,"Bottled Tornado":43,"Sling":20,"Boot":12,"Sundial":7,"MealTicket":10,"Fusion Hammer":17,"Kunai":0,"Runic Cube":17,"Pear":26,"Blue Candle":9,"Eternal Feather":8,"Pen Nib":24,"Akabeko":43,"Cables":0,"SlaversCollar":34,"Bird Faced Urn":9,"Snecko Eye":17,"CultistMask":29,"Mark of Pain":17,"StrikeDummy":6,"Regal Pillow":0,"Lantern":26,"Singing Bowl":25,"Bag of Preparation":4,"Ancient Tea Set":43,"Smiling Mask":47,"Cursed Key":34,"Shovel":0,"Toolbox":8,"WingedGreaves":0,"Ring of the Snake":0,"Potion Belt":44,"Lee\u0027s Waffle":12,"NeowsBlessing":0,"Golden Idol":0,"Self Forming Clay":26,"Thread and Needle":53,"The Courier":9,"swapstartingdeckmod:Bellows":0,"PreservedInsect":3,"Omamori":30,"Frozen Egg 2":23,"GoldenEye":8,"MawBank":42,"Ornamental Fan":46,"betterThird:SlimedRelic":12,"Orrery":0,"StSpp:BrokenTotem":7,"Ectoplasm":0,"Turnip":46,"Art of War":30,"Bottled Lightning":54,"Toy Ornithopter":23,"CeramicFish":48,"Vajra":28,"Sozu":0,"Centennial Puzzle":13,"Lizard Tail":10,"HornCleat":30,"Strawberry":25,"Prayer Wheel":29,"Toxic Egg 2":23,"Girya":37,"Happy Flower":26,"Astrolabe":17,"Dead Branch":30,"Oddly Smooth Stone":13,"Letter Opener":24,"War Paint":40,"Question Card":38,"WarpedTongs":7,"Bottled Flame":10,"Shuriken":38,"Bronze Scales":0,"Molten Egg 2":26,"Black Star":17,"Pocketwatch":6,"Meat on the Bone":25,"Darkstone Periapt":43,"Mango":24,"Snake Skull":0,"Juzu Bracelet":10,"Incense Burner":6,"StSpp:CrystalBall":17,"ClockworkSouvenir":0,"Nunchaku":53,"Dream Catcher":27,"Mummified Hand":0,"Pantograph":0,"Tiny Chest":0,"Red Mask":21,"Cracked Core":0,"Red Skull":7,"infinitespire:FocusingShard":14,"StSpp:SailingBoat":45,"Orichalcum":0,"Peace Pipe":39,"DataDisk":40,"Anchor":23,"CaptainsWheel":45,"infinitespire:Satchel":38,"Coffee Dripper":34,"Bag of Marbles":0,"Membership Card":10,"TungstenRod":0,"FossilizedHelix":0},{"Whetstone":4,"Bottled Tornado":28,"Sling":43,"Boot":135,"Sundial":65,"MealTicket":110,"Fusion Hammer":70,"Kunai":239,"Runic Cube":218,"Pear":76,"Blue Candle":133,"Eternal Feather":81,"Pen Nib":222,"Akabeko":206,"Cables":0,"SlaversCollar":121,"Bird Faced Urn":9,"Snecko Eye":42,"CultistMask":142,"Mark of Pain":169,"StrikeDummy":37,"Regal Pillow":33,"Lantern":223,"Singing Bowl":19,"Bag of Preparation":48,"Ancient Tea Set":98,"Smiling Mask":183,"Cursed Key":228,"Shovel":185,"Toolbox":109,"WingedGreaves":46,"Ring of the Snake":0,"Potion Belt":99,"Lee\u0027s Waffle":67,"NeowsBlessing":61,"Golden Idol":0,"Self Forming Clay":141,"Thread and Needle":237,"The Courier":50,"swapstartingdeckmod:Bellows":105,"PreservedInsect":241,"Omamori":120,"Frozen Egg 2":17,"GoldenEye":38,"MawBank":206,"Ornamental Fan":101,"betterThird:SlimedRelic":216,"Orrery":46,"StSpp:BrokenTotem":215,"Ectoplasm":78,"Turnip":235,"Art of War":226,"Bottled Lightning":32,"Toy Ornithopter":3,"CeramicFish":30,"Vajra":20,"Sozu":0,"Centennial Puzzle":52,"Lizard Tail":82,"HornCleat":21,"Strawberry":76,"Prayer Wheel":120,"Toxic Egg 2":158,"Girya":25,"Happy Flower":174,"Astrolabe":85,"Dead Branch":91,"Oddly Smooth Stone":135,"Letter Opener":45,"War Paint":97,"Question Card":25,"WarpedTongs":148,"Bottled Flame":39,"Shuriken":25,"Bronze Scales":0,"Molten Egg 2":19,"Black Star":54,"Pocketwatch":9,"Meat on the Bone":174,"Darkstone Periapt":123,"Mango":198,"Snake Skull":46,"Juzu Bracelet":66,"Incense Burner":164,"StSpp:CrystalBall":193,"ClockworkSouvenir":239,"Nunchaku":31,"Dream Catcher":77,"Mummified Hand":0,"Pantograph":0,"Tiny Chest":239,"Red Mask":73,"Cracked Core":0,"Red Skull":188,"infinitespire:FocusingShard":248,"StSpp:SailingBoat":234,"Orichalcum":46,"Peace Pipe":230,"DataDisk":27,"Anchor":117,"CaptainsWheel":207,"infinitespire:Satchel":258,"Coffee Dripper":23,"Bag of Marbles":128,"Membership Card":215,"TungstenRod":239,"FossilizedHelix":239},{"Whetstone":18,"Bottled Tornado":90,"Sling":156,"Boot":533,"Sundial":230,"MealTicket":431,"Fusion Hammer":257,"Kunai":987,"Runic Cube":886,"Pear":283,"Blue Candle":524,"Eternal Feather":304,"Pen Nib":906,"Akabeko":827,"Cables":0,"SlaversCollar":470,"Bird Faced Urn":31,"Snecko Eye":150,"CultistMask":569,"Mark of Pain":674,"StrikeDummy":121,"Regal Pillow":102,"Lantern":911,"Singing Bowl":61,"Bag of Preparation":176,"Ancient Tea Set":384,"Smiling Mask":731,"Cursed Key":934,"Shovel":739,"Toolbox":427,"WingedGreaves":169,"Ring of the Snake":0,"Potion Belt":388,"Lee\u0027s Waffle":239,"NeowsBlessing":219,"Golden Idol":0,"Self Forming Clay":565,"Thread and Needle":976,"The Courier":182,"swapstartingdeckmod:Bellows":417,"PreservedInsect":994,"Omamori":464,"Frozen Egg 2":54,"GoldenEye":124,"MawBank":827,"Ornamental Fan":396,"betterThird:SlimedRelic":870,"Orrery":169,"StSpp:BrokenTotem":867,"Ectoplasm":289,"Turnip":963,"Art of War":923,"Bottled Lightning":99,"Toy Ornithopter":14,"CeramicFish":94,"Vajra":64,"Sozu":0,"Centennial Puzzle":191,"Lizard Tail":312,"HornCleat":66,"Strawberry":283,"Prayer Wheel":464,"Toxic Egg 2":634,"Girya":81,"Happy Flower":693,"Astrolabe":329,"Dead Branch":355,"Oddly Smooth Stone":533,"Letter Opener":167,"War Paint":380,"Question Card":81,"WarpedTongs":592,"Bottled Flame":133,"Shuriken":81,"Bronze Scales":0,"Molten Egg 2":61,"Black Star":200,"Pocketwatch":31,"Meat on the Bone":693,"Darkstone Periapt":477,"Mango":799,"Snake Skull":169,"Juzu Bracelet":234,"Incense Burner":656,"StSpp:CrystalBall":781,"ClockworkSouvenir":987,"Nunchaku":96,"Dream Catcher":287,"Mummified Hand":0,"Pantograph":0,"Tiny Chest":987,"Red Mask":270,"Cracked Core":0,"Red Skull":753,"infinitespire:FocusingShard":1016,"StSpp:SailingBoat":960,"Orichalcum":169,"Peace Pipe":940,"DataDisk":86,"Anchor":454,"CaptainsWheel":832,"infinitespire:Satchel":1064,"Coffee Dripper":73,"Bag of Marbles":499,"Membership Card":867,"TungstenRod":987,"FossilizedHelix":987}],"Burning Blood":771,"TungstenRod":76},"card_choices":[{"not_picked":["Iron Wave","Clash"],"picked":"infinitespire:OneForAll","floor":1},{"not_picked":["Ghostly Armor","Headbutt"],"picked":"Flex","floor":2},{"not_picked":["Cleave","Carnage"],"picked":"Inflame","floor":4},{"not_picked":["Shockwave","Ghostly Armor"],"picked":"infinitespire:OneForAll","floor":5},{"not_picked":["StSpp:Sprint","StSpp:TheBiggerTheyAre"],"picked":"Iron Wave","floor":6},{"not_picked":["True Grit","Wild Strike","StSpp:Sprint"],"picked":"SKIP","floor":7},{"not_picked":["True Grit","StSpp:Sprint"],"picked":"Wild Strike","floor":7},{"not_picked":["Warcry","Infernal Blade"],"picked":"Armaments","floor":10},{"not_picked":["StSpp:TheBiggerTheyAre","Twin Strike"],"picked":"Wild Strike","floor":11},{"not_picked":["Iron Wave","StSpp:Sprint"],"picked":"Rampage","floor":12},{"not_picked":["StSpp:Turnabout","Impervious"],"picked":"Berserk","floor":16},{"not_picked":["Iron Wave","Clothesline","Thunderclap"],"picked":"SKIP","floor":18},{"not_picked":["Dual Wield+1","Headbutt"],"picked":"Rupture","floor":22},{"not_picked":["Thunderclap","Fire Breathing"],"picked":"Demon Form","floor":24},{"not_picked":["StSpp:TheBiggerTheyAre+1","Clothesline","Searing Blow"],"picked":"SKIP","floor":27},{"not_picked":["True Grit+1","Burning Pact"],"picked":"Anger+1","floor":30},{"not_picked":["Exhume","Dark Embrace+1"],"picked":"Heavy Blade+1","floor":31},{"not_picked":["StSpp:IntoTheAbyss","Juggernaut"],"picked":"Brutality","floor":33},{"not_picked":["Iron Wave+1","Carnage"],"picked":"Twin Strike+1","floor":35},{"not_picked":["Rampage+1","Sword Boomerang+1"],"picked":"Rupture","floor":37},{"not_picked":["StSpp:MuscleMemory","Shrug It Off+1"],"picked":"Bloodletting+1","floor":39}],"player_experience":503463,"relics_obtained":[{"floor":6,"key":"Red Skull"},{"floor":9,"key":"Orichalcum"},{"floor":19,"key":"Potion Belt"},{"floor":24,"key":"Happy Flower"},{"floor":26,"key":"StSpp:BrokenTotem"},{"floor":36,"key":"Smiling Mask"},{"floor":38,"key":"infinitespire:Satchel"}],"event_choices":[{"damage_healed":0,"gold_gain":0,"player_choice":"Gave Potion","damage_taken":0,"relics_obtained":["PreservedInsect"],"max_hp_gain":0,"max_hp_loss":0,"event_name":"WeMeetAgain","floor":3,"gold_loss":0},{"cards_removed":["Strike_R"],"damage_healed":0,"gold_gain":0,"player_choice":"Card Removal","damage_taken":7,"max_hp_gain":0,"max_hp_loss":0,"event_name":"Golden Wing","floor":13,"gold_loss":0},{"damage_healed":0,"gold_gain":0,"cards_transformed":["Strike_R"],"player_choice":"Transformed","damage_taken":0,"max_hp_gain":0,"max_hp_loss":0,"event_name":"Transmorgrifier","floor":20,"gold_loss":0,"cards_obtained":["StSpp:Betrayal"]},{"cards_removed":["Defend_R"],"damage_healed":0,"gold_gain":0,"player_choice":"Purged","damage_taken":0,"max_hp_gain":0,"max_hp_loss":0,"event_name":"Purifier","floor":29,"gold_loss":0}],"is_beta":false,"boss_relics":[{"not_picked":["Cursed Key","Black Blood"],"picked":"Coffee Dripper"},{"not_picked":[]}],"items_purged_floors":[],"is_endless":false,"potions_floor_spawned":[2,5,12,16,30,37,39],"killed_by":"Nightmare","ascension_level":0}}