{"host":"n1v11un6j7y72mz7","time":1612764507,"event":{"mods":["Act Like it!","BaseMod","Downfall","Gensokyo","Koishi","Minty Spire (QoL Compilation)","READ ME - Guardian Mod","Reliquary","Remilia£®¿Ÿ√◊¿Ú—«£©","StSLib","The Animator","The Bug Knight","Waifu the Spire"],"gold_per_floor":[99,129,149,161,180,191,241,253,253,278,178,207,207,242,260,370,370,370,389,412,412,34,34,34,34,54,54,75,99,99,116,120,120],"floor_reached":32,"language":"ZHS","playtime":2859,"items_purged":["animator:ChlammyZell"],"score":308,"play_id":"692696c7-250a-48a6-b328-9d5e43ebae2f","local_time":"20210208140827","is_ascension_mode":false,"campfire_choices":[{"data":"animator:Aqua","floor":1,"key":"SMITH"},{"floor":9,"key":"RECALL"},{"data":"animator:Biyorigo","floor":11,"key":"SMITH"},{"floor":13,"key":"REST"},{"data":"animator:Kaijin","floor":18,"key":"SMITH"},{"floor":30,"key":"REST"}],"circlet_count":0,"master_deck":["animator:Kazuma+1","animator:Aqua+1","animator:Mikaela","animator:Shichika+1","animator:Emonzaemon","animator:UneriGinkaku","animator:Biyorigo+1","animator:Fredrika","animator:Nanami","animator:YachiyoNanami","animator:Hans","animator:Kaijin+1","animator:FeridBathory","animator:Hakurou","animator:Chris","animator:Kaijin","animator:Layla","animator:Guy+1","animator:MamiTomoe","animator:ChaikaBohdan","animator:ChaikaTrabant","animator:Shizu","Slimebound:CheckThePlaybook","downfall:Icky","animator:Darkness","animator:IzunaHatsuse","animator:NagisaMomoe","animator:IzunaHatsuse"],"relics":["animator:LivingPicture","animator:TheMissingPiece","reliquary:RoseTintedGlasses","downfall:HeartBlessingRed","Letter Opener","War Paint","Pandora\u0027s Box","Nilry\u0027s Codex","reliquary:PrincelyHelmet"],"acts_visited":["Exordium","TheCity"],"potions_floor_usage":[12,14,16,21,29,31],"damage_taken":[{"damage":0,"enemies":"2 Louse","floor":2,"turns":5},{"damage":0,"enemies":"Small Slimes","floor":3,"turns":4},{"damage":0,"enemies":"Jaw Worm","floor":4,"turns":5},{"damage":4,"enemies":"Exordium Wildlife","floor":5,"turns":5},{"damage":1,"enemies":"Red Slaver","floor":6,"turns":4},{"damage":14,"enemies":"Large Slime","floor":8,"turns":7},{"damage":13,"enemies":"2 Fungi Beasts","floor":10,"turns":4},{"damage":21,"enemies":"Lagavulin","floor":12,"turns":5},{"damage":15,"enemies":"3 Sentries","floor":14,"turns":5},{"damage":2,"enemies":"Blue Slaver","floor":15,"turns":4},{"damage":0,"enemies":"SI_SHIV_ARCHETYPE","floor":16,"turns":7},{"damage":16,"enemies":"3 Byrds","floor":19,"turns":4},{"damage":12,"enemies":"Snecko","floor":20,"turns":5},{"damage":8,"enemies":"downfall:FleeingMerchant","floor":22,"turns":4},{"damage":9,"enemies":"Snake Plant","floor":26,"turns":2},{"damage":14,"enemies":"Cultist and Chosen","floor":28,"turns":5},{"damage":10,"enemies":"3 Cultists","floor":29,"turns":5},{"damage":32,"enemies":"Snecko","floor":31,"turns":5},{"damage":0,"enemies":"Snake Plant","floor":32,"turns":2}],"seed_played":"-7194611327773190709","potions_obtained":[{"floor":4,"key":"AttackPotion"},{"floor":8,"key":"SpeedPotion"},{"floor":12,"key":"PowerPotion"},{"floor":14,"key":"animator:FalseLifePotion"},{"floor":20,"key":"Fruit Juice"},{"floor":28,"key":"Fire Potion"},{"floor":29,"key":"SteroidPotion"},{"floor":31,"key":"Fire Potion"}],"is_trial":false,"path_per_floor":["R","M","M","M","M","M","T","M","R","M","R","E","R","E","M","B",null,"R","M","M","?","$","?","T","?","M","?","M","M","R","M","M"],"character_chosen":"THE_ANIMATOR","items_purchased":["animator:ChaikaTrabant","animator:Shizu"],"campfire_rested":2,"item_purchase_floors":[22,22],"current_hp_per_floor":[66,66,66,66,62,64,64,52,52,42,42,24,43,31,32,35,66,66,51,42,31,29,29,29,29,23,23,12,13,34,6,6,6],"gold":120,"neow_bonus":"UPGRADE_CARD","is_daily":false,"chose_seed":false,"campfire_upgraded":3,"win_rate":0.0,"timestamp":1612764507,"path_taken":["R","M","M","M","M","M","T","M","R","M","R","E","R","E","M","BOSS","R","M","M","?","$","?","T","?","M","?","M","M","R","M","M"],"items_purchased_type":["Card","Card"],"build_version":"2020-12-22","purchased_purges":1,"victory":false,"max_hp_per_floor":[66,66,66,66,66,66,66,66,66,66,66,66,66,66,66,66,66,66,67,67,72,72,72,72,72,72,72,72,72,72,72,72,72],"card_choices":[{"not_picked":["animator:Hitei","animator:Millim"],"picked":"animator:Mikaela","floor":2},{"not_picked":["animator:SuzuneAmano","animator:IrohaTamaki"],"picked":"animator:Shichika","floor":3},{"not_picked":["animator:Konayuki","animator:Shuna"],"picked":"animator:Emonzaemon","floor":4},{"not_picked":["animator:Azekura","animator:Shichika"],"picked":"animator:UneriGinkaku","floor":5},{"not_picked":["animator:OrikoMikuni","animator:AcuraAkari"],"picked":"animator:Biyorigo","floor":6},{"not_picked":["animator:AcuraTooru","animator:Vesta"],"picked":"animator:KyokoSakura","floor":8},{"not_picked":["animator:DolaRiku","animator:Viivi"],"picked":"animator:Fredrika","floor":10},{"not_picked":["animator:ZankiKiguchi","animator:UneriGinkaku"],"picked":"animator:Nanami","floor":12},{"not_picked":["animator:Azekura","animator:DolaRiku"],"picked":"animator:YachiyoNanami","floor":14},{"not_picked":["animator:Shion","animator:Azekura"],"picked":"animator:ChlammyZell","floor":15},{"not_picked":["animator:Rimuru","animator:Biyorigo"],"picked":"animator:Hans","floor":16},{"not_picked":["animator:ChaikaBohdan","animator:Shigure"],"picked":"animator:Guy+1","floor":19},{"not_picked":["animator:SuzuneAmano","animator:IrohaTamaki"],"picked":"animator:MamiTomoe","floor":20},{"not_picked":["animator:Shuna","animator:Azekura"],"picked":"animator:ChaikaBohdan","floor":22},{"not_picked":["animator:DolaCouronne","animator:Shiro","animator:UneriGinkaku"],"picked":"SKIP","floor":26},{"not_picked":["animator:Jibril","animator:Mitsurugi","animator:Shion"],"picked":"SKIP","floor":28},{"not_picked":["animator:IrohaTamaki","animator:YachiyoNanami"],"picked":"animator:NagisaMomoe","floor":29},{"not_picked":["animator:Azekura","animator:Shichika"],"picked":"animator:IzunaHatsuse","floor":31}],"player_experience":179110,"relics_obtained":[{"floor":7,"key":"reliquary:RoseTintedGlasses"},{"floor":12,"key":"Letter Opener"},{"floor":14,"key":"War Paint"},{"floor":21,"key":"Nilry\u0027s Codex"},{"floor":24,"key":"reliquary:PrincelyHelmet"}],"event_choices":[{"cards_removed":["animator:CrowleyEusford"],"damage_healed":0,"gold_gain":0,"player_choice":"Elegance","damage_taken":0,"max_hp_gain":0,"max_hp_loss":0,"event_name":"Back to Basics","floor":23,"gold_loss":0},{"damage_healed":0,"gold_gain":0,"cards_transformed":["animator:KyokoSakura","animator:Fredrika"],"player_choice":"Became Test Subject","damage_taken":0,"max_hp_gain":0,"max_hp_loss":0,"event_name":"Drug Dealer","floor":27,"gold_loss":0,"cards_obtained":["animator:Darkness","animator:IzunaHatsuse"]}],"is_beta":false,"boss_relics":[{"not_picked":["SlaversCollar","reliquary:WritOfMandamus"],"picked":"Pandora\u0027s Box"}],"items_purged_floors":[22],"is_endless":false,"potions_floor_spawned":[4,8,12,14,20,28,29,31],"killed_by":"Snake Plant","ascension_level":0}}