{"host":"m7jrdcbl89w2s34c","time":1612798448,"event":{"mods":["AchievementEnabler","BaseMod","Bestiary","Block Reminder","Colored Map","Colored Powertips","Minty Spire (QoL Compilation)","Permanent Neow","Relic Stats","StSLib"],"gold_per_floor":[109,109,119,119,119,119,132,159,183,183,183,183],"floor_reached":11,"language":"ENG","playtime":321,"items_purged":[],"score":124,"play_id":"c984a0f0-a949-4194-bc19-ee144c3dc3ea","local_time":"20210208163408","is_ascension_mode":true,"campfire_choices":[{"floor":6.0,"key":"REST"}],"circlet_count":0,"master_deck":["AscendersBane","Strike_B","Strike_B","Strike_B","Strike_B","Defend_B","Defend_B","Defend_B","Zap+1","Dualcast","Ball Lightning","Cold Snap","Fission"],"relics":["Cracked Core","Torii","Orichalcum","MealTicket","Omamori","Ancient Tea Set"],"acts_visited":["Exordium"],"potions_floor_usage":[],"damage_taken":[{"damage":0.0,"enemies":"2 Louse","floor":1.0,"turns":2.0},{"damage":0.0,"enemies":"Cultist","floor":3.0,"turns":3.0},{"damage":0.0,"enemies":"Small Slimes","floor":7.0,"turns":2.0},{"damage":12.0,"enemies":"Lagavulin","floor":8.0,"turns":4.0},{"damage":16,"enemies":"Gremlin Nob","floor":11,"turns":2}],"seed_played":"-316130647717200624","potions_obtained":[{"floor":1.0,"key":"Block Potion"},{"floor":7.0,"key":"BlessingOfTheForge"}],"is_trial":false,"path_per_floor":["M","?","M","?","?","R","M","E","T","T","E"],"character_chosen":"DEFECT","items_purchased":[],"campfire_rested":1,"item_purchase_floors":[],"current_hp_per_floor":[46,46,46,1,1,22,22,10,10,10,0,0],"gold":183,"neow_bonus":"ONE_RARE_RELIC","is_daily":false,"chose_seed":false,"campfire_upgraded":0,"win_rate":0.0,"timestamp":1612798448,"path_taken":["M","?","?","?","?","R","M","E","T","?","E"],"items_purchased_type":[],"build_version":"2020-12-22","purchased_purges":0,"victory":false,"max_hp_per_floor":[71,71,71,71,71,71,71,71,71,71,71,71],"relic_stats":{"Torii":0,"counters":[5,13],"MealTicket":0,"Orichalcum":[30],"obtain_stats":[{"Torii":0,"MealTicket":8,"Omamori":9,"Orichalcum":4,"Cracked Core":0,"Ancient Tea Set":10},{"Torii":0,"MealTicket":4,"Omamori":4,"Orichalcum":2,"Cracked Core":0,"Ancient Tea Set":4},{"Torii":0,"MealTicket":11,"Omamori":11,"Orichalcum":5,"Cracked Core":0,"Ancient Tea Set":11}]},"card_choices":[{"not_picked":["White Noise","Chill"],"picked":"Ball Lightning","floor":1.0},{"not_picked":["Redo","Undo"],"picked":"Cold Snap","floor":3.0},{"not_picked":["Gash","Rebound","Redo"],"picked":"SKIP","floor":7.0},{"not_picked":["Rebound","Storm"],"picked":"Fission","floor":8.0}],"player_experience":257011,"relics_obtained":[{"floor":8.0,"key":"MealTicket"},{"floor":9.0,"key":"Omamori"},{"floor":10.0,"key":"Ancient Tea Set"}],"event_choices":[{"cards_removed":["Defend_B"],"damage_healed":0.0,"max_hp_gain":0.0,"max_hp_loss":0.0,"gold_gain":0.0,"event_name":"Purifier","player_choice":"Purged","floor":2.0,"gold_loss":0.0,"damage_taken":0.0},{"damage_healed":0.0,"max_hp_gain":0.0,"max_hp_loss":0.0,"gold_gain":0.0,"event_name":"Scrap Ooze","player_choice":"Success","floor":4.0,"gold_loss":0.0,"damage_taken":45.0,"relics_obtained":["Orichalcum"]},{"damage_healed":0.0,"max_hp_gain":0.0,"max_hp_loss":0.0,"gold_gain":0.0,"event_name":"Living Wall","player_choice":"Grow","floor":5.0,"gold_loss":0.0,"damage_taken":0.0,"cards_upgraded":["Zap"]}],"is_beta":false,"boss_relics":[],"items_purged_floors":[],"is_endless":false,"potions_floor_spawned":[1,7],"killed_by":"Gremlin Nob","ascension_level":15}}