{"host":"1sn8m3l2btf1jbx1","time":1612766681,"event":{"mods":["AchievementEnabler","BaseMod","Colored Map","Colored Powertips","Highlight Path","Minty Spire (QoL Compilation)","Quick Restart","Rare Cards Sparkle","StSLib"],"gold_per_floor":[367,442,462,135,135,166,177,177,177,177,177,196,207,207,207,330,330,355,355,355,378,288,315,315,325,405,405,440,440,450,450,450,450,450],"floor_reached":33,"language":"ZHS","playtime":1478,"items_purged":["Strike_R"],"score":418,"play_id":"78473de7-e214-4177-83e0-8cc75387ba08","local_time":"20210208144441","is_ascension_mode":true,"campfire_choices":[{"data":"Body Slam","floor":8.0,"key":"SMITH"},{"data":"True Grit","floor":11.0,"key":"SMITH"},{"data":"Armaments","floor":15.0,"key":"SMITH"},{"data":"Fiend Fire","floor":24,"key":"SMITH"},{"data":"Spot Weakness","floor":27,"key":"SMITH"},{"data":"Feel No Pain","floor":29,"key":"SMITH"},{"data":"Bite","floor":32,"key":"SMITH"}],"circlet_count":0,"master_deck":["Defend_R","Defend_R","Defend_R","Defend_R","Bash","Fire Breathing","Power Through+1","Body Slam+1","True Grit+1","Twin Strike+1","Armaments+1","Fiend Fire+1","Spot Weakness+1","Bite+1","Bite","Bite","Bite","Bite","Inflame+1","Sentinel+1","Feel No Pain+1","Seeing Red+1"],"relics":["Burning Blood","Paper Frog","Meat on the Bone","Gremlin Horn","Bloody Idol","Runic Pyramid","Art of War","Bronze Scales","Letter Opener","Toy Ornithopter"],"acts_visited":["Exordium","TheCity"],"potions_floor_usage":[],"damage_taken":[{"damage":5.0,"enemies":"Small Slimes","floor":1.0,"turns":3.0},{"damage":2.0,"enemies":"2 Louse","floor":3.0,"turns":3.0},{"damage":28.0,"enemies":"3 Sentries","floor":6.0,"turns":7.0},{"damage":0.0,"enemies":"Cultist","floor":7.0,"turns":4.0},{"damage":4.0,"enemies":"3 Louse","floor":12.0,"turns":4.0},{"damage":11.0,"enemies":"Large Slime","floor":13.0,"turns":8.0},{"damage":12.0,"enemies":"Slime Boss","floor":16.0,"turns":8.0},{"damage":3,"enemies":"Chosen","floor":18,"turns":4},{"damage":59,"enemies":"Book of Stabbing","floor":23,"turns":6},{"damage":0,"enemies":"Spheric Guardian","floor":25,"turns":2},{"damage":35,"enemies":"Slavers","floor":28,"turns":5},{"damage":24,"enemies":"Snake Plant","floor":30,"turns":3},{"damage":82,"enemies":"Automaton","floor":33,"turns":6}],"seed_played":"-82464880625430381","potions_obtained":[{"floor":13.0,"key":"LiquidMemories"},{"floor":23,"key":"BlessingOfTheForge"}],"is_trial":false,"path_per_floor":["M","?","M","$","?","E","M","R","T","?","R","M","M","?","R","B",null,"M","?","?","T","?","E","R","M","T","R","E","R","M","?","R","B"],"character_chosen":"IRONCLAD","items_purchased":["Fire Breathing","Power Through","Body Slam","True Grit"],"campfire_rested":0,"item_purchase_floors":[4,4,4,4],"current_hp_per_floor":[72,61,65,65,62,40,46,46,46,46,46,48,43,43,43,49,66,69,69,50,50,50,24,24,37,42,42,39,39,43,43,43,0,0],"gold":450,"neow_bonus":"TWO_FIFTY_GOLD","is_daily":false,"chose_seed":false,"campfire_upgraded":7,"win_rate":0.0,"timestamp":1612766681,"path_taken":["M","?","M","$","?","E","M","R","T","?","R","?","M","?","R","BOSS","M","?","?","?","?","E","R","?","T","R","E","R","M","?","R","BOSS"],"items_purchased_type":["Card","Card","Card","Card"],"build_version":"2020-12-22","purchased_purges":1,"victory":false,"max_hp_per_floor":[72,72,72,72,72,72,72,72,72,72,72,72,72,72,72,72,72,72,72,50,50,50,50,50,50,50,50,50,50,50,50,50,50,50],"card_choices":[{"not_picked":["Wild Strike","Havoc","True Grit"],"picked":"SKIP","floor":1.0},{"not_picked":["Blood for Blood","Reckless Charge","Headbutt"],"picked":"SKIP","floor":3.0},{"not_picked":["Twin Strike","Body Slam","Cleave"],"picked":"SKIP","floor":6.0},{"not_picked":["Pommel Strike","Disarm","Heavy Blade"],"picked":"SKIP","floor":7.0},{"not_picked":["Twin Strike","Wild Strike"],"picked":"Armaments","floor":12.0},{"not_picked":["Thunderclap","Twin Strike","Headbutt"],"picked":"SKIP","floor":13.0},{"not_picked":["Corruption","Limit Break"],"picked":"Fiend Fire","floor":16.0},{"not_picked":["Twin Strike","Anger+1"],"picked":"Spot Weakness","floor":18},{"not_picked":["Headbutt","Body Slam"],"picked":"Inflame+1","floor":23},{"not_picked":["Headbutt","Clothesline"],"picked":"Sentinel+1","floor":25},{"not_picked":["Wild Strike","Feed"],"picked":"Feel No Pain","floor":28},{"not_picked":["Pommel Strike+1","Shrug It Off"],"picked":"Seeing Red+1","floor":30}],"player_experience":301184,"relics_obtained":[{"floor":6.0,"key":"Meat on the Bone"},{"floor":9.0,"key":"Gremlin Horn"},{"floor":21,"key":"Art of War"},{"floor":23,"key":"Bronze Scales"},{"floor":26,"key":"Letter Opener"},{"floor":28,"key":"Toy Ornithopter"}],"event_choices":[{"damage_healed":0.0,"max_hp_gain":0.0,"max_hp_loss":0.0,"gold_gain":75.0,"event_name":"World of Goop","player_choice":"Gather Gold","floor":2.0,"gold_loss":0.0,"damage_taken":11.0},{"damage_healed":0.0,"max_hp_gain":0.0,"max_hp_loss":0.0,"gold_gain":0.0,"event_name":"Scrap Ooze","player_choice":"Success","floor":5.0,"gold_loss":0.0,"damage_taken":3.0,"relics_obtained":["Paper Frog"]},{"damage_healed":0.0,"max_hp_gain":0.0,"max_hp_loss":0.0,"gold_gain":0.0,"cards_transformed":["Strike_R"],"event_name":"Transmorgrifier","player_choice":"Transformed","floor":10.0,"gold_loss":0.0,"damage_taken":0.0,"cards_obtained":["Twin Strike"]},{"damage_healed":0.0,"max_hp_gain":0.0,"max_hp_loss":0.0,"gold_gain":0.0,"event_name":"Golden Idol","player_choice":"Take Wound","floor":14.0,"gold_loss":0.0,"damage_taken":0.0,"relics_obtained":["Golden Idol"],"cards_obtained":["Injury"]},{"damage_healed":0,"gold_gain":0,"player_choice":"Gave Idol","damage_taken":0,"relics_obtained":["Bloody Idol"],"max_hp_gain":0,"max_hp_loss":0,"event_name":"Forgotten Altar","floor":19,"relics_lost":["Golden Idol"],"gold_loss":0},{"damage_healed":0,"gold_gain":0,"player_choice":"Became a vampire","damage_taken":0,"max_hp_gain":0,"max_hp_loss":22,"event_name":"Vampires","floor":20,"gold_loss":0,"cards_obtained":["Bite","Bite","Bite","Bite","Bite"]},{"cards_removed":["Injury"],"damage_healed":0,"gold_gain":0,"player_choice":"Upgrade and Remove","damage_taken":0,"max_hp_gain":0,"max_hp_loss":0,"event_name":"Designer","floor":22,"gold_loss":90,"cards_upgraded":["Twin Strike"]},{"damage_healed":0,"gold_gain":0,"player_choice":"Upgraded","damage_taken":0,"max_hp_gain":0,"max_hp_loss":0,"event_name":"Upgrade Shrine","floor":31,"gold_loss":0,"cards_upgraded":["Power Through"]}],"is_beta":false,"boss_relics":[{"not_picked":["Pandora\u0027s Box","Snecko Eye"],"picked":"Runic Pyramid"}],"items_purged_floors":[4],"is_endless":false,"potions_floor_spawned":[13,23],"killed_by":"Automaton","ascension_level":8}}