{"host":"yn1175etg9ni8l0q","time":1612786621,"event":{"mods":["AchievementEnabler","BaseMod","Colored Map","Colored Powertips","DeckTracker","Minty Spire (QoL Compilation)","Rare Cards Sparkle","Relic Stats","SuperFastMode","everything is the same but u backflip on backflip"],"gold_per_floor":[113,123,143,153,168,168,179,179,179,197,208,208,227,227,227,328,328,346,271,282,293,208,208,208,243,295,295,327,359,371,395,407,524,536,561,573,635,659,671,718,746,793,831,943,442,462,476,494,494,494,494,494,46,78,78],"floor_reached":56,"language":"KOR","playtime":2510,"items_purged":["Strike_P","EmptyFist+1"],"score":1345,"play_id":"de22bdc7-07c8-44a8-88c4-70ada5a9176d","local_time":"20210208211701","is_ascension_mode":false,"campfire_choices":[{"data":"Eruption","floor":6.0,"key":"SMITH"},{"floor":15.0,"key":"REST"},{"floor":23.0,"key":"RECALL"},{"floor":27.0,"key":"REST"},{"floor":32.0,"key":"REST"},{"floor":49.0,"key":"REST"},{"floor":52.0,"key":"REST"}],"circlet_count":0,"master_deck":["Eruption+1","Vigilance+1","Devotion+1","EmptyFist+1","WheelKick+1","FlurryOfBlows+1","LessonLearned+1","Prostrate+1","Wallop+1","Vault+1","MentalFortress+1","EmptyMind+1","DevaForm+1","Fasting2+1","DevaForm+1","Scrawl+1","Sanctity+1","Brilliance+1","DeusExMachina+1"],"relics":["PureWater","Kunai","Sundial","Fusion Hammer","Juzu Bracelet","Bird Faced Urn","Pen Nib","MawBank","Pandora\u0027s Box","CloakClasp","Thread and Needle","HornCleat","Bottled Tornado","Lee\u0027s Waffle","Membership Card","Gambling Chip","Centennial Puzzle","Boot"],"acts_visited":["Exordium","TheCity","TheBeyond","TheEnding"],"potions_floor_usage":[55,55,55],"damage_taken":[{"damage":0.0,"enemies":"2 Louse","floor":1.0,"turns":2.0},{"damage":3.0,"enemies":"Jaw Worm","floor":2.0,"turns":4.0},{"damage":0.0,"enemies":"Cultist","floor":3.0,"turns":3.0},{"damage":7.0,"enemies":"Blue Slaver","floor":4.0,"turns":4.0},{"damage":10.0,"enemies":"Gremlin Gang","floor":5.0,"turns":4.0},{"damage":0.0,"enemies":"Looter","floor":7.0,"turns":1.0},{"damage":16.0,"enemies":"Exordium Wildlife","floor":10.0,"turns":2.0},{"damage":7.0,"enemies":"Gremlin Gang","floor":11.0,"turns":4.0},{"damage":0.0,"enemies":"Exordium Thugs","floor":13.0,"turns":6.0},{"damage":0.0,"enemies":"Hexaghost","floor":16.0,"turns":8.0},{"damage":1.0,"enemies":"Shell Parasite","floor":18.0,"turns":4.0},{"damage":0.0,"enemies":"3 Byrds","floor":20.0,"turns":5.0},{"damage":0.0,"enemies":"Centurion and Healer","floor":21.0,"turns":6.0},{"damage":33.0,"enemies":"Book of Stabbing","floor":25.0,"turns":5.0},{"damage":22.0,"enemies":"Gremlin Leader","floor":28.0,"turns":5.0},{"damage":0.0,"enemies":"Sentry and Sphere","floor":29.0,"turns":3.0},{"damage":0.0,"enemies":"3 Cultists","floor":31.0,"turns":5.0},{"damage":8.0,"enemies":"Collector","floor":33.0,"turns":5.0},{"damage":27.0,"enemies":"3 Shapes","floor":35.0,"turns":3.0},{"damage":1.0,"enemies":"Mind Bloom Boss Battle","floor":37.0,"turns":5.0},{"damage":0.0,"enemies":"3 Darklings","floor":38.0,"turns":5.0},{"damage":0.0,"enemies":"Giant Head","floor":40.0,"turns":6.0},{"damage":15.0,"enemies":"Jaw Worm Horde","floor":41.0,"turns":5.0},{"damage":16.0,"enemies":"Reptomancer","floor":42.0,"turns":7.0},{"damage":0.0,"enemies":"Maw","floor":46.0,"turns":5.0},{"damage":22.0,"enemies":"4 Shapes","floor":47.0,"turns":4.0},{"damage":0.0,"enemies":"Transient","floor":48.0,"turns":6.0},{"damage":78.0,"enemies":"Time Eater","floor":50.0,"turns":7.0},{"damage":5,"enemies":"Shield and Spear","floor":54,"turns":4},{"damage":5,"enemies":"The Heart","floor":55,"turns":8}],"seed_played":"1985470410351679310","potions_obtained":[{"floor":2.0,"key":"FearPotion"},{"floor":5.0,"key":"Regen Potion"},{"floor":10.0,"key":"FearPotion"},{"floor":11.0,"key":"SkillPotion"},{"floor":18.0,"key":"Explosive Potion"},{"floor":28.0,"key":"GamblersBrew"},{"floor":33.0,"key":"PowerPotion"},{"floor":36.0,"key":"BottledMiracle"},{"floor":38.0,"key":"Strength Potion"},{"floor":40.0,"key":"Dexterity Potion"}],"is_trial":false,"path_per_floor":["M","M","M","M","M","R","M","?","T","M","M","?","M","?","R","B",null,"M","$","M","M","?","R","?","E","T","R","E","M","?","M","R","B",null,"M","?","?","M","?","E","M","E","T","?","$","M","M","M","R","B",null,"R","$","E","B",null],"character_chosen":"WATCHER","items_purchased":["Bottled Tornado","Lee\u0027s Waffle","Membership Card","Gambling Chip","Centennial Puzzle","DeusExMachina","SteroidPotion"],"campfire_rested":5,"item_purchase_floors":[45,45,53,53,53,53,53],"current_hp_per_floor":[72,69,69,62,52,52,52,38,38,22,15,8,8,8,29,44,72,71,71,71,71,71,71,71,38,38,59,41,45,45,49,70,64,72,45,45,54,64,64,72,63,57,57,57,79,79,63,73,79,5,79,79,79,78,79],"gold":78,"neow_bonus":"TRANSFORM_CARD","is_daily":false,"chose_seed":false,"campfire_upgraded":1,"win_rate":0.0,"timestamp":1612786621,"path_taken":["M","M","M","M","M","R","M","?","T","M","M","?","M","?","R","BOSS","M","$","M","M","?","R","?","E","T","R","E","M","?","M","R","BOSS","M","?","?","M","?","E","M","E","T","?","$","M","M","M","R","BOSS","R","$","E","BOSS"],"items_purchased_type":["Relic","Relic","Relic","Relic","Relic","Card","Potion"],"build_version":"2020-12-22","purchased_purges":2,"victory":true,"max_hp_per_floor":[72,72,72,72,72,72,72,72,72,72,72,72,72,72,72,72,72,72,72,72,72,72,72,72,72,72,72,72,72,72,72,72,72,72,72,72,72,72,72,72,72,72,72,72,79,79,79,79,79,79,79,79,79,79,79],"relic_stats":{"Lee\u0027s Waffle":22,"counters":[30,141],"Pen Nib":[21],"Juzu Bracelet":3,"CloakClasp":[155],"MawBank":204,"Boot":[0],"Centennial Puzzle":[5],"Sundial":[42],"Bird Faced Urn":[88],"Gambling Chip":[9],"Pandora\u0027s Box":["Fasting2","DevaForm","Scrawl","SpiritShield","Sanctity"],"Kunai":[61],"obtain_stats":[{"Lee\u0027s Waffle":45,"Thread and Needle":40,"Pen Nib":26,"Juzu Bracelet":22,"CloakClasp":37,"Bottled Tornado":45,"MawBank":28,"Boot":54,"Centennial Puzzle":53,"HornCleat":42,"Sundial":12,"Bird Faced Urn":25,"Gambling Chip":53,"Pandora\u0027s Box":34,"Fusion Hammer":17,"Kunai":9,"Membership Card":53,"PureWater":0},{"Lee\u0027s Waffle":24,"Thread and Needle":22,"Pen Nib":14,"Juzu Bracelet":13,"CloakClasp":20,"Bottled Tornado":24,"MawBank":15,"Boot":29,"Centennial Puzzle":28,"HornCleat":24,"Sundial":8,"Bird Faced Urn":14,"Gambling Chip":28,"Pandora\u0027s Box":18,"Fusion Hammer":10,"Kunai":6,"Membership Card":28,"PureWater":0},{"Lee\u0027s Waffle":107,"Thread and Needle":95,"Pen Nib":58,"Juzu Bracelet":53,"CloakClasp":84,"Bottled Tornado":107,"MawBank":63,"Boot":133,"Centennial Puzzle":129,"HornCleat":107,"Sundial":24,"Bird Faced Urn":58,"Gambling Chip":129,"Pandora\u0027s Box":76,"Fusion Hammer":38,"Kunai":18,"Membership Card":129,"PureWater":0}]},"card_choices":[{"not_picked":["SashWhip","ThirdEye"],"picked":"EmptyFist","floor":1.0},{"not_picked":["PathToVictory","Sanctity"],"picked":"WheelKick","floor":2.0},{"not_picked":["Sanctity","Evaluate","CarveReality"],"picked":"SKIP","floor":3.0},{"not_picked":["FlyingSleeves","Indignation"],"picked":"FlurryOfBlows","floor":4.0},{"not_picked":["WreathOfFlame","ThirdEye","EmptyFist"],"picked":"SKIP","floor":5.0},{"not_picked":["Evaluate","PathToVictory"],"picked":"LessonLearned","floor":7.0},{"not_picked":["BowlingBash","Consecrate"],"picked":"Prostrate","floor":10.0},{"not_picked":["Wireheading","CutThroughFate"],"picked":"Wallop","floor":11.0},{"not_picked":["Halt","BowlingBash","FlyingSleeves"],"picked":"SKIP","floor":13.0},{"not_picked":["ConjureBlade","Brilliance"],"picked":"Vault","floor":16.0},{"not_picked":["ThirdEye+1","PathToVictory"],"picked":"MentalFortress+1","floor":18.0},{"not_picked":["FlurryOfBlows+1","ClearTheMind+1"],"picked":"EmptyMind+1","floor":20.0},{"not_picked":["Crescendo","Protect+1","PathToVictory"],"picked":"SKIP","floor":21.0},{"not_picked":["LikeWater+1","WindmillStrike","Conclude"],"picked":"SKIP","floor":25.0},{"not_picked":["Crescendo+1","Nirvana","Perseverance"],"picked":"SKIP","floor":28.0},{"not_picked":["ForeignInfluence","LikeWater","PathToVictory"],"picked":"SKIP","floor":29.0},{"not_picked":["Consecrate","JustLucky+1","FlyingSleeves"],"picked":"SKIP","floor":31.0},{"not_picked":["DeusExMachina","Alpha"],"picked":"DevaForm","floor":33.0},{"not_picked":["Halt+1","Swivel","EmptyBody+1"],"picked":"SKIP","floor":35.0},{"not_picked":["Perseverance","EmptyFist","Evaluate+1"],"picked":"SKIP","floor":38.0},{"not_picked":["Pray","FollowUp","Prostrate+1"],"picked":"SKIP","floor":40.0},{"not_picked":["Halt","FollowUp+1","ThirdEye"],"picked":"SKIP","floor":41.0},{"not_picked":["FollowUp","PathToVictory+1","Halt"],"picked":"SKIP","floor":42.0},{"not_picked":["EmptyBody+1","PathToVictory+1"],"picked":"Brilliance","floor":46.0},{"not_picked":["Protect+1","FollowUp+1","ThirdEye"],"picked":"SKIP","floor":47.0},{"not_picked":["Halt+1","SashWhip","Consecrate"],"picked":"SKIP","floor":48.0},{"not_picked":["WheelKick","ClearTheMind","ThirdEye+1"],"picked":"SKIP","floor":54}],"player_experience":365738,"relics_obtained":[{"floor":9.0,"key":"Kunai"},{"floor":25.0,"key":"Bird Faced Urn"},{"floor":26.0,"key":"Pen Nib"},{"floor":28.0,"key":"MawBank"},{"floor":37.0,"key":"CloakClasp"},{"floor":40.0,"key":"Thread and Needle"},{"floor":42.0,"key":"HornCleat"},{"floor":54,"key":"Boot"}],"event_choices":[{"damage_healed":0.0,"max_hp_gain":0.0,"max_hp_loss":0.0,"gold_gain":0.0,"event_name":"Shining Light","player_choice":"Entered Light","floor":8.0,"gold_loss":0.0,"damage_taken":14.0,"cards_upgraded":["FlurryOfBlows","Defend_P"]},{"damage_healed":0.0,"max_hp_gain":0.0,"max_hp_loss":0.0,"gold_gain":0.0,"event_name":"Scrap Ooze","player_choice":"Success","floor":12.0,"gold_loss":0.0,"damage_taken":7.0,"relics_obtained":["Sundial"]},{"damage_healed":0.0,"max_hp_gain":0.0,"max_hp_loss":0.0,"gold_gain":0.0,"event_name":"Upgrade Shrine","player_choice":"Upgraded","floor":14.0,"gold_loss":0.0,"damage_taken":0.0,"cards_upgraded":["LessonLearned"]},{"damage_healed":0.0,"max_hp_gain":0.0,"max_hp_loss":0.0,"gold_gain":0.0,"event_name":"Addict","player_choice":"Obtained Relic","floor":22.0,"gold_loss":85.0,"damage_taken":0.0,"relics_obtained":["Juzu Bracelet"]},{"cards_removed":["Defend_P"],"damage_healed":0.0,"max_hp_gain":0.0,"max_hp_loss":0.0,"gold_gain":0.0,"event_name":"NoteForYourself","player_choice":"Took Card","floor":24.0,"gold_loss":0.0,"damage_taken":0.0,"cards_obtained":["Defend_G"]},{"cards_removed":["Defend_P"],"damage_healed":0.0,"max_hp_gain":0.0,"max_hp_loss":0.0,"gold_gain":0.0,"event_name":"Back to Basics","player_choice":"Elegance","floor":30.0,"gold_loss":0.0,"damage_taken":0.0},{"damage_healed":0.0,"max_hp_gain":0.0,"max_hp_loss":0.0,"gold_gain":0.0,"event_name":"Lab","player_choice":"Got Potions","floor":36.0,"gold_loss":0.0,"damage_taken":0.0},{"damage_healed":0.0,"max_hp_gain":0.0,"max_hp_loss":0.0,"gold_gain":0.0,"event_name":"MindBloom","player_choice":"Fight","floor":37.0,"gold_loss":0.0,"damage_taken":0.0},{"damage_healed":0.0,"max_hp_gain":0.0,"max_hp_loss":0.0,"gold_gain":0.0,"cards_transformed":["SpiritShield"],"event_name":"Transmorgrifier","player_choice":"Transformed","floor":39.0,"gold_loss":0.0,"damage_taken":0.0,"cards_obtained":["EmptyFist"]},{"damage_healed":0.0,"max_hp_gain":0.0,"max_hp_loss":0.0,"gold_gain":100.0,"event_name":"Golden Shrine","player_choice":"Pray","floor":44.0,"gold_loss":0.0,"damage_taken":0.0}],"is_beta":false,"boss_relics":[{"not_picked":["Empty Cage","Cursed Key"],"picked":"Fusion Hammer"},{"not_picked":["Philosopher\u0027s Stone","SacredBark"],"picked":"Pandora\u0027s Box"}],"items_purged_floors":[19,45],"is_endless":false,"potions_floor_spawned":[2,5,10,11,18,28,33,38,40,41,48],"ascension_level":0}}