{"host":"mnpd8gh7cwxsn5kh","time":1612814216,"event":{"mods":["BaseMod","Bestiary","Block Reminder","Colored Map","Colored Powertips","Highlight Path","Minty Spire (QoL Compilation)","Relic Sorter","Relic Stats"],"gold_per_floor":[217,229,229,229,28,28,43,66,92,92,167,167,201,201,201,325,325,346,159,159,15,15,15,55,55,55,55,98,113,153,168,168,293,293,314,314,0,21,42,81,96,96,96,96,96,117,47,65,65,65],"floor_reached":51,"language":"ENG","playtime":5321,"items_purged":["Strike_B","Strike_B"],"score":1106,"play_id":"d1f9e11b-8cfe-46cc-8d65-4ec3ad1c81ae","local_time":"20210208205656","is_ascension_mode":true,"campfire_choices":[{"data":"Doom and Gloom","floor":6,"key":"SMITH"},{"data":"Streamline","floor":12,"key":"SMITH"},{"data":"Hologram","floor":15,"key":"SMITH"},{"data":"Fission","floor":23,"key":"SMITH"},{"data":"Hologram","floor":25,"key":"SMITH"},{"data":"Sweeping Beam","floor":27,"key":"SMITH"},{"floor":32,"key":"REST"},{"floor":45,"key":"REST"},{"floor":49,"key":"REST"}],"circlet_count":0,"master_deck":["AscendersBane","Strike_B","Strike_B","Defend_B","Defend_B","Defend_B+1","Defend_B","Zap","Dualcast+1","BootSequence","Sweeping Beam+1","Doom and Gloom+1","Coolheaded","Streamline+1","Hologram+1","Fission+1","Leap","Capacitor","Coolheaded","Glacier+1","Go for the Eyes+1","Steam","Hologram+1","Stack","Electrodynamics","Self Repair","Echo Form","Stack","Self Repair","Capacitor+1","Conserve Battery","Machine Learning+1","Force Field"],"relics":["Cracked Core","Golden Idol","War Paint","Oddly Smooth Stone","Nuclear Battery","Enchiridion","Orrery","Molten Egg 2","Unceasing Top","Letter Opener","Red Mask","Cursed Key","Frozen Egg 2","Boot"],"acts_visited":["Exordium","TheCity","TheBeyond"],"potions_floor_usage":[13,16,30,42,50,50],"damage_taken":[{"damage":7,"enemies":"Jaw Worm","floor":1,"turns":3},{"damage":0,"enemies":"Cultist","floor":2,"turns":4},{"damage":0,"enemies":"Small Slimes","floor":7,"turns":3},{"damage":4,"enemies":"Blue Slaver","floor":8,"turns":4},{"damage":8,"enemies":"Lagavulin","floor":13,"turns":7},{"damage":31,"enemies":"Hexaghost","floor":16,"turns":12},{"damage":0,"enemies":"Chosen","floor":18,"turns":4},{"damage":4,"enemies":"Book of Stabbing","floor":24,"turns":6},{"damage":24,"enemies":"Gremlin Leader","floor":28,"turns":8},{"damage":2,"enemies":"Spheric Guardian","floor":29,"turns":9},{"damage":0,"enemies":"Masked Bandits","floor":30,"turns":2},{"damage":7,"enemies":"Centurion and Healer","floor":31,"turns":10},{"damage":43,"enemies":"Automaton","floor":33,"turns":10},{"damage":0,"enemies":"3 Shapes","floor":35,"turns":2},{"damage":0,"enemies":"3 Darklings","floor":38,"turns":2},{"damage":2,"enemies":"Writhing Mass","floor":39,"turns":12},{"damage":46,"enemies":"Giant Head","floor":40,"turns":11},{"damage":38,"enemies":"Transient","floor":41,"turns":5},{"damage":0,"enemies":"Reptomancer","floor":42,"turns":2},{"damage":0,"enemies":"Maw","floor":46,"turns":7},{"damage":0,"enemies":"4 Shapes","floor":48,"turns":3},{"damage":16,"enemies":"Donu and Deca","floor":50,"turns":10}],"seed_played":"-6281858120992422800","potions_obtained":[{"floor":2,"key":"FairyPotion"},{"floor":4,"key":"Regen Potion"},{"floor":13,"key":"Strength Potion"},{"floor":16,"key":"Dexterity Potion"},{"floor":24,"key":"Swift Potion"},{"floor":39,"key":"EssenceOfSteel"},{"floor":41,"key":"SmokeBomb"},{"floor":46,"key":"CultistPotion"},{"floor":48,"key":"SkillPotion"}],"is_trial":false,"path_per_floor":["M","M","?","?","$","R","M","M","T","?","?","R","E","?","R","B",null,"M","$","?","$","?","R","E","R","T","R","E","M","?","M","R","B",null,"M","?","$","M","M","E","M","E","T","$","R","M","$","M","R","B",null],"character_chosen":"DEFECT","items_purchased":["Doom and Gloom","Coolheaded","Capacitor","Coolheaded","Orrery","Frozen Egg 2","Capacitor+1","Force Field"],"campfire_rested":3,"item_purchase_floors":[5,5,19,19,21,37,37,47],"current_hp_per_floor":[61,61,61,61,61,61,61,57,57,57,46,46,53,58,58,27,62,62,62,46,46,46,46,42,42,42,42,18,16,16,16,38,19,60,60,60,60,74,74,42,18,18,18,18,40,61,61,61,74,58],"gold":65,"neow_bonus":"HUNDRED_GOLD","is_daily":false,"chose_seed":false,"campfire_upgraded":6,"win_rate":0.0,"timestamp":1612814216,"path_taken":["M","M","?","?","$","R","M","?","T","?","?","R","E","?","R","BOSS","M","$","?","$","?","R","E","R","T","R","E","M","?","M","R","BOSS","M","?","$","M","M","E","M","E","T","$","R","M","$","M","R","BOSS"],"items_purchased_type":["Card","Card","Card","Card","Relic","Relic","Card","Card"],"build_version":"2020-12-22","purchased_purges":2,"victory":true,"max_hp_per_floor":[75,75,69,69,69,69,69,69,69,69,69,69,69,74,74,74,74,74,74,74,74,74,74,74,74,74,74,74,74,74,74,74,74,74,74,74,74,74,74,74,74,74,74,74,74,74,74,74,74,74],"relic_stats":{"counters":[22,136],"Golden Idol":164,"Letter Opener":[270],"War Paint":["Defend_B","Dualcast"],"Cursed Key":0,"Boot":[7],"obtain_stats":[{"Golden Idol":3,"Oddly Smooth Stone":13,"Enchiridion":20,"Letter Opener":28,"War Paint":9,"Frozen Egg 2":37,"Cursed Key":34,"Boot":40,"Nuclear Battery":17,"Orrery":21,"Molten Egg 2":24,"Red Mask":30,"Cracked Core":0,"Unceasing Top":26},{"Golden Idol":2,"Oddly Smooth Stone":5,"Enchiridion":7,"Letter Opener":9,"War Paint":4,"Frozen Egg 2":14,"Cursed Key":13,"Boot":17,"Nuclear Battery":6,"Orrery":7,"Molten Egg 2":8,"Red Mask":11,"Cracked Core":0,"Unceasing Top":8},{"Golden Idol":7,"Oddly Smooth Stone":21,"Enchiridion":37,"Letter Opener":51,"War Paint":14,"Frozen Egg 2":84,"Cursed Key":82,"Boot":109,"Nuclear Battery":33,"Orrery":37,"Molten Egg 2":43,"Red Mask":62,"Cracked Core":0,"Unceasing Top":43}],"Unceasing Top":[5]},"card_choices":[{"not_picked":["Gash","Leap"],"picked":"BootSequence","floor":1},{"not_picked":["Barrage","Defragment"],"picked":"Sweeping Beam","floor":2},{"not_picked":["Loop","Hologram"],"picked":"Streamline","floor":7},{"not_picked":["Beam Cell","Steam Power","Hello World"],"picked":"SKIP","floor":8},{"not_picked":["Beam Cell","Steam Power","Hello World"],"picked":"SKIP","floor":8},{"not_picked":["Fission","Loop"],"picked":"Hologram","floor":13},{"not_picked":["All For One","Core Surge"],"picked":"Fission","floor":16},{"not_picked":["Gash+1","Ball Lightning"],"picked":"Leap","floor":18},{"not_picked":["Cold Snap","Force Field"],"picked":"Glacier+1","floor":21},{"not_picked":["Fusion","Turbo"],"picked":"Go for the Eyes+1","floor":21},{"not_picked":["Compile Driver","Fusion"],"picked":"Steam","floor":21},{"not_picked":["BootSequence","Coolheaded"],"picked":"Hologram","floor":24},{"not_picked":["BootSequence","Compile Driver+1"],"picked":"Stack","floor":28},{"not_picked":["Reprogram","Cold Snap+1"],"picked":"Electrodynamics","floor":29},{"not_picked":["Reprogram","Redo+1"],"picked":"Self Repair","floor":30},{"not_picked":["Leap","Sweeping Beam+1","Steam"],"picked":"SKIP","floor":31},{"not_picked":["Machine Learning","Amplify"],"picked":"Echo Form","floor":33},{"not_picked":["Steam","Loop"],"picked":"Stack","floor":35},{"not_picked":["Compile Driver+1","Turbo","Auto Shields"],"picked":"SKIP","floor":38},{"not_picked":["Compile Driver+1","Turbo","Auto Shields"],"picked":"SKIP","floor":38},{"not_picked":["Barrage+1","Beam Cell+1"],"picked":"Conserve Battery","floor":39},{"not_picked":["Aggregate+1","Genetic Algorithm"],"picked":"Machine Learning+1","floor":40},{"not_picked":["Turbo","Gash+1","Stack"],"picked":"SKIP","floor":41},{"not_picked":["Rip and Tear+1","Turbo","Auto Shields"],"picked":"SKIP","floor":46},{"not_picked":["Sweeping Beam+1","Stack","Heatsinks+1"],"picked":"SKIP","floor":48}],"player_experience":417163,"relics_obtained":[{"floor":9,"key":"War Paint"},{"floor":13,"key":"Oddly Smooth Stone"},{"floor":20,"key":"Enchiridion"},{"floor":24,"key":"Molten Egg 2"},{"floor":26,"key":"Unceasing Top"},{"floor":28,"key":"Letter Opener"},{"floor":30,"key":"Red Mask"},{"floor":40,"key":"Boot"}],"event_choices":[{"damage_healed":0,"gold_gain":0,"player_choice":"Lose Max HP","damage_taken":0,"relics_obtained":["Golden Idol"],"max_hp_gain":0,"max_hp_loss":6,"event_name":"Golden Idol","floor":3,"gold_loss":0},{"damage_healed":0,"gold_gain":0,"player_choice":"Got Potions","damage_taken":0,"max_hp_gain":0,"max_hp_loss":0,"event_name":"Lab","floor":4,"gold_loss":0},{"damage_healed":0,"gold_gain":0,"player_choice":"Ignored","damage_taken":0,"max_hp_gain":0,"max_hp_loss":0,"event_name":"Liars Game","floor":10,"gold_loss":0},{"damage_healed":0,"gold_gain":75,"player_choice":"Gather Gold","damage_taken":11,"max_hp_gain":0,"max_hp_loss":0,"event_name":"World of Goop","floor":11,"gold_loss":0},{"damage_healed":0,"gold_gain":0,"player_choice":"Donut","damage_taken":0,"max_hp_gain":5,"max_hp_loss":0,"event_name":"Big Fish","floor":14,"gold_loss":0},{"damage_healed":0,"gold_gain":0,"player_choice":"Obtained Book","damage_taken":16,"max_hp_gain":0,"max_hp_loss":0,"event_name":"Cursed Tome","floor":20,"gold_loss":0},{"damage_healed":0,"gold_gain":0,"player_choice":"Fought Bandits","damage_taken":0,"max_hp_gain":0,"max_hp_loss":0,"event_name":"Masked Bandits","floor":30,"gold_loss":0},{"damage_healed":0,"gold_gain":0,"player_choice":"Copied","damage_taken":0,"max_hp_gain":0,"max_hp_loss":0,"event_name":"Duplicator","floor":36,"gold_loss":0,"cards_obtained":["Self Repair"]}],"is_beta":false,"boss_relics":[{"not_picked":["Velvet Choker","SlaversCollar"],"picked":"Nuclear Battery"},{"not_picked":["Coffee Dripper","Runic Dome"],"picked":"Cursed Key"}],"items_purged_floors":[5,19],"is_endless":false,"potions_floor_spawned":[2,13,16,24,28,39,41,46,48],"ascension_level":12}}