{"host":"avybiddlniqinkgc","time":1612803596,"event":{"mods":["AchievementEnabler","BaseMod","Colored Map","DeckTracker","Highlight Path","KOR Keyword Fix","Keyboard Shortcuts","Minty Spire (QoL Compilation)","Permanent Neow","Quick Restart","Random Character Button","Rare Cards Sparkle","StSLib","SuperFastMode"],"gold_per_floor":[119,132,182,257,16,31,31,5,29,48,48,60,10,27,27,127,127,143,143,159,159,59,59,59,59],"floor_reached":24,"language":"KOR","playtime":280,"items_purged":["Corruption","Writhe"],"score":205,"play_id":"ee3e1f25-c5f6-441d-a5ce-f3d6c971ac61","local_time":"20210209015956","is_ascension_mode":true,"campfire_choices":[{"data":"Apotheosis","floor":7,"key":"SMITH"},{"data":"Searing Blow","floor":11,"key":"SMITH"},{"data":"Searing Blow+1","floor":15,"key":"SMITH"},{"data":"Searing Blow+2","floor":23,"key":"SMITH"}],"circlet_count":0,"master_deck":["Strike_R","Strike_R","Defend_R","Defend_R","Defend_R","Defend_R","Bash","Headbutt","Searing Blow+3","Apotheosis+1","Sever Soul","Cleave","Inflame","Fire Breathing","Thunderclap","Berserk","Shrug It Off","Whirlwind"],"relics":["Burning Blood","Blood Vial","Sozu","Potion Belt"],"acts_visited":["Exordium","TheCity"],"potions_floor_usage":[14],"damage_taken":[{"damage":6,"enemies":"Small Slimes","floor":1,"turns":5},{"damage":6,"enemies":"2 Louse","floor":2,"turns":3},{"damage":4,"enemies":"Jaw Worm","floor":6,"turns":3},{"damage":15,"enemies":"Exordium Wildlife","floor":10,"turns":4},{"damage":26,"enemies":"Blue Slaver","floor":12,"turns":3},{"damage":3,"enemies":"Lots of Slimes","floor":14,"turns":2},{"damage":33,"enemies":"The Guardian","floor":16,"turns":9},{"damage":30,"enemies":"Shell Parasite","floor":18,"turns":4},{"damage":37,"enemies":"3 Byrds","floor":20,"turns":5},{"damage":39,"enemies":"Gremlin Leader","floor":24,"turns":3}],"seed_played":"-2505610662326904314","potions_obtained":[{"floor":1,"key":"LiquidMemories"}],"is_trial":false,"path_per_floor":["M","M","?","?","$","M","R","$","T","M","R","M","?","M","R","B",null,"M","?","M","?","$","R","E"],"character_chosen":"IRONCLAD","items_purchased":["Apotheosis","Cleave"],"campfire_rested":0,"item_purchase_floors":[5,8],"current_hp_per_floor":[80,80,80,69,69,71,71,71,71,64,64,46,46,51,51,26,80,56,56,27,27,27,27,0,0],"gold":59,"neow_bonus":"TRANSFORM_CARD","is_daily":false,"chose_seed":false,"campfire_upgraded":4,"win_rate":0.0,"timestamp":1612803596,"path_taken":["M","M","?","?","$","M","R","$","T","M","R","M","?","M","R","BOSS","M","?","M","?","?","R","E"],"items_purchased_type":["Card","Card"],"build_version":"2020-12-22","purchased_purges":2,"victory":false,"max_hp_per_floor":[80,80,80,80,80,80,80,80,80,80,80,80,80,80,80,80,80,80,80,80,80,80,80,80,80],"card_choices":[{"not_picked":["Shockwave","Body Slam"],"picked":"Headbutt","floor":1},{"not_picked":["Havoc","Warcry"],"picked":"Searing Blow","floor":2},{"not_picked":["Wild Strike","Iron Wave"],"picked":"Sever Soul","floor":6},{"not_picked":["Anger","Pommel Strike"],"picked":"Inflame","floor":10},{"not_picked":["Pommel Strike","Headbutt"],"picked":"Fire Breathing","floor":12},{"not_picked":["Twin Strike","Dark Embrace"],"picked":"Thunderclap","floor":14},{"not_picked":["Corruption","Juggernaut"],"picked":"Berserk","floor":16},{"not_picked":["Entrench+1","True Grit"],"picked":"Shrug It Off","floor":18},{"not_picked":["Shockwave+1","Dropkick"],"picked":"Whirlwind","floor":20}],"player_experience":6073,"relics_obtained":[{"floor":9,"key":"Blood Vial"}],"event_choices":[{"damage_healed":0,"gold_gain":50,"player_choice":"Gained Gold","damage_taken":0,"max_hp_gain":0,"max_hp_loss":0,"event_name":"Golden Wing","floor":3,"gold_loss":0},{"damage_healed":0,"gold_gain":75,"player_choice":"Gather Gold","damage_taken":11,"max_hp_gain":0,"max_hp_loss":0,"event_name":"World of Goop","floor":4,"gold_loss":0},{"cards_removed":["Strike_R"],"damage_healed":0,"gold_gain":0,"player_choice":"Card Removal","damage_taken":0,"max_hp_gain":0,"max_hp_loss":0,"event_name":"The Cleric","floor":13,"gold_loss":50},{"cards_removed":["Strike_R"],"damage_healed":0,"gold_gain":0,"player_choice":"Elegance","damage_taken":0,"max_hp_gain":0,"max_hp_loss":0,"event_name":"Back to Basics","floor":19,"gold_loss":0},{"damage_healed":0,"gold_gain":0,"player_choice":"Opened","damage_taken":0,"relics_obtained":["Potion Belt"],"max_hp_gain":0,"max_hp_loss":0,"event_name":"The Mausoleum","floor":21,"gold_loss":0,"cards_obtained":["Writhe"]}],"is_beta":false,"boss_relics":[{"not_picked":["SacredBark","Black Star"],"picked":"Sozu"}],"items_purged_floors":[5,22],"is_endless":false,"potions_floor_spawned":[1,20],"killed_by":"Gremlin Leader","ascension_level":2}}