{"host":"13o02hya6v6rzuva","time":1612786992,"event":{"mods":["BaseMod","Minty Spire (QoL Compilation)","Relic Stats"],"gold_per_floor":[112,127,140,140,152,152,187,187,187,222,236,236,236,248,248,348,348,358,283,283,50,65,65,85,184,184,184,184,184,184],"floor_reached":29,"language":"ENG","playtime":1647,"items_purged":["Strike_G"],"score":361,"play_id":"505b8c73-d322-44ec-ab51-009780bbd49c","local_time":"20210208132312","is_ascension_mode":true,"campfire_choices":[{"data":"Bouncing Flask","floor":6,"key":"SMITH"},{"data":"Crippling Poison","floor":8,"key":"SMITH"},{"floor":12,"key":"REST"},{"floor":15,"key":"REST"},{"floor":23,"key":"REST"},{"floor":27,"key":"REST"}],"circlet_count":0,"master_deck":["AscendersBane","Strike_G","Defend_G","Defend_G","Defend_G","Defend_G","Defend_G","Survivor","Neutralize","Bouncing Flask+1","Crippling Poison+1","Cloak And Dagger","Poisoned Stab","Bane","Envenom","Leg Sweep","Footwork","Crippling Poison","Footwork"],"relics":["Ring of the Snake","NeowsBlessing","Bird Faced Urn","Ice Cream","Thread and Needle","SacredBark","MutagenicStrength"],"acts_visited":["Exordium","TheCity"],"potions_floor_usage":[10,16,29],"damage_taken":[{"damage":0,"enemies":"Cultist","floor":1,"turns":1},{"damage":0,"enemies":"2 Louse","floor":2,"turns":1},{"damage":0,"enemies":"Small Slimes","floor":3,"turns":1},{"damage":16,"enemies":"3 Louse","floor":5,"turns":3},{"damage":20,"enemies":"Lagavulin","floor":7,"turns":6},{"damage":21,"enemies":"3 Sentries","floor":10,"turns":6},{"damage":0,"enemies":"Exordium Thugs","floor":11,"turns":4},{"damage":0,"enemies":"2 Fungi Beasts","floor":14,"turns":3},{"damage":7,"enemies":"The Guardian","floor":16,"turns":8},{"damage":14,"enemies":"Chosen","floor":18,"turns":5},{"damage":26,"enemies":"3 Byrds","floor":22,"turns":5},{"damage":25,"enemies":"Shelled Parasite and Fungi","floor":24,"turns":9},{"damage":73,"enemies":"Book of Stabbing","floor":29,"turns":9}],"seed_played":"2345301038792934703","potions_obtained":[{"floor":3,"key":"Weak Potion"},{"floor":7,"key":"Weak Potion"},{"floor":10,"key":"Explosive Potion"},{"floor":24,"key":"FearPotion"}],"is_trial":false,"path_per_floor":["M","M","M","?","M","R","E","R","T","E","M","R","?","M","R","B",null,"M","?","?","$","M","R","M","?","T","R","?","E"],"character_chosen":"THE_SILENT","items_purchased":["Footwork","Crippling Poison"],"campfire_rested":4,"item_purchase_floors":[21,21],"current_hp_per_floor":[63,63,63,68,52,52,32,32,32,11,11,33,26,26,48,41,67,53,53,53,53,29,51,28,28,28,50,50,0,0],"gold":184,"neow_bonus":"THREE_ENEMY_KILL","is_daily":false,"chose_seed":false,"campfire_upgraded":2,"win_rate":0.0,"timestamp":1612786992,"path_taken":["M","M","?","?","M","R","E","R","T","E","M","R","?","M","R","BOSS","M","?","?","$","M","R","M","?","T","R","?","E"],"items_purchased_type":["Card","Card"],"build_version":"2020-12-22","purchased_purges":1,"victory":false,"max_hp_per_floor":[70,70,70,75,75,75,75,75,75,75,75,75,75,75,75,75,75,75,75,75,75,75,75,75,75,75,75,75,75,75],"relic_stats":{"counters":[13,61],"Bird Faced Urn":[10],"obtain_stats":[{"Ice Cream":9,"NeowsBlessing":0,"Bird Faced Urn":7,"SacredBark":17,"MutagenicStrength":20,"Thread and Needle":10,"Ring of the Snake":0},{"Ice Cream":5,"NeowsBlessing":0,"Bird Faced Urn":5,"SacredBark":9,"MutagenicStrength":10,"Thread and Needle":6,"Ring of the Snake":0},{"Ice Cream":12,"NeowsBlessing":0,"Bird Faced Urn":12,"SacredBark":33,"MutagenicStrength":38,"Thread and Needle":18,"Ring of the Snake":0}],"Ring of the Snake":[26]},"card_choices":[{"not_picked":["Deadly Poison","Poisoned Stab"],"picked":"Bouncing Flask","floor":1},{"not_picked":["Riddle With Holes","Tactician"],"picked":"Crippling Poison","floor":2},{"not_picked":["Acrobatics","Slice"],"picked":"Cloak And Dagger","floor":3},{"not_picked":["Calculated Gamble","Blade Dance","Quick Slash"],"picked":"SKIP","floor":5},{"not_picked":["Blade Dance","Acrobatics","All Out Attack"],"picked":"SKIP","floor":7},{"not_picked":["Flying Knee","Bullet Time"],"picked":"Poisoned Stab","floor":10},{"not_picked":["Expertise","Reflex"],"picked":"Bane","floor":11},{"not_picked":["Distraction","Blade Dance","Dodge and Roll"],"picked":"SKIP","floor":14},{"not_picked":["Grand Finale","Wraith Form v2"],"picked":"Envenom","floor":16},{"not_picked":["Underhanded Strike","Poisoned Stab"],"picked":"Leg Sweep","floor":18},{"not_picked":["Reflex+1","Flying Knee+1","Dagger Throw+1"],"picked":"SKIP","floor":22},{"not_picked":["Tactician+1","Cloak And Dagger","Predator+1"],"picked":"SKIP","floor":24}],"player_experience":1193210,"relics_obtained":[{"floor":7,"key":"Bird Faced Urn"},{"floor":9,"key":"Ice Cream"},{"floor":10,"key":"Thread and Needle"}],"event_choices":[{"damage_healed":0,"gold_gain":0,"player_choice":"Donut","damage_taken":0,"max_hp_gain":5,"max_hp_loss":0,"event_name":"Big Fish","floor":4,"gold_loss":0},{"cards_removed":["Strike_G"],"damage_healed":0,"gold_gain":0,"player_choice":"Card Removal","damage_taken":7,"max_hp_gain":0,"max_hp_loss":0,"event_name":"Golden Wing","floor":13,"gold_loss":0},{"cards_removed":["Strike_G"],"damage_healed":0,"gold_gain":0,"player_choice":"Gave Gold","damage_taken":0,"max_hp_gain":0,"max_hp_loss":0,"event_name":"Beggar","floor":19,"gold_loss":75},{"damage_healed":0,"gold_gain":0,"player_choice":"Inject Mutagens","damage_taken":0,"relics_obtained":["MutagenicStrength"],"max_hp_gain":0,"max_hp_loss":0,"event_name":"Drug Dealer","floor":20,"gold_loss":0},{"damage_healed":0,"gold_gain":99,"player_choice":"Stole From Cult","damage_taken":0,"max_hp_gain":0,"max_hp_loss":0,"event_name":"Nest","floor":25,"gold_loss":0},{"damage_healed":0,"gold_gain":0,"cards_transformed":["Strike_G"],"player_choice":"Transformed","damage_taken":0,"max_hp_gain":0,"max_hp_loss":0,"event_name":"Transmorgrifier","floor":28,"gold_loss":0,"cards_obtained":["Footwork"]}],"is_beta":false,"boss_relics":[{"not_picked":["WristBlade","Runic Dome"],"picked":"SacredBark"}],"items_purged_floors":[21],"is_endless":false,"potions_floor_spawned":[3,7,10,14,24],"killed_by":"Book of Stabbing","ascension_level":11}}