{"host":"iz5gar30eciy4yf4","time":1612821649,"event":{"mods":["Act Like it!","BaseMod","Chen","Dio Mod","Gensokyo","Hallownest","Hermit","Hubris","Koishi","Marisa????????","Minty Spire (QoL Compilation)","Prisma Mod","Reimu??????","Relic Stats","Remilia??????","StSLib","The Animator"],"gold_per_floor":[115,134,134,134,134,134,153,153,153,163,183,183,183],"floor_reached":12,"language":"ENG","playtime":679,"items_purged":[],"score":70,"play_id":"95f941d9-48b1-422b-ab69-8ed7a97f7cc3","local_time":"20210208170049","is_ascension_mode":false,"campfire_choices":[{"data":"dioMod:Pluck","floor":6,"key":"SMITH"},{"data":"dioMod:Roundabout","floor":8,"key":"SMITH"}],"circlet_count":0,"master_deck":["dioMod:Strike","dioMod:Strike","dioMod:Strike","Bite","dioMod:Defend","dioMod:Defend","dioMod:Defend","dioMod:Pluck+1","Hallownest:curseDreamersLament","dioMod:Roundabout+1","dioMod:FlyAway","dioMod:Freeze"],"relics":["dioMod:VampireBlood","NeowsBlessing","Hallownest:TeacherSealRelic","hubris:DisguiseKit"],"acts_visited":["Exordium"],"potions_floor_usage":[10,12],"damage_taken":[{"damage":0,"enemies":"Hallownest:2_MossCreeps","floor":1,"turns":1},{"damage":0,"enemies":"Hallownest:monsterHuskGuard","floor":2,"turns":1},{"damage":1,"enemies":"Hallownest:monsterMarmu","floor":4,"turns":1},{"damage":8,"enemies":"Hallownest:2_Tiktiks_and_1_Crawlid","floor":7,"turns":3},{"damage":34,"enemies":"Hallownest:1_Baldur_1_Crawlid_1_Warrior","floor":10,"turns":11},{"damage":3,"enemies":"Hallownest:monsterFoolEater","floor":11,"turns":6},{"damage":8,"enemies":"Hallownest:eliteVengeflyKing","floor":12,"turns":8}],"seed_played":"2351795330207244679","potions_obtained":[{"floor":1,"key":"Block Potion"},{"floor":7,"key":"SpeedPotion"},{"floor":10,"key":"Fire Potion"}],"is_trial":false,"path_per_floor":["M","M","?","?","$","R","M","R","T","M","M","E"],"character_chosen":"THE_DEFAULT","items_purchased":[],"campfire_rested":0,"item_purchase_floors":[],"current_hp_per_floor":[75,75,75,75,75,75,75,75,75,58,66,74,74],"gold":183,"neow_bonus":"THREE_ENEMY_KILL","is_daily":false,"chose_seed":false,"campfire_upgraded":2,"win_rate":0.0,"timestamp":1612821649,"path_taken":["M","M","?","?","?","R","?","R","T","M","?","E"],"items_purchased_type":[],"build_version":"2020-12-22","purchased_purges":0,"victory":false,"max_hp_per_floor":[75,75,75,75,75,75,75,75,75,75,75,75,75],"relic_stats":{"counters":[7,31],"obtain_stats":[{"hubris:DisguiseKit":9,"NeowsBlessing":0,"dioMod:VampireBlood":0,"Hallownest:TeacherSealRelic":3},{"hubris:DisguiseKit":4,"NeowsBlessing":0,"dioMod:VampireBlood":0,"Hallownest:TeacherSealRelic":2},{"hubris:DisguiseKit":6,"NeowsBlessing":0,"dioMod:VampireBlood":0,"Hallownest:TeacherSealRelic":2}]},"card_choices":[{"not_picked":["dioMod:FlyAway","dioMod:WRYYY"],"picked":"dioMod:Pluck","floor":1},{"not_picked":["dioMod:DisarmingVoice","dioMod:SecretPlan","dioMod:DarkRebirth"],"picked":"SKIP","floor":2},{"not_picked":["dioMod:DarkRebirth","dioMod:ComboFever"],"picked":"dioMod:Roundabout","floor":7},{"not_picked":["dioMod:CoffinBath","dioMod:HeavyLifting","PrismaMod:IllyaFriendMaker"],"picked":"dioMod:FlyAway","floor":10},{"not_picked":["dioMod:HeavyLifting","dioMod:SecretPlan","PrismaMod:IllyaGrailKun"],"picked":"dioMod:Freeze","floor":11}],"player_experience":670286,"relics_obtained":[{"floor":9,"key":"hubris:DisguiseKit"}],"event_choices":[],"is_beta":false,"boss_relics":[],"items_purged_floors":[],"is_endless":false,"potions_floor_spawned":[1,7,10],"killed_by":"Hallownest:eliteVengeflyKing","ascension_level":0}}