{"host":"tml1x4ylw9tadh99","time":1612803759,"event":{"mods":["AchievementEnabler","Act Like it!","BaseMod","Bestiary","Colored Map","Colored Powertips","DeckTracker","Friendly Minions","GifTheSpireLib","Minty Spire (QoL Compilation)","Quick Restart","Random Character Button","Random Character Mod","Relic Stats","StSLib","Synergy Search"],"gold_per_floor":[118,168,183,183,183,218,218,218,218,258,281,311,336,379,379,500,500,525,475,475,445,459,459,459],"floor_reached":23,"language":"ENG","playtime":1527,"items_purged":[],"score":259,"play_id":"33040dc3-549b-41e0-a923-82b83777872d","local_time":"20210208180239","is_ascension_mode":false,"campfire_choices":[{"data":"Melter","floor":7,"key":"SMITH"},{"data":"Loop","floor":15,"key":"SMITH"}],"circlet_count":0,"master_deck":["Strike_B","Strike_B","Strike_B","Strike_B+1","Defend_B","Defend_B","Defend_B","Defend_B+1","Zap","Ball Lightning","Cold Snap","Melter+1","Coolheaded+1","Capacitor","Defragment","Tempest+1","Loop+1","Creative AI","Redo+1"],"relics":["FrozenCore","NeowsBlessing","Juzu Bracelet","Golden Idol","Mango","FossilizedHelix","Toxic Egg 2","Letter Opener","Odd Mushroom","Peace Pipe"],"acts_visited":["Exordium","TheCity"],"potions_floor_usage":[16],"damage_taken":[{"damage":0,"enemies":"Cultist","floor":1,"turns":1},{"damage":0,"enemies":"Jaw Worm","floor":3,"turns":1},{"damage":0,"enemies":"3 Sentries","floor":6,"turns":1},{"damage":0,"enemies":"Gremlin Nob","floor":10,"turns":4},{"damage":0,"enemies":"Small Slimes","floor":11,"turns":3},{"damage":13,"enemies":"The Mushroom Lair","floor":12,"turns":4},{"damage":0,"enemies":"Looter","floor":13,"turns":3},{"damage":12,"enemies":"Lagavulin","floor":14,"turns":5},{"damage":16,"enemies":"The Guardian","floor":16,"turns":8},{"damage":0,"enemies":"Spheric Guardian","floor":18,"turns":1},{"damage":14,"enemies":"2 Thieves","floor":21,"turns":5},{"damage":0,"enemies":"Sentry and Sphere","floor":22,"turns":4},{"damage":78,"enemies":"Slavers","floor":23,"turns":4}],"seed_played":"-3339995745801707691","potions_obtained":[{"floor":6,"key":"Ancient Potion"},{"floor":12,"key":"SteroidPotion"},{"floor":13,"key":"Energy Potion"},{"floor":18,"key":"CultistPotion"}],"is_trial":false,"path_per_floor":["M","T","M","?","?","E","R","T","T","E","M","?","M","E","R","B",null,"M","?","?","M","M","E"],"character_chosen":"DEFECT","items_purchased":[],"campfire_rested":0,"item_purchase_floors":[],"current_hp_per_floor":[75,75,75,60,42,56,56,56,56,56,56,43,43,31,31,15,89,89,89,89,75,75,0,0],"gold":459,"neow_bonus":"THREE_ENEMY_KILL","is_daily":false,"chose_seed":false,"campfire_upgraded":2,"win_rate":0.0,"timestamp":1612803759,"path_taken":["M","?","M","?","?","E","R","?","T","E","M","?","M","E","R","BOSS","M","?","?","M","M","E"],"items_purchased_type":[],"build_version":"2020-12-22","purchased_purges":0,"victory":false,"max_hp_per_floor":[75,75,75,75,75,89,89,89,89,89,89,89,89,89,89,89,89,89,89,89,89,89,89,89],"relic_stats":{"Peace Pipe":0,"counters":[13,44],"Golden Idol":75,"Juzu Bracelet":2,"Letter Opener":[35],"obtain_stats":[{"Peace Pipe":14,"NeowsBlessing":0,"Golden Idol":5,"Mango":6,"Juzu Bracelet":2,"Letter Opener":10,"Toxic Egg 2":9,"Odd Mushroom":12,"Cracked Core":0,"FossilizedHelix":8,"FrozenCore":17},{"Peace Pipe":8,"NeowsBlessing":0,"Golden Idol":2,"Mango":3,"Juzu Bracelet":1,"Letter Opener":4,"Toxic Egg 2":3,"Odd Mushroom":6,"Cracked Core":0,"FossilizedHelix":3,"FrozenCore":9},{"Peace Pipe":22,"NeowsBlessing":0,"Golden Idol":2,"Mango":3,"Juzu Bracelet":1,"Letter Opener":7,"Toxic Egg 2":3,"Odd Mushroom":14,"Cracked Core":0,"FossilizedHelix":3,"FrozenCore":30}],"FrozenCore":[5]},"card_choices":[{"not_picked":["Compile Driver","Self Repair"],"picked":"Ball Lightning","floor":1},{"not_picked":["Compile Driver","Barrage"],"picked":"Cold Snap","floor":3},{"not_picked":["Streamline","Compile Driver"],"picked":"Melter","floor":6},{"not_picked":["Compile Driver","Scrape"],"picked":"Coolheaded+1","floor":10},{"not_picked":["Aggregate+1","Conserve Battery+1"],"picked":"Capacitor","floor":11},{"not_picked":["Beam Cell","Ball Lightning"],"picked":"Defragment","floor":12},{"not_picked":["Cold Snap","Glacier+1"],"picked":"Tempest+1","floor":13},{"not_picked":["Consume+1","Lockon"],"picked":"Loop","floor":14},{"not_picked":["Amplify+1","Biased Cognition"],"picked":"Creative AI","floor":16},{"not_picked":["Sweeping Beam","Compile Driver"],"picked":"Redo+1","floor":18},{"not_picked":["Beam Cell","Steam Power+1","Reprogram+1"],"picked":"SKIP","floor":21},{"not_picked":["Streamline","Cold Snap","Coolheaded+1"],"picked":"SKIP","floor":22}],"player_experience":17823,"relics_obtained":[{"floor":2,"key":"Juzu Bracelet"},{"floor":6,"key":"Mango"},{"floor":8,"key":"FossilizedHelix"},{"floor":9,"key":"Toxic Egg 2"},{"floor":10,"key":"Letter Opener"},{"floor":12,"key":"Odd Mushroom"},{"floor":14,"key":"Peace Pipe"}],"event_choices":[{"damage_healed":0,"gold_gain":0,"player_choice":"Entered Light","damage_taken":15,"max_hp_gain":0,"max_hp_loss":0,"event_name":"Shining Light","floor":4,"gold_loss":0,"cards_upgraded":["Strike_B","Defend_B"]},{"damage_healed":0,"gold_gain":0,"player_choice":"Take Damage","damage_taken":18,"relics_obtained":["Golden Idol"],"max_hp_gain":0,"max_hp_loss":0,"event_name":"Golden Idol","floor":5,"gold_loss":0},{"damage_healed":0,"gold_gain":0,"player_choice":"Fought Mushrooms","damage_taken":0,"max_hp_gain":0,"max_hp_loss":0,"event_name":"Mushrooms","floor":12,"gold_loss":0},{"damage_healed":0,"gold_gain":0,"player_choice":"Bet on Owner","damage_taken":0,"max_hp_gain":0,"max_hp_loss":0,"event_name":"The Joust","floor":19,"gold_loss":50},{"cards_removed":["Dualcast"],"damage_healed":0,"gold_gain":0,"player_choice":"Offered Basic","damage_taken":0,"max_hp_gain":0,"max_hp_loss":0,"event_name":"Bonfire Elementals","floor":20,"gold_loss":0}],"is_beta":false,"boss_relics":[{"not_picked":["Fusion Hammer","Tiny House"],"picked":"FrozenCore"}],"items_purged_floors":[],"is_endless":false,"potions_floor_spawned":[6,12,13,18],"killed_by":"Slavers","ascension_level":0}}