{"host":"ypzb5vvnu9f3ii1t","time":1612792525,"event":{"mods":["AchievementEnabler","BaseMod","Colored Map","DeckTracker","Keyboard Shortcuts","Minty Spire (QoL Compilation)","Permanent Neow","Quick Restart","SuperFastMode"],"gold_per_floor":[113,129,143,160,173,173,98,98,98,98,129,54,54,69,69,174,174,192,14,113,113,38,38,70,70,70,70,82,82,82,101,101,199,199,217,117,135,135,145,145,180,198,248,298,298,308,308,328,328,328,328,328,85,115,115],"floor_reached":56,"language":"KOR","playtime":3286,"items_purged":["Strike_P","Defend_P","Defend_P","Strike_P"],"score":1320,"play_id":"ce96bd2a-14b2-4327-ae0e-176d83706271","local_time":"20210208225525","is_ascension_mode":true,"campfire_choices":[{"data":"FearNoEvil","floor":6.0,"key":"SMITH"},{"data":"Tantrum","floor":8.0,"key":"SMITH"},{"floor":10.0,"key":"RECALL"},{"floor":13.0,"key":"REST"},{"floor":15.0,"key":"REST"},{"data":"Adaptation","floor":23.0,"key":"SMITH"},{"floor":25.0,"key":"REST"},{"data":"Eruption","floor":30.0,"key":"SMITH"},{"floor":32.0,"key":"REST"},{"floor":40.0,"key":"REST"},{"floor":47.0,"key":"REST"},{"floor":49.0,"key":"REST"},{"data":"Vault","floor":52.0,"key":"SMITH"}],"circlet_count":0,"master_deck":["Strike_P+1","Defend_P","Vigilance","FearNoEvil+1","Tantrum+1","Adaptation+1","MentalFortress+1","Vault+1","Adaptation+1","InnerPeace","MentalFortress+1"],"relics":["PureWater","Bag of Preparation","Matryoshka","Darkstone Periapt","Frozen Egg 2","The Courier","Kunai","Regal Pillow","Black Star","Mango","Bag of Marbles","Dream Catcher","Turnip","Vajra","Whetstone","CloakClasp"],"acts_visited":["Exordium","TheCity","TheBeyond","TheEnding"],"potions_floor_usage":[55,55,55],"damage_taken":[{"damage":0.0,"enemies":"Cultist","floor":1.0,"turns":2.0},{"damage":0.0,"enemies":"2 Louse","floor":2.0,"turns":1.0},{"damage":3.0,"enemies":"Jaw Worm","floor":3.0,"turns":2.0},{"damage":0.0,"enemies":"2 Fungi Beasts","floor":4.0,"turns":3.0},{"damage":10.0,"enemies":"Looter","floor":5.0,"turns":3.0},{"damage":22.0,"enemies":"3 Sentries","floor":11.0,"turns":6.0},{"damage":1.0,"enemies":"Exordium Wildlife","floor":14.0,"turns":2.0},{"damage":0.0,"enemies":"Slime Boss","floor":16.0,"turns":5.0},{"damage":7.0,"enemies":"2 Thieves","floor":18.0,"turns":4.0},{"damage":20.0,"enemies":"Gremlin Leader","floor":24.0,"turns":5.0},{"damage":1.0,"enemies":"Shell Parasite","floor":28.0,"turns":3.0},{"damage":0.0,"enemies":"Centurion and Healer","floor":31.0,"turns":3.0},{"damage":28.0,"enemies":"Automaton","floor":33.0,"turns":8.0},{"damage":2.0,"enemies":"Orb Walker","floor":35.0,"turns":3.0},{"damage":24.0,"enemies":"3 Shapes","floor":37.0,"turns":3.0},{"damage":0.0,"enemies":"Transient","floor":39.0,"turns":1.0},{"damage":0.0,"enemies":"Nemesis","floor":41.0,"turns":3.0},{"damage":13.0,"enemies":"4 Shapes","floor":42.0,"turns":3.0},{"damage":3.0,"enemies":"Mind Bloom Boss Battle","floor":44.0,"turns":4.0},{"damage":8.0,"enemies":"Sphere and 2 Shapes","floor":46.0,"turns":2.0},{"damage":9.0,"enemies":"Writhing Mass","floor":48.0,"turns":2.0},{"damage":8.0,"enemies":"Donu and Deca","floor":50.0,"turns":4.0},{"damage":0.0,"enemies":"Shield and Spear","floor":54.0,"turns":2.0},{"damage":49,"enemies":"The Heart","floor":55,"turns":5}],"seed_played":"-316020260181832692","potions_obtained":[{"floor":1.0,"key":"SneckoOil"},{"floor":5.0,"key":"CultistPotion"},{"floor":11.0,"key":"GamblersBrew"},{"floor":14.0,"key":"AttackPotion"},{"floor":18.0,"key":"FearPotion"},{"floor":35.0,"key":"Weak Potion"}],"is_trial":false,"path_per_floor":["M","M","M","M","M","R","$","R","T","R","E","$","R","M","R","B",null,"M","$","?","?","?","R","E","R","T","T","M","?","R","M","R","B",null,"M","$","M","?","M","R","E","M","T","?","?","M","R","M","R","B",null,"R","$","E","B",null],"character_chosen":"WATCHER","items_purchased":["Tantrum","Adaptation","Vajra"],"campfire_rested":7,"item_purchase_floors":[7,19,53],"current_hp_per_floor":[72,72,69,69,59,59,59,59,59,59,37,37,58,57,72,72,72,65,65,65,65,65,65,45,66,66,66,65,65,65,65,72,44,72,70,70,46,46,46,72,86,73,73,70,70,62,86,77,86,78,86,86,86,86,37],"gold":115,"neow_bonus":"RANDOM_COMMON_RELIC","is_daily":false,"chose_seed":false,"campfire_upgraded":5,"win_rate":0.0,"timestamp":1612792525,"path_taken":["M","M","?","M","M","R","$","R","T","R","E","$","R","M","R","BOSS","M","$","?","?","?","R","E","R","T","?","?","?","R","M","R","BOSS","M","$","M","?","M","R","E","?","T","?","?","M","R","M","R","BOSS","R","$","E","BOSS"],"items_purchased_type":["Card","Card","Relic"],"build_version":"2020-12-22","purchased_purges":4,"victory":true,"max_hp_per_floor":[72,72,72,72,72,72,72,72,72,72,72,72,72,72,72,72,72,72,72,72,72,72,72,72,72,72,72,72,72,72,72,72,72,72,72,72,72,72,72,72,86,86,86,86,86,86,86,86,86,86,86,86,86,86,86],"card_choices":[{"not_picked":["CarveReality","Wallop","Prostrate"],"picked":"SKIP","floor":1.0},{"not_picked":["FollowUp","FlurryOfBlows"],"picked":"FearNoEvil","floor":2.0},{"not_picked":["Worship","WaveOfTheHand","EmptyFist"],"picked":"SKIP","floor":3.0},{"not_picked":["WaveOfTheHand","FlyingSleeves","Vengeance"],"picked":"SKIP","floor":4.0},{"not_picked":["ReachHeaven","WheelKick","Evaluate"],"picked":"SKIP","floor":5.0},{"not_picked":["WheelKick","Consecrate","Crescendo"],"picked":"SKIP","floor":11.0},{"not_picked":["SashWhip","DeceiveReality","ClearTheMind"],"picked":"SKIP","floor":14.0},{"not_picked":["Evaluate","SignatureMove","JustLucky+1"],"picked":"SKIP","floor":18.0},{"not_picked":["Sanctity+1","Omniscience","FlyingSleeves+1"],"picked":"SKIP","floor":24.0},{"not_picked":["CarveReality","Conclude"],"picked":"MentalFortress+1","floor":28.0},{"not_picked":["ThirdEye","Halt+1","JustLucky"],"picked":"SKIP","floor":31.0},{"not_picked":["ConjureBlade","Alpha"],"picked":"Vault","floor":33.0},{"not_picked":["Crescendo","Evaluate+1","CarveReality"],"picked":"SKIP","floor":35.0},{"not_picked":["CrushJoints","FlurryOfBlows"],"picked":"Adaptation+1","floor":37.0},{"not_picked":["FlurryOfBlows","BowlingBash","Scrawl"],"picked":"SKIP","floor":39.0},{"not_picked":["CrushJoints+1","WaveOfTheHand+1"],"picked":"MentalFortress+1","floor":41.0},{"not_picked":["Nirvana+1","FlyingSleeves","PathToVictory"],"picked":"SKIP","floor":42.0},{"not_picked":["FollowUp+1","Halt","Conclude"],"picked":"SKIP","floor":46.0},{"not_picked":["Halt+1","ThirdEye","Nirvana+1"],"picked":"SKIP","floor":48.0},{"not_picked":["Consecrate","EmptyBody","FlurryOfBlows"],"picked":"SKIP","floor":54.0}],"player_experience":191467,"relics_obtained":[{"floor":9.0,"key":"Matryoshka"},{"floor":11.0,"key":"Darkstone Periapt"},{"floor":24.0,"key":"Frozen Egg 2"},{"floor":26.0,"key":"The Courier"},{"floor":26.0,"key":"Kunai"},{"floor":27.0,"key":"Regal Pillow"},{"floor":41.0,"key":"Mango"},{"floor":41.0,"key":"Bag of Marbles"},{"floor":43.0,"key":"Dream Catcher"},{"floor":44.0,"key":"Turnip"},{"floor":54.0,"key":"Whetstone"},{"floor":54.0,"key":"CloakClasp"}],"event_choices":[{"damage_healed":0.0,"max_hp_gain":0.0,"max_hp_loss":0.0,"gold_gain":99.0,"event_name":"Nest","player_choice":"Stole From Cult","floor":20.0,"gold_loss":0.0,"damage_taken":0.0},{"damage_healed":0.0,"max_hp_gain":0.0,"max_hp_loss":0.0,"gold_gain":0.0,"event_name":"Cursed Tome","player_choice":"Ignored","floor":21.0,"gold_loss":0.0,"damage_taken":0.0},{"cards_removed":["Strike_P"],"damage_healed":0.0,"max_hp_gain":0.0,"max_hp_loss":0.0,"gold_gain":0.0,"event_name":"Beggar","player_choice":"Gave Gold","floor":22.0,"gold_loss":75.0,"damage_taken":0.0},{"cards_removed":["Defend_P"],"damage_healed":0.0,"max_hp_gain":0.0,"max_hp_loss":0.0,"gold_gain":0.0,"event_name":"Back to Basics","player_choice":"Elegance","floor":29.0,"gold_loss":0.0,"damage_taken":0.0},{"damage_healed":0.0,"max_hp_gain":0.0,"max_hp_loss":0.0,"gold_gain":0.0,"event_name":"Match and Keep!","player_choice":"1 cards matched","floor":38.0,"gold_loss":0.0,"damage_taken":0.0,"cards_obtained":["InnerPeace"]},{"damage_healed":0.0,"max_hp_gain":0.0,"max_hp_loss":0.0,"gold_gain":0.0,"event_name":"MindBloom","player_choice":"Fight","floor":44.0,"gold_loss":0.0,"damage_taken":0.0},{"cards_removed":["Eruption"],"damage_healed":0.0,"max_hp_gain":0.0,"max_hp_loss":0.0,"gold_gain":0.0,"event_name":"Falling","player_choice":"Removed Attack","floor":45.0,"gold_loss":0.0,"damage_taken":0.0}],"is_beta":false,"boss_relics":[{"not_picked":["Velvet Choker","Busted Crown","Philosopher\u0027s Stone"]},{"not_picked":["Snecko Eye","Pandora\u0027s Box"],"picked":"Black Star"}],"items_purged_floors":[12,19,36,53],"is_endless":false,"potions_floor_spawned":[1,5,11,14,18,35,41,42,44],"ascension_level":1}}