{"host":"pm6tps78s2qrawcb","time":1612813978,"event":{"mods":["BaseMod","BetterRewards","Colored Map","DeckTracker","Downfall","Hubris","Infinite Spire","Mimic Mod","Minty Spire (QoL Compilation)","Reliquary","Shop Mod","StSLib"],"gold_per_floor":[99,113,13,29,29,55,55,88,99,127,137,237,255,324,335,437,437,437,452,466,480,480,510,535,585,598,648,698,56,56,41,58,160,160,60,77,182,259,277,342,373,373,373,373],"floor_reached":42,"language":"ENG","playtime":2935,"items_purged":[],"score":590,"play_id":"0ba94111-1459-4724-9e29-b44ffa05e064","local_time":"20210208195258","is_ascension_mode":false,"campfire_choices":[{"data":"champ:Execute","floor":1,"key":"SMITH"},{"data":"champ:Devastate","floor":18,"key":"SMITH"},{"data":"expansioncontent:QuickStudy","floor":30,"key":"SMITH"},{"data":"champ:EndlessRage","floor":35,"key":"SMITH"}],"circlet_count":0,"master_deck":["champ:Strike","champ:Strike","champ:Strike","champ:Strike","champ:Defend","champ:Defend","champ:Defend","champ:Defend","champ:Execute+1","champ:Taunt","champ:TornadoPunch","champ:FaceSlap","champ:BringItOn","champ:ShieldWall","champ:ShieldSlam","champ:FlashCut","champ:FaceSlap","champ:PerfectedStrike","champ:SetATrap","champ:FalseCounter","champ:FlashCut","champ:ShieldWall","champ:Devastate+1","champ:Parry","champ:StanceDance","champ:DeathBlow","infinitespire:UltimateForm","champ:EndlessRage+1","champ:IronFortress","champ:DefensiveShout","champ:ShieldWall","expansioncontent:QuickStudy+1","champ:FanOfKnives","champ:CrookedStrike","champ:DancingMaster","champ:FanOfKnives+1","champ:BringItOn","champ:FlashCut+1","champ:PerfectedStrike+1","champ:RisingSlash+1"],"relics":["champ:ChampionCrown","infinitespire:CheckeredPen","hubris:PeanutButter","Unceasing Top","downfall:CloakOfManyFaces","CultistMask","FaceOfCleric","NlothsMask","GremlinMask","SsserpentHead","Coffee Dripper","Toolbox","Bottled Tornado","champ:GladiatorsBookOfMartialProwess","hubris:Towel","downfall:RedIOU","Strawberry","champ:DefensiveTrainingManual","TheAbacus","Busted Crown","downfall:HeartBlessingGreen","hubris:BundleOfHerbs","reliquary:RoseTintedGlasses","infinitespire:Golems Mask","hubris:CuriousFeather"],"acts_visited":["Exordium","TheCity","TheBeyond"],"potions_floor_usage":[10,10,12,16,19,20,23,32,42,42],"damage_taken":[{"damage":10,"enemies":"Small Slimes","floor":2,"turns":3},{"damage":25,"enemies":"downfall:FleeingMerchant","floor":3,"turns":4},{"damage":4,"enemies":"Cultist","floor":4,"turns":3},{"damage":36,"enemies":"Lagavulin","floor":6,"turns":7},{"damage":30,"enemies":"Gremlin Nob","floor":8,"turns":5},{"damage":3,"enemies":"Jaw Worm","floor":9,"turns":2},{"damage":24,"enemies":"Lagavulin","floor":10,"turns":5},{"damage":0,"enemies":"2 Fungi Beasts","floor":11,"turns":3},{"damage":2,"enemies":"downfall:FaceTrader","floor":12,"turns":9},{"damage":0,"enemies":"Blue Slaver","floor":13,"turns":3},{"damage":15,"enemies":"3 Louse","floor":14,"turns":4},{"damage":0,"enemies":"Exordium Wildlife","floor":15,"turns":4},{"damage":31,"enemies":"DF_ARCHETYPE_STREAMLINE","floor":16,"turns":9},{"damage":2,"enemies":"3 Byrds","floor":19,"turns":2},{"damage":0,"enemies":"Shelled Parasite and Fungi","floor":20,"turns":4},{"damage":39,"enemies":"Cultist and Chosen","floor":21,"turns":4},{"damage":39,"enemies":"Book of Stabbing","floor":23,"turns":5},{"damage":10,"enemies":"Snake Plant","floor":26,"turns":4},{"damage":0,"enemies":"downfall:FleeingMerchant","floor":29,"turns":4},{"damage":17,"enemies":"downfall:FleeingMerchant","floor":31,"turns":4},{"damage":11,"enemies":"Shelled Parasite and Fungi","floor":32,"turns":4},{"damage":37,"enemies":"SI_MIRROR_ARCHETYPE","floor":33,"turns":7},{"damage":14,"enemies":"Orb Walker","floor":36,"turns":4},{"damage":50,"enemies":"2 Orb Walkers","floor":37,"turns":5},{"damage":9,"enemies":"3 Shapes","floor":39,"turns":4},{"damage":18,"enemies":"Spire Growth","floor":40,"turns":5},{"damage":7,"enemies":"Jaw Worm Horde","floor":41,"turns":7},{"damage":94,"enemies":"Nightmare","floor":42,"turns":5}],"seed_played":"-3573166751815994727","potions_obtained":[{"floor":2,"key":"EssenceOfSteel"},{"floor":6,"key":"Weak Potion"},{"floor":8,"key":"SpeedPotion"},{"floor":12,"key":"SkillPotion"},{"floor":14,"key":"BlessingOfTheForge"},{"floor":16,"key":"champ:CounterPotion"},{"floor":21,"key":"PowerPotion"},{"floor":26,"key":"Block Potion"},{"floor":32,"key":"FearPotion"},{"floor":37,"key":"DistilledChaos"},{"floor":39,"key":"LiquidMemories"}],"is_trial":false,"path_per_floor":["R","M","$","M","?","E","T","E","M","E","M","?","M","M","M","B",null,"R","M","M","M","AVR","E","T","?","M","?","?","$","R","$","M","B",null,"R","M","?","T","M","M","MIM","NM"],"character_chosen":"THE_CHAMP","items_purchased":["champ:BringItOn","champ:ShieldWall","champ:ShieldWall","expansioncontent:QuickStudy","Strawberry","champ:DefensiveTrainingManual","TheAbacus"],"campfire_rested":0,"item_purchase_floors":[3,3,29,29,29,29,29],"current_hp_per_floor":[99,99,94,90,90,64,64,49,46,47,47,55,56,47,48,18,103,103,104,105,77,77,59,59,59,50,50,50,58,58,57,52,36,119,119,108,69,69,86,69,78,0,0,0],"gold":373,"neow_bonus":"TEN_PERCENT_HP_BONUS","is_daily":false,"chose_seed":false,"campfire_upgraded":4,"win_rate":0.0,"timestamp":1612813978,"path_taken":["R","M","$","M","?","E","T","E","M","E","M","?","M","?","M","BOSS","R","M","M","M","AVR","E","T","?","M","?","?","?","R","$","M","BOSS","R","M","?","?","M","?","MIM","NM"],"items_purchased_type":["Card","Card","Card","Card","Relic","Relic","Relic"],"build_version":"2020-12-22","purchased_purges":0,"victory":false,"max_hp_per_floor":[99,99,99,99,99,99,99,99,99,99,99,99,100,101,102,103,103,103,104,105,106,106,107,107,107,108,108,108,116,116,117,118,119,119,119,120,121,121,122,123,124,124,124,124],"card_choices":[{"not_picked":["champ:FlashCut","champ:Circumvent"],"picked":"champ:TornadoPunch","floor":2},{"not_picked":["champ:AdrenalArmor","champ:CrownThrow"],"picked":"champ:FaceSlap","floor":3},{"not_picked":["champ:BladeFlurry","champ:Endure","champ:Backstep"],"picked":"SKIP","floor":4},{"not_picked":["champ:HeavySlash","champ:DeathBlow"],"picked":"champ:FlashCut","floor":6},{"not_picked":["champ:UltimateStance","champ:PreemptiveStrike"],"picked":"champ:FaceSlap","floor":8},{"not_picked":["champ:DeathBlow","champ:Haymaker","champ:BladeFlurry"],"picked":"SKIP","floor":9},{"not_picked":["champ:Backstep","champ:BerserkersShout"],"picked":"champ:PerfectedStrike","floor":10},{"not_picked":["champ:TornadoPunch","champ:ShieldSlam","champ:Backstep"],"picked":"SKIP","floor":11},{"not_picked":["champ:CheapShot","champ:EndlessRage"],"picked":"champ:SetATrap","floor":12},{"not_picked":["champ:GutPunch","champ:PerfectedStrike"],"picked":"champ:FalseCounter","floor":13},{"not_picked":["champ:TornadoPunch","champ:Backstep"],"picked":"champ:FlashCut","floor":14},{"not_picked":["champ:PerfectedStrike","champ:StrikeOfGenius"],"picked":"champ:ShieldWall","floor":15},{"not_picked":["champ:SwordThrow","champ:HeavySlash"],"picked":"champ:Devastate","floor":16},{"not_picked":["champ:AdrenalArmor","champ:Haymaker+1"],"picked":"champ:Parry","floor":19},{"not_picked":["champ:Encircle","champ:AdrenalArmor"],"picked":"champ:StanceDance","floor":20},{"not_picked":["champ:StanceDance","champ:PreciseThrust"],"picked":"champ:DeathBlow","floor":21},{"not_picked":["champ:Endure+1","champ:EnragedBash+1"],"picked":"champ:EndlessRage","floor":23},{"not_picked":["champ:FanOfKnives","champ:EnGarde+1"],"picked":"champ:IronFortress","floor":26},{"not_picked":["champ:BerserkersShout+1","champ:Devastate"],"picked":"champ:DefensiveShout","floor":29},{"not_picked":["champ:RisingSlash","champ:FaceSlap"],"picked":"champ:FanOfKnives","floor":31},{"not_picked":["champ:Circumvent","champ:FancyFootwork"],"picked":"champ:CrookedStrike","floor":32},{"not_picked":["champ:GladiatorForm","champ:HeavySlash"],"picked":"champ:DancingMaster","floor":33},{"not_picked":[],"picked":"champ:FanOfKnives+1","floor":36},{"not_picked":[],"picked":"champ:BringItOn","floor":37},{"not_picked":[],"picked":"champ:FlashCut+1","floor":39},{"not_picked":[],"picked":"champ:PerfectedStrike+1","floor":40},{"not_picked":[],"picked":"champ:RisingSlash+1","floor":41}],"player_experience":279652,"relics_obtained":[{"floor":6,"key":"infinitespire:CheckeredPen"},{"floor":7,"key":"hubris:PeanutButter"},{"floor":8,"key":"Unceasing Top"},{"floor":10,"key":"Oddly Smooth Stone"},{"floor":12,"key":"downfall:CloakOfManyFaces"},{"floor":23,"key":"Bottled Tornado"},{"floor":37,"key":"hubris:BundleOfHerbs"},{"floor":38,"key":"reliquary:RoseTintedGlasses"},{"floor":41,"key":"infinitespire:Golems Mask"},{"floor":41,"key":"hubris:CuriousFeather"}],"event_choices":[{"damage_healed":0,"gold_gain":0,"player_choice":"Fight","damage_taken":0,"max_hp_gain":0,"max_hp_loss":0,"event_name":"Mysterious Sphere","floor":37,"gold_loss":0}],"is_beta":false,"boss_relics":[{"not_picked":["hubris:VirtuousBlindfold","hubris:TerracottaHorce"],"picked":"Coffee Dripper"},{"not_picked":["Snecko Eye","bronze:MakeshiftBattery"],"picked":"Busted Crown"}],"items_purged_floors":[],"is_endless":false,"potions_floor_spawned":[2,6,8,9,12,14,16,21,26,32,37,39],"killed_by":"Nightmare","ascension_level":0}}