{"host":"t4s40kl3r64vu0u6","time":1612759307,"event":{"mods":["BaseMod","Colored Map","Googly Eyes","Highlight Path","Minty Spire (QoL Compilation)","READ ME - Snecko Mod","StSLib","slay the spire mod where everything is the same but ironclad has a cowboy hat"],"gold_per_floor":[113,126,146,158,168,194,194,226,226,226,226,236,311,331,331,432,432,447,458,477,72,72,72,89,124,124,124,157,170,184,199,199,301,301,317,329,345,3,14,14,49,61,73,105,117,129,167,179,191,203],"floor_reached":51,"language":"ENG","playtime":4028,"items_purged":["Defend_B"],"score":899,"play_id":"fd2a582f-0b8f-4746-9d54-87185695a604","local_time":"20210207234147","is_ascension_mode":true,"campfire_choices":[{"data":"Coolheaded","floor":7,"key":"SMITH"},{"data":"Genetic Algorithm","floor":10,"key":"SMITH"},{"data":"Barrage","floor":15,"key":"SMITH"},{"data":"Capacitor","floor":23,"key":"SMITH"},{"data":"Capacitor","floor":32,"key":"SMITH"},{"data":"Creative AI","floor":40,"key":"SMITH"},{"data":"Barrage","floor":45,"key":"SMITH"},{"data":"Glacier","floor":49,"key":"SMITH"}],"circlet_count":0,"master_deck":["Strike_B","Defend_B+1","Zap","Dualcast","Glacier","Conserve Battery","Go for the Eyes","Barrage+1","Coolheaded+1","Chill","Genetic Algorithm+1","Barrage+1","Core Surge","Capacitor+1","Conserve Battery","Capacitor+1","Barrage+1","Shame","Aggregate+1","Tempest","FTL","Go for the Eyes","Go for the Eyes","Cold Snap+1","Creative AI+1","Sunder+1","Rainbow+1","Heatsinks+1","Go for the Eyes","FTL","Double Energy+1","Cold Snap","Double Energy+1","Glacier+1","Coolheaded+1"],"relics":["FrozenCore","NeowsBlessing","Eternal Feather","Boot","HornCleat","Torii","DataDisk","Thread and Needle","Ornamental Fan","CaptainsWheel","Astrolabe","Runic Capacitor","MawBank","Molten Egg 2","Unceasing Top"],"acts_visited":["Exordium","TheCity","TheBeyond"],"potions_floor_usage":[6,33,33,50,50],"damage_taken":[{"damage":0,"enemies":"Jaw Worm","floor":1,"turns":1},{"damage":0,"enemies":"2 Louse","floor":2,"turns":1},{"damage":0,"enemies":"Small Slimes","floor":3,"turns":1},{"damage":2,"enemies":"Exordium Wildlife","floor":4,"turns":6},{"damage":6,"enemies":"Blue Slaver","floor":5,"turns":3},{"damage":12,"enemies":"Lagavulin","floor":6,"turns":8},{"damage":4,"enemies":"3 Sentries","floor":8,"turns":9},{"damage":0,"enemies":"2 Fungi Beasts","floor":12,"turns":3},{"damage":0,"enemies":"Exordium Wildlife","floor":14,"turns":4},{"damage":23,"enemies":"Slime Boss","floor":16,"turns":12},{"damage":12,"enemies":"3 Byrds","floor":18,"turns":6},{"damage":1,"enemies":"Shell Parasite","floor":19,"turns":8},{"damage":5,"enemies":"Snecko","floor":20,"turns":6},{"damage":6,"enemies":"Snake Plant","floor":24,"turns":5},{"damage":20,"enemies":"Slavers","floor":25,"turns":7},{"damage":15,"enemies":"Gremlin Leader","floor":28,"turns":6},{"damage":1,"enemies":"Chosen and Byrds","floor":29,"turns":6},{"damage":0,"enemies":"Cultist and Chosen","floor":30,"turns":6},{"damage":0,"enemies":"Snake Plant","floor":31,"turns":3},{"damage":10,"enemies":"Automaton","floor":33,"turns":11},{"damage":14,"enemies":"3 Darklings","floor":35,"turns":7},{"damage":1,"enemies":"Orb Walker","floor":36,"turns":6},{"damage":0,"enemies":"Maw","floor":37,"turns":7},{"damage":12,"enemies":"Sphere and 2 Shapes","floor":39,"turns":6},{"damage":0,"enemies":"Nemesis","floor":41,"turns":7},{"damage":18,"enemies":"Jaw Worm Horde","floor":44,"turns":6},{"damage":27,"enemies":"Reptomancer","floor":47,"turns":6},{"damage":13,"enemies":"Donu and Deca","floor":50,"turns":10}],"seed_played":"-7671901558913391428","potions_obtained":[{"floor":2,"key":"FocusPotion"},{"floor":4,"key":"FearPotion"},{"floor":6,"key":"EssenceOfSteel"},{"floor":12,"key":"Regen Potion"},{"floor":16,"key":"SpeedPotion"},{"floor":29,"key":"PotionOfCapacity"},{"floor":37,"key":"Fire Potion"}],"is_trial":false,"path_per_floor":["M","M","M","M","M","E","R","E","T","R","?","M","?","M","R","B",null,"M","M","M","$","?","R","M","E","T","?","E","M","M","M","R","B",null,"M","M","M","$","M","R","E","?","T","M","R","?","E","?","R","B",null],"character_chosen":"DEFECT","items_purchased":["Capacitor","Barrage","Torii","Runic Capacitor","Cold Snap","Regen Potion"],"campfire_rested":0,"item_purchase_floors":[21,21,21,38,38,38],"current_hp_per_floor":[75,75,75,73,67,55,64,60,60,69,54,54,43,43,52,29,75,63,62,57,57,57,69,63,43,43,43,28,27,27,27,42,47,75,61,60,60,60,48,66,66,66,66,48,69,69,42,42,63,62],"gold":215,"neow_bonus":"THREE_ENEMY_KILL","is_daily":false,"chose_seed":false,"campfire_upgraded":8,"win_rate":0.0,"timestamp":1612759307,"path_taken":["M","M","M","M","M","E","R","E","T","R","?","M","?","M","R","BOSS","M","M","M","$","?","R","M","E","T","?","E","?","M","M","R","BOSS","M","M","M","$","M","R","E","?","T","M","R","?","E","?","R","BOSS"],"items_purchased_type":["Card","Card","Relic","Relic","Card","Potion"],"build_version":"2020-12-22","purchased_purges":1,"victory":true,"max_hp_per_floor":[75,75,75,75,75,75,75,75,75,75,75,75,75,75,75,75,75,75,75,75,75,75,75,75,75,75,75,75,75,75,75,75,75,75,75,75,75,75,75,75,75,75,75,75,75,71,71,71,71,71],"card_choices":[{"not_picked":["Gash","Compile Driver"],"picked":"Glacier","floor":1},{"not_picked":["Streamline","Hologram"],"picked":"Conserve Battery","floor":2},{"not_picked":["Ball Lightning","Scrape"],"picked":"Go for the Eyes","floor":3},{"not_picked":["Rebound","Ball Lightning"],"picked":"Barrage","floor":4},{"not_picked":["Fusion","Streamline"],"picked":"Coolheaded","floor":5},{"not_picked":["Hologram","Skim"],"picked":"Chill","floor":6},{"not_picked":["Turbo","Redo"],"picked":"Genetic Algorithm","floor":8},{"not_picked":["Consume","Sweeping Beam"],"picked":"Barrage","floor":12},{"not_picked":["Redo","Ball Lightning","Sweeping Beam"],"picked":"SKIP","floor":14},{"not_picked":["Electrodynamics","All For One"],"picked":"Core Surge","floor":16},{"not_picked":["Ball Lightning","Gash+1","Rebound"],"picked":"SKIP","floor":18},{"not_picked":["Seek","Barrage+1"],"picked":"Capacitor","floor":19},{"not_picked":["Aggregate","Beam Cell"],"picked":"Conserve Battery","floor":20},{"not_picked":["Compile Driver","Creative AI"],"picked":"Aggregate+1","floor":24},{"not_picked":["Turbo+1","Rebound","Leap"],"picked":"SKIP","floor":25},{"not_picked":["Rebound","Reinforced Body"],"picked":"Go for the Eyes","floor":28},{"not_picked":["Fusion","Lockon+1"],"picked":"Go for the Eyes","floor":29},{"not_picked":["Reinforced Body","Compile Driver"],"picked":"Cold Snap","floor":30},{"not_picked":["Hologram","Static Discharge"],"picked":"Cold Snap+1","floor":31},{"not_picked":["Amplify","Electrodynamics"],"picked":"Creative AI","floor":33},{"not_picked":["Steam Power","Streamline"],"picked":"Go for the Eyes","floor":35},{"not_picked":["Hologram+1","Conserve Battery"],"picked":"FTL","floor":36},{"not_picked":["Rainbow","Gash+1"],"picked":"Double Energy+1","floor":37},{"not_picked":["Compile Driver+1","Self Repair+1","Ball Lightning+1"],"picked":"SKIP","floor":39},{"not_picked":["Rip and Tear","Redo"],"picked":"Double Energy+1","floor":41},{"not_picked":["Beam Cell+1","Compile Driver+1"],"picked":"Glacier","floor":44},{"not_picked":["Storm+1","Rebound+1"],"picked":"Coolheaded+1","floor":47}],"player_experience":253365,"relics_obtained":[{"floor":6,"key":"Eternal Feather"},{"floor":8,"key":"Boot"},{"floor":9,"key":"HornCleat"},{"floor":25,"key":"Thread and Needle"},{"floor":26,"key":"Ornamental Fan"},{"floor":28,"key":"CaptainsWheel"},{"floor":41,"key":"MawBank"},{"floor":43,"key":"Molten Egg 2"},{"floor":47,"key":"Unceasing Top"}],"event_choices":[{"damage_healed":0,"gold_gain":0,"player_choice":"Entered Light","damage_taken":15,"max_hp_gain":0,"max_hp_loss":0,"event_name":"Shining Light","floor":11,"gold_loss":0,"cards_upgraded":["Defend_B","Barrage"]},{"damage_healed":0,"gold_gain":75,"player_choice":"Gather Gold","damage_taken":11,"max_hp_gain":0,"max_hp_loss":0,"event_name":"World of Goop","floor":13,"gold_loss":0},{"damage_healed":0,"gold_gain":0,"player_choice":"Stole Relic","damage_taken":0,"relics_obtained":["DataDisk"],"max_hp_gain":0,"max_hp_loss":0,"event_name":"Addict","floor":22,"gold_loss":0,"cards_obtained":["Shame"]},{"damage_healed":0,"gold_gain":0,"cards_transformed":["Strike_B","Strike_B"],"player_choice":"Became Test Subject","damage_taken":0,"max_hp_gain":0,"max_hp_loss":0,"event_name":"Drug Dealer","floor":27,"gold_loss":0,"cards_obtained":["Tempest","FTL"]},{"damage_healed":0,"gold_gain":0,"player_choice":"Memory 1","damage_taken":0,"max_hp_gain":0,"max_hp_loss":0,"event_name":"SensoryStone","floor":42,"gold_loss":0},{"damage_healed":0,"gold_gain":0,"player_choice":"Max HP","damage_taken":0,"max_hp_gain":0,"max_hp_loss":4,"event_name":"Winding Halls","floor":46,"gold_loss":0},{"cards_removed":["Cold Snap"],"damage_healed":0,"gold_gain":0,"player_choice":"Removed Attack","damage_taken":0,"max_hp_gain":0,"max_hp_loss":0,"event_name":"Falling","floor":48,"gold_loss":0}],"is_beta":false,"boss_relics":[{"not_picked":["SacredBark","Runic Pyramid"],"picked":"FrozenCore"},{"not_picked":["Cursed Key","Velvet Choker"],"picked":"Astrolabe"}],"items_purged_floors":[38],"is_endless":false,"potions_floor_spawned":[2,4,6,12,16,24,28,29,30,37,44,47],"ascension_level":3}}