{"host":"qksa0nge77ubun9a","time":1612768173,"event":{"mods":["AchievementEnabler","BaseMod","Colored Map","Colored Powertips","Googly Eyes","Highlight Path","Minty Spire (QoL Compilation)","Quick Restart","StSLib"],"gold_per_floor":[119,139,158,173,123,157,157,332,356,356,356],"floor_reached":10,"language":"ENG","playtime":1412,"items_purged":[],"score":105,"play_id":"ace34637-f80c-47b1-874d-1c19c480d50e","local_time":"20210207230933","is_ascension_mode":true,"campfire_choices":[{"data":"Armaments","floor":7.0,"key":"SMITH"}],"circlet_count":0,"master_deck":["AscendersBane","Strike_R","Strike_R","Strike_R","Strike_R","Defend_R","Defend_R","Defend_R","Bash","True Grit","Dropkick","Dropkick","Armaments+1","Warcry","Doubt"],"relics":["Burning Blood","Strawberry","Centennial Puzzle"],"acts_visited":["Exordium"],"potions_floor_usage":[10],"damage_taken":[{"damage":16.0,"enemies":"Cultist","floor":1.0,"turns":4.0},{"damage":5.0,"enemies":"Small Slimes","floor":2.0,"turns":4.0},{"damage":2.0,"enemies":"Jaw Worm","floor":3.0,"turns":4.0},{"damage":27.0,"enemies":"Large Slime","floor":4.0,"turns":5.0},{"damage":18.0,"enemies":"Gremlin Nob","floor":6.0,"turns":4.0},{"damage":45,"enemies":"3 Sentries","floor":10,"turns":8}],"seed_played":"9200514711238025761","potions_obtained":[{"floor":4.0,"key":"BlessingOfTheForge"},{"floor":6.0,"key":"Block Potion"}],"is_trial":false,"path_per_floor":["M","M","M","M","?","E","R","?","T","E"],"character_chosen":"IRONCLAD","items_purchased":[],"campfire_rested":0,"item_purchase_floors":[],"current_hp_per_floor":[62,63,67,46,46,41,41,41,41,0,0],"gold":356,"neow_bonus":"REMOVE_CARD","is_daily":false,"chose_seed":false,"campfire_upgraded":1,"win_rate":0.0,"timestamp":1612768173,"path_taken":["M","?","M","M","?","E","R","?","T","E"],"items_purchased_type":[],"build_version":"2020-12-22","purchased_purges":0,"victory":false,"max_hp_per_floor":[80,80,80,80,80,87,87,87,87,87,87],"card_choices":[{"not_picked":["Warcry","Hemokinesis"],"picked":"True Grit","floor":1.0},{"not_picked":["Wild Strike","Twin Strike"],"picked":"Dropkick","floor":2.0},{"not_picked":["Body Slam","Searing Blow"],"picked":"Dropkick","floor":3.0},{"not_picked":["Battle Trance","Flex"],"picked":"Armaments","floor":4.0},{"not_picked":["Rupture","Ghostly Armor"],"picked":"Warcry","floor":6.0}],"player_experience":1347616,"relics_obtained":[{"floor":6.0,"key":"Strawberry"},{"floor":9.0,"key":"Centennial Puzzle"}],"event_choices":[{"cards_removed":["Strike_R"],"damage_healed":0.0,"max_hp_gain":0.0,"max_hp_loss":0.0,"gold_gain":0.0,"event_name":"The Cleric","player_choice":"Card Removal","floor":5.0,"gold_loss":50.0,"damage_taken":0.0},{"damage_healed":0.0,"max_hp_gain":0.0,"max_hp_loss":0.0,"gold_gain":175.0,"event_name":"Liars Game","player_choice":"AGREE","floor":8.0,"gold_loss":0.0,"damage_taken":0.0,"cards_obtained":["Doubt"]}],"is_beta":false,"boss_relics":[],"items_purged_floors":[],"is_endless":false,"potions_floor_spawned":[4,6],"killed_by":"3 Sentries","ascension_level":11}}