{"host":"ptk1shuto3uimndw","time":1612808116,"event":{"mods":["AchievementEnabler","BaseMod","Bestiary","Colored Map","Colored Powertips","Curses Come First","Minty Spire (QoL Compilation)","Quick Restart","Rare Cards Sparkle","Relic Stats","StSLib","Uncapped"],"gold_per_floor":[112,112,122,42,42,42,77,97,97,122,122,122,162,162,162,283,283,307,307,307,307,307,333,346,371,397,425,425,63,63,82,82,82,82],"floor_reached":33,"language":"ENG","playtime":1339,"items_purged":["Writhe"],"score":490,"play_id":"01665ce5-4a93-44a5-a604-477e8a147337","local_time":"20210208191516","is_ascension_mode":true,"campfire_choices":[{"data":"Eruption","floor":6,"key":"SMITH"},{"data":"1","floor":15,"key":"LIFT"},{"data":"2","floor":28,"key":"LIFT"},{"data":"3","floor":30,"key":"LIFT"},{"floor":32,"key":"REST"}],"circlet_count":0,"master_deck":["Strike_P","Defend_P","Defend_P","Defend_P","Eruption+1","Vigilance","Crescendo","CutThroughFate","WheelKick","CutThroughFate","EmptyBody","Meditate","Parasite","EmptyBody","Omniscience","EmptyFist+1","MasterReality+1","BattleHymn+1","Adaptation+1","WaveOfTheHand"],"relics":["PureWater","StoneCalendar","Girya","Unceasing Top","HornCleat","Bloody Idol","Anchor","Astrolabe","Oddly Smooth Stone","MutagenicStrength","Gremlin Horn","CeramicFish","Tiny Chest","Turnip"],"acts_visited":["Exordium","TheCity"],"potions_floor_usage":[13,23,23,25,25],"damage_taken":[{"damage":28,"enemies":"Small Slimes","floor":1,"turns":7},{"damage":0,"enemies":"Jaw Worm","floor":3,"turns":5},{"damage":32,"enemies":"3 Sentries","floor":7,"turns":7},{"damage":0,"enemies":"2 Louse","floor":8,"turns":2},{"damage":0,"enemies":"Lagavulin","floor":10,"turns":4},{"damage":9,"enemies":"3 Sentries","floor":13,"turns":7},{"damage":0,"enemies":"Slime Boss","floor":16,"turns":5},{"damage":0,"enemies":"Spheric Guardian","floor":18,"turns":2},{"damage":23,"enemies":"Slavers","floor":23,"turns":4},{"damage":6,"enemies":"3 Byrds","floor":24,"turns":5},{"damage":13,"enemies":"Book of Stabbing","floor":25,"turns":6},{"damage":17,"enemies":"Slavers","floor":27,"turns":6},{"damage":0,"enemies":"Shelled Parasite and Fungi","floor":31,"turns":4},{"damage":55,"enemies":"Automaton","floor":33,"turns":6}],"seed_played":"7894168369718846285","potions_obtained":[{"floor":1,"key":"Weak Potion"},{"floor":7,"key":"Block Potion"},{"floor":13,"key":"Dexterity Potion"},{"floor":16,"key":"SkillPotion"},{"floor":24,"key":"BottledMiracle"},{"floor":27,"key":"Block Potion"}],"is_trial":false,"path_per_floor":["M","?","M","$","?","R","E","M","T","E","?","?","E","?","R","B",null,"M","?","?","?","?","E","M","E","T","E","R","$","R","M","R","B"],"character_chosen":"WATCHER","items_purchased":["WheelKick","Turnip"],"campfire_rested":1,"item_purchase_floors":[4,29],"current_hp_per_floor":[44,37,37,37,37,37,5,5,5,5,23,23,14,2,2,2,51,51,51,51,51,51,33,32,24,29,17,17,17,17,27,47,0,0],"gold":82,"neow_bonus":"ONE_RARE_RELIC","is_daily":false,"chose_seed":false,"campfire_upgraded":1,"win_rate":0.0,"timestamp":1612808116,"path_taken":["M","?","M","$","?","R","E","M","T","E","?","?","E","?","R","BOSS","M","?","?","?","?","E","M","E","T","E","R","$","R","?","R","BOSS"],"items_purchased_type":["Card","Relic"],"build_version":"2020-12-22","purchased_purges":1,"victory":false,"max_hp_per_floor":[72,72,72,72,72,72,72,72,72,72,72,67,67,67,67,67,67,67,67,67,67,67,67,67,67,67,67,67,67,67,67,67,67,67],"relic_stats":{"Gremlin Horn":[5,5],"counters":[14,70],"Bloody Idol":35,"Astrolabe":["EmptyFist","MasterReality","BattleHymn"],"CeramicFish":9,"StoneCalendar":[44],"Tiny Chest":0,"Turnip":[0],"obtain_stats":[{"Girya":7,"Gremlin Horn":25,"Golden Idol":12,"Astrolabe":17,"CeramicFish":26,"Oddly Smooth Stone":20,"StoneCalendar":0,"Anchor":13,"HornCleat":10,"Bloody Idol":19,"MutagenicStrength":21,"Tiny Chest":27,"Turnip":29,"PureWater":0,"Unceasing Top":9},{"Girya":3,"Gremlin Horn":11,"Golden Idol":5,"Astrolabe":7,"CeramicFish":11,"Oddly Smooth Stone":8,"StoneCalendar":0,"Anchor":6,"HornCleat":5,"Bloody Idol":8,"MutagenicStrength":8,"Tiny Chest":12,"Turnip":12,"PureWater":0,"Unceasing Top":4},{"Girya":19,"Gremlin Horn":54,"Golden Idol":25,"Astrolabe":37,"CeramicFish":54,"Oddly Smooth Stone":39,"StoneCalendar":0,"Anchor":32,"HornCleat":25,"Bloody Idol":39,"MutagenicStrength":39,"Tiny Chest":60,"Turnip":60,"PureWater":0,"Unceasing Top":21}],"Unceasing Top":[0]},"card_choices":[{"not_picked":["Halt","Study"],"picked":"Crescendo","floor":1},{"not_picked":["BowlingBash","Collect"],"picked":"CutThroughFate","floor":3},{"not_picked":["Sanctity","Establishment"],"picked":"CutThroughFate","floor":7},{"not_picked":["ReachHeaven","Meditate"],"picked":"EmptyBody","floor":8},{"not_picked":["Study","BattleHymn"],"picked":"Meditate","floor":10},{"not_picked":["EmptyFist","Meditate"],"picked":"EmptyBody","floor":13},{"not_picked":["Alpha","Brilliance"],"picked":"Omniscience","floor":16},{"not_picked":["Vengeance","BowlingBash"],"picked":"Adaptation","floor":18},{"not_picked":["Meditate","Nirvana","Vengeance"],"picked":"SKIP","floor":23},{"not_picked":["Protect+1","ThirdEye","Evaluate"],"picked":"SKIP","floor":24},{"not_picked":["BattleHymn+1","Prostrate","Collect"],"picked":"SKIP","floor":25},{"not_picked":["ThirdEye","Consecrate+1","Protect"],"picked":"SKIP","floor":27},{"not_picked":["SignatureMove","Protect"],"picked":"WaveOfTheHand","floor":31}],"player_experience":244653,"relics_obtained":[{"floor":7,"key":"Girya"},{"floor":9,"key":"Unceasing Top"},{"floor":10,"key":"HornCleat"},{"floor":13,"key":"Anchor"},{"floor":25,"key":"Gremlin Horn"},{"floor":26,"key":"CeramicFish"},{"floor":27,"key":"Tiny Chest"}],"event_choices":[{"cards_removed":["Pain"],"damage_healed":0,"gold_gain":0,"player_choice":"Card Removal","damage_taken":7,"max_hp_gain":0,"max_hp_loss":0,"event_name":"Golden Wing","floor":2,"gold_loss":0},{"cards_removed":["Strike_P"],"damage_healed":0,"gold_gain":0,"player_choice":"Forget","damage_taken":0,"max_hp_gain":0,"max_hp_loss":0,"event_name":"Living Wall","floor":5,"gold_loss":0},{"damage_healed":18,"gold_gain":0,"player_choice":"Healed and dodged fight","damage_taken":0,"max_hp_gain":0,"max_hp_loss":0,"event_name":"Mushrooms","floor":11,"gold_loss":0,"cards_obtained":["Parasite"]},{"damage_healed":0,"gold_gain":0,"player_choice":"Lose Max HP","damage_taken":0,"relics_obtained":["Golden Idol"],"max_hp_gain":0,"max_hp_loss":5,"event_name":"Golden Idol","floor":12,"gold_loss":0},{"damage_healed":0,"gold_gain":0,"player_choice":"Fled","damage_taken":12,"max_hp_gain":0,"max_hp_loss":0,"event_name":"Scrap Ooze","floor":14,"gold_loss":0},{"damage_healed":0,"gold_gain":0,"player_choice":"Gave Idol","damage_taken":0,"relics_obtained":["Bloody Idol"],"max_hp_gain":0,"max_hp_loss":0,"event_name":"Forgotten Altar","floor":19,"relics_lost":["Golden Idol"],"gold_loss":0},{"damage_healed":0,"gold_gain":0,"player_choice":"Opened","damage_taken":0,"relics_obtained":["Oddly Smooth Stone"],"max_hp_gain":0,"max_hp_loss":0,"event_name":"The Mausoleum","floor":20,"gold_loss":0,"cards_obtained":["Writhe"]},{"damage_healed":0,"gold_gain":0,"player_choice":"Inject Mutagens","damage_taken":0,"relics_obtained":["MutagenicStrength"],"max_hp_gain":0,"max_hp_loss":0,"event_name":"Drug Dealer","floor":21,"gold_loss":0},{"damage_healed":0,"gold_gain":0,"player_choice":"Forge","damage_taken":0,"max_hp_gain":0,"max_hp_loss":0,"event_name":"Accursed Blacksmith","floor":22,"gold_loss":0,"cards_upgraded":["Adaptation"]}],"is_beta":false,"boss_relics":[{"not_picked":["Fusion Hammer","Runic Pyramid"],"picked":"Astrolabe"}],"items_purged_floors":[29],"is_endless":false,"potions_floor_spawned":[1,7,13,16,18,24,27],"killed_by":"Automaton","ascension_level":5}}