{"host":"i1jfmzuw7df2nlxn","time":1612742904,"event":{"mods":["BaseMod","DeckTracker","Minty Spire (QoL Compilation)","Permanent Neow","StSLib","The Wild Card"],"gold_per_floor":[116,129,142,142,159,159,181,256,256,91,91,101,101,101,101,226,289,310,333,333,351,367,367,385,385,410,410,410],"floor_reached":27,"language":"ENG","playtime":1462,"items_purged":[],"score":205,"play_id":"4a49f90d-8168-4dbf-8c59-aa49eac6755e","local_time":"20210207190824","is_ascension_mode":false,"campfire_choices":[{"data":"Loop","floor":6,"key":"SMITH"},{"floor":11,"key":"REST"},{"floor":13,"key":"REST"},{"data":"Buffer","floor":15,"key":"SMITH"},{"floor":23,"key":"REST"}],"circlet_count":0,"master_deck":["Strike_B","Defend_B","Defend_B","Defend_B","Defend_B","Zap","Dualcast","Ball Lightning","Heatsinks+1","Loop+1","Buffer+1","Ball Lightning","Force Field","Fission","Genetic Algorithm","Ball Lightning","Tempest","Reinforced Body","Heatsinks"],"relics":["Cracked Core","Odd Mushroom","Bottled Flame","Golden Idol","Tiny House","Oddly Smooth Stone"],"acts_visited":["Exordium","TheCity"],"potions_floor_usage":[16,16,18,18,22,27,27],"damage_taken":[{"damage":2,"enemies":"Small Slimes","floor":1,"turns":3},{"damage":1,"enemies":"Jaw Worm","floor":2,"turns":3},{"damage":5,"enemies":"2 Louse","floor":3,"turns":2},{"damage":14,"enemies":"Blue Slaver","floor":5,"turns":3},{"damage":15,"enemies":"The Mushroom Lair","floor":7,"turns":4},{"damage":20,"enemies":"Exordium Thugs","floor":12,"turns":4},{"damage":32,"enemies":"Hexaghost","floor":16,"turns":10},{"damage":14,"enemies":"3 Byrds","floor":18,"turns":4},{"damage":27,"enemies":"2 Thieves","floor":19,"turns":5},{"damage":25,"enemies":"Snake Plant","floor":21,"turns":5},{"damage":19,"enemies":"Chosen and Byrds","floor":22,"turns":5},{"damage":0,"enemies":"Snecko","floor":24,"turns":5},{"damage":6,"enemies":"Colosseum Slavers","floor":27,"turns":6},{"damage":0,"enemies":"Colosseum Nobs","floor":27,"turns":2}],"seed_played":"6989151118438113373","potions_obtained":[{"floor":2,"key":"Explosive Potion"},{"floor":3,"key":"Dexterity Potion"},{"floor":7,"key":"Dexterity Potion"},{"floor":16,"key":"Block Potion"},{"floor":17,"key":"DuplicationPotion"},{"floor":19,"key":"ColorlessPotion"},{"floor":21,"key":"Dexterity Potion"}],"is_trial":false,"path_per_floor":["M","M","M","?","M","R","?","?","T","$","R","M","R","?","R","B",null,"M","M","?","M","M","R","M","?","T","?"],"character_chosen":"DEFECT","items_purchased":["Buffer","Ball Lightning"],"campfire_rested":3,"item_purchase_floors":[10,10],"current_hp_per_floor":[80,79,74,74,60,60,45,34,34,34,58,38,62,42,42,10,87,73,46,46,21,2,28,28,28,28,22,22],"gold":410,"neow_bonus":"TEN_PERCENT_HP_BONUS","is_daily":false,"chose_seed":false,"campfire_upgraded":2,"win_rate":0.0,"timestamp":1612742904,"path_taken":["M","M","M","?","M","R","?","?","T","?","R","?","R","?","R","BOSS","M","M","?","M","M","R","M","?","T","?"],"items_purchased_type":["Card","Card"],"build_version":"2020-12-22","purchased_purges":0,"victory":false,"max_hp_per_floor":[82,82,82,82,82,82,82,82,82,82,82,82,82,82,82,82,87,87,87,87,87,87,87,87,87,87,87,87],"card_choices":[{"not_picked":["Stack","Double Energy"],"picked":"Ball Lightning","floor":1},{"not_picked":["Turbo","Reprogram"],"picked":"Heatsinks","floor":2},{"not_picked":["Beam Cell","Steam"],"picked":"Loop","floor":3},{"not_picked":["Redo","Steam Power","Steam"],"picked":"SKIP","floor":5},{"not_picked":["Aggregate","Hologram"],"picked":"Force Field","floor":12},{"not_picked":["Seek","Biased Cognition"],"picked":"Fission","floor":16},{"not_picked":["Gash","Coolheaded"],"picked":"Genetic Algorithm","floor":17},{"not_picked":["Cold Snap","Sweeping Beam+1"],"picked":"Ball Lightning","floor":18},{"not_picked":["Stack+1","Compile Driver"],"picked":"Tempest","floor":19},{"not_picked":["Ball Lightning","Turbo+1","FTL"],"picked":"SKIP","floor":21},{"not_picked":["Skim","Darkness+1","Rebound"],"picked":"SKIP","floor":22},{"not_picked":["Rebound","Beam Cell","Stack"],"picked":"SKIP","floor":24}],"player_experience":57078,"relics_obtained":[{"floor":7,"key":"Odd Mushroom"},{"floor":9,"key":"Bottled Flame"},{"floor":26,"key":"Oddly Smooth Stone"}],"event_choices":[{"cards_removed":["Strike_B"],"damage_healed":0,"gold_gain":0,"player_choice":"Forget","damage_taken":0,"max_hp_gain":0,"max_hp_loss":0,"event_name":"Living Wall","floor":4,"gold_loss":0},{"damage_healed":0,"gold_gain":0,"player_choice":"Fought Mushrooms","damage_taken":0,"max_hp_gain":0,"max_hp_loss":0,"event_name":"Mushrooms","floor":7,"gold_loss":0},{"damage_healed":0,"gold_gain":75,"player_choice":"Gather Gold","damage_taken":11,"max_hp_gain":0,"max_hp_loss":0,"event_name":"World of Goop","floor":8,"gold_loss":0},{"damage_healed":0,"gold_gain":0,"player_choice":"Take Damage","damage_taken":20,"relics_obtained":["Golden Idol"],"max_hp_gain":0,"max_hp_loss":0,"event_name":"Golden Idol","floor":14,"gold_loss":0},{"damage_healed":0,"gold_gain":0,"player_choice":"Ignored","damage_taken":0,"max_hp_gain":0,"max_hp_loss":0,"event_name":"Ghosts","floor":20,"gold_loss":0},{"damage_healed":0,"gold_gain":0,"cards_transformed":["Strike_B","Strike_B"],"player_choice":"Became Test Subject","damage_taken":0,"max_hp_gain":0,"max_hp_loss":0,"event_name":"Drug Dealer","floor":25,"gold_loss":0,"cards_obtained":["Reinforced Body","Heatsinks"]},{"damage_healed":0,"gold_gain":0,"player_choice":"Fight","damage_taken":0,"max_hp_gain":0,"max_hp_loss":0,"event_name":"Colosseum","floor":27,"gold_loss":0},{"damage_healed":0,"gold_gain":0,"player_choice":"Fought Nobs","damage_taken":0,"max_hp_gain":0,"max_hp_loss":0,"event_name":"Colosseum","floor":27,"gold_loss":0}],"is_beta":false,"boss_relics":[{"not_picked":["Calling Bell","Runic Dome"],"picked":"Tiny House"}],"items_purged_floors":[],"is_endless":false,"potions_floor_spawned":[2,3,7,16,19,21],"killed_by":"Colosseum Nobs","ascension_level":0}}