{"host":"n7gt2lywuauec2nz","time":1612775971,"event":{"mods":["100% Spire Juice","2.2 Compatiblity","Act Like it!","Aspiration","BaseMod","Better Third Choice","Colored Powertips","DeckTracker","GifTheSpireLib","Highlight Path","HololiveMod","Hubris","Infinite Spire","Minty Spire (QoL Compilation)","Quick Restart","Random Character Button","Relic Sorter","Replay The Spire","Retaliation","StSLib","Synergy Search","The IronCluck"],"gold_per_floor":[118,193,73,91,102,102,102,116,139,19,30,48,73,83,83,184,64,77,92,92,92,103,135,135,135,135,135,135,147,165,8,8,107,107,121,139,30,30,42,42,42],"floor_reached":40,"language":"ENG","playtime":1585,"items_purged":["Injury"],"score":452,"play_id":"2893a695-d5bd-4405-a9ab-2f3c40c1a96c","local_time":"20210208011931","is_ascension_mode":false,"campfire_choices":[{"data":"Moonworks:BeyondHell","floor":6,"key":"SMITH"},{"data":"Moonworks:StiffCrystal","floor":10,"key":"SMITH"},{"floor":15,"key":"REST"},{"floor":28,"key":"REST"},{"floor":32,"key":"REST"}],"circlet_count":0,"master_deck":["Moonworks:Strike","Moonworks:Strike","Moonworks:Strike","Moonworks:Strike","Moonworks:Defend","Moonworks:Defend","Moonworks:Defend","Moonworks:Defend","Moonworks:Ambush","Moonworks:LongDistanceShot+1","Moonworks:BeyondHell+1","Moonworks:FinalSurgery+1","Moonworks:AwakeningOfTalent+1","Moonworks:StiffCrystal+1","Moonworks:Poppoformation","Moonworks:NicePresent","Moonworks:AwakeningOfTalent+1","Moonworks:NicePresent","Moonworks:AnotherUltimateWeapon","Moonworks:CloudOfSeagulls+1","infinitespire:FinalStrike+1","Moonworks:AwakeningOfTalent+1","Moonworks:ShieldCounter","Moonworks:WeAreWaruda","Moonworks:JonathanRush+1","Moonworks:RagingMadness","Moonworks:Accelerator","DDmod:EasePowerCard+1","Moonworks:ReproductionOfRecords","Swift Strike+1","Moonworks:BackdoorTrade+1"],"relics":["Moonworks:BrokenBomb","Moonworks:Homemark","NeowsBlessing","Molten Egg 2","Juzu Bracelet","Odd Mushroom","aspiration:PoetsPen_weak","aspiration:Lifesprig","Replay:Baseball","Simple Rune","aspiration:IroncladSkillbook"],"acts_visited":["Exordium","TheCity","TheBeyond"],"potions_floor_usage":[8,16,16,16,33,33,33,37,40,40],"damage_taken":[{"damage":0,"enemies":"2 Louse","floor":1,"turns":1},{"damage":0,"enemies":"Small Slimes","floor":4,"turns":1},{"damage":0,"enemies":"Jaw Worm","floor":5,"turns":1},{"damage":4,"enemies":"Large Slime","floor":8,"turns":5},{"damage":11,"enemies":"Lots of Slimes","floor":11,"turns":4},{"damage":0,"enemies":"Blue Slaver","floor":12,"turns":1},{"damage":10,"enemies":"The Mushroom Lair","floor":13,"turns":4},{"damage":15,"enemies":"Exordium Thugs","floor":14,"turns":4},{"damage":7,"enemies":"Slime Boss","floor":16,"turns":9},{"damage":0,"enemies":"Shell Parasite","floor":18,"turns":4},{"damage":10,"enemies":"Spheric Guardian","floor":19,"turns":3},{"damage":4,"enemies":"Centurion and Healer","floor":22,"turns":3},{"damage":21,"enemies":"Nightmare","floor":23,"turns":5},{"damage":0,"enemies":"Shelled Parasite and Fungi","floor":29,"turns":4},{"damage":0,"enemies":"Snake Plant","floor":30,"turns":2},{"damage":0,"enemies":"Automaton","floor":33,"turns":5},{"damage":25,"enemies":"3 Shapes","floor":35,"turns":3},{"damage":13,"enemies":"Orb Walker","floor":36,"turns":4},{"damage":0,"enemies":"Transient","floor":37,"turns":5},{"damage":5,"enemies":"Writhing Mass","floor":39,"turns":4},{"damage":47,"enemies":"Nightmare","floor":40,"turns":4}],"seed_played":"-8714665963167372024","potions_obtained":[{"floor":1,"key":"LiquidMemories"},{"floor":12,"key":"Elixir"},{"floor":13,"key":"DistilledChaos"},{"floor":14,"key":"Swift Potion"},{"floor":18,"key":"Adrenaline Potion"},{"floor":29,"key":"BlessingOfTheForge"},{"floor":30,"key":"SteroidPotion"},{"floor":33,"key":"LifebloodPotion"},{"floor":35,"key":"FearPotion"},{"floor":36,"key":"SkillPotion"},{"floor":39,"key":"Milkshake"}],"is_trial":false,"path_per_floor":["M","?","?","M","M","R","?","M","T","R","M","M","?","M","R","B",null,"M","M","AVR","?","M","NM","?","?","T","?","R","M","M","$","R","B",null,"M","M","M","?","M","NM"],"character_chosen":"THE_STARBREAKER","items_purchased":["Simple Rune"],"campfire_rested":3,"item_purchase_floors":[31],"current_hp_per_floor":[60,49,49,49,49,49,49,45,45,45,34,34,24,9,27,20,60,60,50,50,50,46,25,25,25,25,25,43,43,43,43,60,60,60,39,30,44,44,43,0,0],"gold":42,"neow_bonus":"THREE_ENEMY_KILL","is_daily":false,"chose_seed":false,"campfire_upgraded":2,"win_rate":0.0,"timestamp":1612775971,"path_taken":["M","?","?","M","?","R","?","M","T","R","M","M","?","M","R","BOSS","M","M","AVR","?","M","NM","?","?","T","?","R","M","M","$","R","BOSS","M","M","M","?","M","NM"],"items_purchased_type":["Relic"],"build_version":"2020-12-22","purchased_purges":1,"victory":false,"max_hp_per_floor":[60,60,60,60,60,60,60,60,60,60,60,60,60,60,60,60,60,60,60,60,60,60,60,60,60,60,60,60,60,60,60,60,60,60,60,60,60,60,60,60,60],"card_choices":[{"not_picked":["Moonworks:SakisCookie","Moonworks:WindyEnchantment"],"picked":"Moonworks:BeyondHell","floor":1},{"not_picked":["Moonworks:NicePresent","Moonworks:SakisCookie"],"picked":"Moonworks:FinalSurgery+1","floor":4},{"not_picked":["Moonworks:UnluckyCharm","Moonworks:IndiscriminateFireSupport+1"],"picked":"Moonworks:AwakeningOfTalent+1","floor":5},{"not_picked":["Moonworks:SelfDestruct+1","Moonworks:LulusLuckyEgg"],"picked":"Moonworks:StiffCrystal","floor":8},{"not_picked":["Moonworks:SelfDestruct+1","Moonworks:LulusLuckyEgg"],"picked":"Moonworks:Poppoformation","floor":11},{"not_picked":["Moonworks:ImOnFire","Moonworks:IndiscriminateFireSupport+1"],"picked":"Moonworks:NicePresent","floor":12},{"not_picked":["Moonworks:NicePresent","Moonworks:RedAndBlue"],"picked":"Moonworks:AwakeningOfTalent+1","floor":13},{"not_picked":["Moonworks:JonathanRush+1","Moonworks:LulusLuckyEgg"],"picked":"Moonworks:NicePresent","floor":14},{"not_picked":["Moonworks:MeltingMemories","Moonworks:WeAreWaruda"],"picked":"Moonworks:AnotherUltimateWeapon","floor":16},{"not_picked":["Moonworks:DevilHand+1","Moonworks:LulusLuckyEgg+1","Moonworks:Dinner+1"],"picked":"SKIP","floor":18},{"not_picked":["Moonworks:BackdoorTrade","Moonworks:SakisCookie"],"picked":"Moonworks:CloudOfSeagulls+1","floor":19},{"not_picked":["Moonworks:SelfDestruct+1","Moonworks:EvilSpyWorkPreparation+1"],"picked":"Moonworks:AwakeningOfTalent+1","floor":22},{"not_picked":["Moonworks:ScrambledEve","Moonworks:EvilSpyWorkPreparation+1"],"picked":"Moonworks:ShieldCounter","floor":23},{"not_picked":["Moonworks:DeployBits+1","Moonworks:LulusLuckyEgg+1"],"picked":"Moonworks:JonathanRush+1","floor":29},{"not_picked":["Moonworks:DeployBits","Moonworks:BigMagnum+1"],"picked":"Moonworks:RagingMadness","floor":30},{"not_picked":["Moonworks:AccelHyper","Moonworks:SinkOrSwim"],"picked":"Moonworks:Accelerator","floor":33},{"not_picked":["DDmod:ScaleUpSkill+1","Shrug It Off","DDmod:CallousedSkill+1"],"picked":"DDmod:EasePowerCard+1","floor":35},{"not_picked":["Thunderclap+1","Moonworks:AngelHand+1","Rampage+1","Anger+1"],"picked":"SKIP","floor":36},{"not_picked":["Run Through+1","Thunderclap+1","Iron Wave+1"],"picked":"Moonworks:ReproductionOfRecords","floor":37},{"not_picked":["Violence","hubris:Ssssneak","ReplayTheSpireMod:Trickstab+1"],"picked":"Swift Strike+1","floor":38},{"not_picked":["DDmod:SpikeMailSkill","Iron Wave+1","Headbutt+1"],"picked":"Moonworks:BackdoorTrade+1","floor":39}],"player_experience":131231,"relics_obtained":[{"floor":9,"key":"Juzu Bracelet"},{"floor":13,"key":"Odd Mushroom"},{"floor":23,"key":"Replay:Baseball"}],"event_choices":[{"damage_healed":0,"gold_gain":75,"player_choice":"Gold","damage_taken":11,"max_hp_gain":0,"max_hp_loss":0,"event_name":"betterThird:BetterGoop","floor":2,"gold_loss":0},{"damage_healed":0,"gold_gain":0,"player_choice":"Upgraded","damage_taken":0,"max_hp_gain":0,"max_hp_loss":0,"event_name":"Upgrade Shrine","floor":7,"gold_loss":0,"cards_upgraded":["Moonworks:LongDistanceShot"]},{"damage_healed":0,"gold_gain":0,"player_choice":"Fought Mushrooms","damage_taken":0,"max_hp_gain":0,"max_hp_loss":0,"event_name":"Mushrooms","floor":13,"gold_loss":0},{"damage_healed":0,"gold_gain":0,"player_choice":"Bought 0 Potions","damage_taken":0,"max_hp_gain":0,"max_hp_loss":0,"event_name":"The Woman in Blue","floor":21,"gold_loss":0},{"damage_healed":0,"gold_gain":0,"player_choice":"1 cards matched","damage_taken":0,"max_hp_gain":0,"max_hp_loss":0,"event_name":"Match and Keep!","floor":24,"gold_loss":0,"cards_obtained":["Moonworks:WeAreWaruda"]},{"damage_healed":0,"gold_gain":0,"player_choice":"Ignored","damage_taken":0,"max_hp_gain":0,"max_hp_loss":0,"event_name":"Vampires","floor":25,"gold_loss":0},{"damage_healed":0,"gold_gain":0,"player_choice":"Memory 1","damage_taken":0,"max_hp_gain":0,"max_hp_loss":0,"event_name":"SensoryStone","floor":38,"gold_loss":0}],"is_beta":false,"boss_relics":[{"not_picked":["aspiration:SilentSkillbook","hubris:RunicObelisk"],"picked":"aspiration:PoetsPen_weak"},{"not_picked":["Snecko Eye","infinitespire:Cupcake"],"picked":"aspiration:IroncladSkillbook"}],"items_purged_floors":[20],"is_endless":false,"potions_floor_spawned":[1,12,13,14,18,29,30,33,35,36,39],"killed_by":"Nightmare","ascension_level":0}}