{"host":"mydft8i2zzydgggw","time":1612742948,"event":{"mods":["AchievementEnabler","BaseMod","Colored Map","Colored Powertips","DeckTracker","Keyboard Shortcuts","Minty Spire (QoL Compilation)","Rare Cards Sparkle","StSLib","SuperFastMode","everything is the same but u backflip on backflip"],"gold_per_floor":[118,135,148,148,38,65,65,65,146,24,24,39,39,73,73,173,173,187,187,187],"floor_reached":19,"language":"KOR","playtime":638,"items_purged":["Strike_G","Strike_G"],"score":236,"play_id":"7a20ba53-20ea-43db-82f5-506e5c052a0c","local_time":"20210208090908","is_ascension_mode":true,"campfire_choices":[{"floor":7.0,"key":"REST"},{"data":"Prepared","floor":11.0,"key":"SMITH"},{"floor":15,"key":"REST"}],"circlet_count":0,"master_deck":["Strike_G","Strike_G","Defend_G","Defend_G","Defend_G","Survivor","Neutralize","Caltrops","Choke+1","Prepared+1","Dagger Throw","Dagger Spray","Footwork","Backflip","Tactician","Reflex","After Image"],"relics":["Ring of the Snake","Lantern","Pantograph","MealTicket","Snecko Eye"],"acts_visited":["Exordium","TheCity"],"potions_floor_usage":[19],"damage_taken":[{"damage":4.0,"enemies":"Small Slimes","floor":1.0,"turns":4.0},{"damage":8.0,"enemies":"2 Louse","floor":2.0,"turns":2.0},{"damage":3.0,"enemies":"Jaw Worm","floor":3.0,"turns":3.0},{"damage":24.0,"enemies":"Gremlin Nob","floor":6.0,"turns":4.0},{"damage":11.0,"enemies":"Gremlin Gang","floor":12.0,"turns":5.0},{"damage":15,"enemies":"3 Sentries","floor":14,"turns":9},{"damage":39,"enemies":"Slime Boss","floor":16,"turns":12},{"damage":51,"enemies":"Chosen","floor":18,"turns":8},{"damage":12,"enemies":"Shell Parasite","floor":19,"turns":1}],"seed_played":"-5778504273194382498","potions_obtained":[{"floor":1.0,"key":"DuplicationPotion"},{"floor":3.0,"key":"Dexterity Potion"},{"floor":6.0,"key":"Regen Potion"},{"floor":18,"key":"ColorlessPotion"}],"is_trial":false,"path_per_floor":["M","M","M","?","$","E","R","?","T","$","R","M","?","E","R","B",null,"M","M"],"character_chosen":"THE_SILENT","items_purchased":["Footwork","Backflip"],"campfire_rested":2,"item_purchase_floors":[5,10],"current_hp_per_floor":[41,33,30,30,30,6,27,20,20,20,20,23,23,8,29,15,56,5,0,0],"gold":187,"neow_bonus":"TRANSFORM_TWO_CARDS","is_daily":false,"chose_seed":false,"campfire_upgraded":1,"win_rate":0.0,"timestamp":1612742948,"path_taken":["M","M","M","?","$","E","R","?","T","$","R","M","?","E","R","BOSS","M","M"],"items_purchased_type":["Card","Card"],"build_version":"2020-12-22","purchased_purges":2,"victory":false,"max_hp_per_floor":[70,70,70,70,70,70,70,70,70,70,70,70,70,70,70,70,70,70,70,70],"card_choices":[{"not_picked":["Noxious Fumes","Flying Knee"],"picked":"Prepared","floor":1.0},{"not_picked":["Flying Knee","Outmaneuver"],"picked":"Dagger Throw","floor":2.0},{"not_picked":["Skewer","Dodge and Roll"],"picked":"Dagger Spray","floor":3.0},{"not_picked":["Dagger Throw","Escape Plan","Deflect"],"picked":"SKIP","floor":6.0},{"not_picked":["Poisoned Stab","PiercingWail"],"picked":"Tactician","floor":12.0},{"not_picked":["Heel Hook","Phantasmal Killer"],"picked":"Reflex","floor":14},{"not_picked":["Die Die Die","A Thousand Cuts"],"picked":"After Image","floor":16},{"not_picked":["Prepared","Bane","Dagger Throw"],"picked":"SKIP","floor":18}],"player_experience":247990,"relics_obtained":[{"floor":6.0,"key":"Lantern"},{"floor":9.0,"key":"Pantograph"},{"floor":14,"key":"MealTicket"}],"event_choices":[{"damage_healed":0.0,"max_hp_gain":0.0,"max_hp_loss":0.0,"gold_gain":0.0,"event_name":"Living Wall","player_choice":"Grow","floor":4.0,"gold_loss":0.0,"damage_taken":0.0,"cards_upgraded":["Choke"]},{"cards_removed":["Defend_G"],"damage_healed":0.0,"max_hp_gain":0.0,"max_hp_loss":0.0,"gold_gain":0.0,"event_name":"Golden Wing","player_choice":"Card Removal","floor":8.0,"gold_loss":0.0,"damage_taken":7.0},{"damage_healed":0,"gold_gain":0,"player_choice":"Searched \u00270\u0027 times","damage_taken":0,"max_hp_gain":0,"max_hp_loss":0,"event_name":"Dead Adventurer","floor":13,"gold_loss":0}],"is_beta":false,"boss_relics":[{"not_picked":["Fusion Hammer","WristBlade"],"picked":"Snecko Eye"}],"items_purged_floors":[5,10],"is_endless":false,"potions_floor_spawned":[1,3,6,18],"killed_by":"Shell Parasite","ascension_level":7}}