{"host":"dbb4fkd1j4jczim2","time":1612766011,"event":{"mods":["BaseMod","Downfall","Marisa????????","Minty Spire (QoL Compilation)","Permanent Neow","StSLib"],"gold_per_floor":[99,109,121,138,238,238,238,253,553,553,653,753,769,789,799,895,895,895,895,908,937,937,971,1018,712,512,512,532,532,565,585,596,596,596,596],"floor_reached":33,"language":"ENG","playtime":1952,"items_purged":["downfall:Haunted"],"score":352,"play_id":"87d1f83b-b39c-4c43-8500-cb470ff6bcb2","local_time":"20210208003331","is_ascension_mode":false,"campfire_choices":[{"data":"champ:Execute","floor":1,"key":"SMITH"},{"data":"champ:ArenaPreparation","floor":10,"key":"SMITH"},{"data":"champ:Duel","floor":18,"key":"SMITH"},{"data":"champ:ArenaPreparation","floor":26,"key":"SMITH"}],"circlet_count":0,"master_deck":["champ:Strike","champ:Strike","champ:Strike","champ:Strike","champ:Defend","champ:Defend","champ:Defend","champ:Defend","champ:Execute+1","champ:Taunt+1","champ:ArenaPreparation+1","champ:BringItOn","champ:ArenaPreparation+1","champ:Taunt+1","Clumsy","champ:Parry","downfall:Icky","champ:FocusedDefense","champ:ShieldSigil","champ:Duel+1","champ:RisingSlash","champ:TripleStrike","champ:PreciseThrust","champ:FlashCut","champ:CalledShot+1","champ:Devastate","champ:ShieldSigil","champ:TornadoPunch","champ:PerfectedStrike","Normality","champ:ShieldSigil+1"],"relics":["Velvet Choker","Question Card","WristBlade","Cursed Key","Juzu Bracelet","Red Mask","Oddly Smooth Stone","Vajra","downfall:HeartBlessingGreen","downfall:HeartBlessingBlue","Enchiridion","Toxic Egg 2"],"acts_visited":["Exordium","TheCity"],"potions_floor_usage":[11],"damage_taken":[{"damage":11,"enemies":"Cultist","floor":2,"turns":3},{"damage":32,"enemies":"Small Slimes","floor":3,"turns":2},{"damage":0,"enemies":"2 Louse","floor":4,"turns":2},{"damage":4,"enemies":"3 Louse","floor":8,"turns":4},{"damage":52,"enemies":"3 Louse","floor":11,"turns":5},{"damage":32,"enemies":"Exordium Thugs","floor":13,"turns":5},{"damage":2,"enemies":"Blue Slaver","floor":14,"turns":2},{"damage":25,"enemies":"Exordium Wildlife","floor":15,"turns":2},{"damage":31,"enemies":"DF_ARCHETYPE_STREAMLINE","floor":16,"turns":10},{"damage":50,"enemies":"Chosen","floor":20,"turns":3},{"damage":80,"enemies":"Masked Bandits","floor":21,"turns":4},{"damage":109,"enemies":"Gremlin Leader","floor":23,"turns":11},{"damage":5,"enemies":"downfall:FleeingMerchant","floor":25,"turns":4},{"damage":10,"enemies":"Centurion and Healer","floor":28,"turns":4},{"damage":2,"enemies":"Slavers","floor":30,"turns":3},{"damage":4,"enemies":"3 Cultists","floor":31,"turns":4},{"damage":20,"enemies":"Snecko","floor":32,"turns":2},{"damage":159,"enemies":"IC_MUSHROOM_ARCHETYPE","floor":33,"turns":8}],"seed_played":"-8652942892852220018","potions_obtained":[{"floor":2,"key":"PowerPotion"},{"floor":3,"key":"SmokeBomb"},{"floor":11,"key":"Dexterity Potion"},{"floor":14,"key":"Dexterity Potion"}],"is_trial":false,"path_per_floor":["R","M","M","M","?","?","T","M","?","R","?","?","M","M","M","B",null,"R","?","M","?","?","E","T","$","R","?","M","?","E","M","M","B"],"character_chosen":"THE_CHAMP","items_purchased":["Vajra","champ:ShieldSigil","champ:TornadoPunch"],"campfire_rested":0,"item_purchase_floors":[25,25,25],"current_hp_per_floor":[90,89,87,87,87,87,87,83,83,83,51,51,39,37,37,11,90,90,90,90,75,75,165,165,165,175,159,159,159,157,153,153,0,0,0],"gold":596,"neow_bonus":"BOSS_RELIC","is_daily":false,"chose_seed":false,"campfire_upgraded":4,"win_rate":0.0,"timestamp":1612766011,"path_taken":["R","M","M","?","?","?","T","?","?","R","?","?","?","M","M","BOSS","R","?","M","?","?","E","T","$","R","?","M","?","E","M","M","BOSS"],"items_purchased_type":["Relic","Card","Card"],"build_version":"2020-12-22","purchased_purges":1,"victory":false,"max_hp_per_floor":[90,90,90,90,90,90,90,90,90,90,90,90,90,90,90,90,90,90,90,90,90,90,190,190,190,200,200,200,200,200,200,200,200,200,200],"card_choices":[{"not_picked":["champ:DefensiveStyle","champ:DeathBlow"],"picked":"champ:ArenaPreparation","floor":2},{"not_picked":["champ:BladeFlurry","champ:DefensiveShout","champ:CrownThrow"],"picked":"SKIP","floor":3},{"not_picked":["champ:CrownThrow","champ:FalseCounter"],"picked":"champ:BringItOn","floor":4},{"not_picked":["champ:FlashCut","champ:Backstep","champ:BladeFlurry"],"picked":"champ:Parry","floor":8},{"not_picked":["champ:RecklessLeap","champ:GutPunch","champ:IronFortress"],"picked":"champ:FocusedDefense","floor":11},{"not_picked":["champ:RecklessLeap","champ:TornadoPunch","champ:PreemptiveStrike"],"picked":"champ:ShieldSigil","floor":13},{"not_picked":["champ:RecklessLeap","champ:RageSigil","champ:EnGarde"],"picked":"champ:Duel","floor":14},{"not_picked":["champ:Circumvent","champ:BladeFlurry","champ:FalseCounter"],"picked":"champ:RisingSlash","floor":15},{"not_picked":["champ:IgnorePain","champ:GladiatorForm","champ:UltimateStance"],"picked":"champ:TripleStrike","floor":16},{"not_picked":["champ:HeartStrike","champ:TornadoPunch+1","champ:SwordSigil"],"picked":"champ:PreciseThrust","floor":20},{"not_picked":["champ:BerserkersShout","champ:SkillfulDodge","champ:GladiatorStyle+1"],"picked":"champ:FlashCut","floor":21},{"not_picked":["champ:GutPunch","champ:Shatter","champ:Haymaker"],"picked":"champ:CalledShot+1","floor":23},{"not_picked":["champ:BladeFlurry","champ:SkillfulDodge","champ:FancyFootwork"],"picked":"champ:Devastate","floor":25},{"not_picked":["champ:FanOfKnives","champ:Backstep","champ:FalseCounter+1"],"picked":"champ:PerfectedStrike","floor":28},{"not_picked":["champ:BerserkersShout+1","champ:IgnorePain+1","champ:TornadoPunch"],"picked":"champ:ShieldSigil+1","floor":30},{"not_picked":["champ:SetATrap+1","champ:BladeFlurry","champ:Circumvent+1","champ:ArenaPreparation+1"],"picked":"SKIP","floor":31},{"not_picked":["champ:DefensiveShout+1","champ:TornadoPunch","champ:Circumvent+1","champ:PreemptiveStrike"],"picked":"SKIP","floor":32}],"player_experience":336993,"relics_obtained":[{"floor":7,"key":"Question Card"},{"floor":11,"key":"WristBlade"},{"floor":21,"key":"Red Mask"},{"floor":23,"key":"Oddly Smooth Stone"},{"floor":27,"key":"Enchiridion"},{"floor":30,"key":"Toxic Egg 2"}],"event_choices":[{"damage_healed":0,"gold_gain":0,"player_choice":"Fought Bandits","damage_taken":0,"max_hp_gain":0,"max_hp_loss":0,"event_name":"Masked Bandits","floor":21,"gold_loss":0}],"is_beta":false,"boss_relics":[{"not_picked":["SacredBark","Snecko Eye"],"picked":"Cursed Key"}],"items_purged_floors":[25],"is_endless":false,"potions_floor_spawned":[2,3,11,14,15,21,23,30,31,32],"killed_by":"IC_MUSHROOM_ARCHETYPE","ascension_level":0}}