{"host":"8f5cu9y0fpol72qs","time":1612815666,"event":{"mods":["AlwaysNeverKeys","BaseMod","Colored Map","Colored Powertips","Curses Come First","Highlight Path","Key Reminder","Minty Spire (QoL Compilation)","StSLib"],"gold_per_floor":[368,518,255,272,284,284,300,329,329,344,354,354,365,60,60,60,60],"floor_reached":16,"language":"ENG","playtime":1151,"items_purged":["Doubt"],"score":198,"play_id":"d37c6f33-b714-4bba-9ec6-25c001bca6fe","local_time":"20210208122106","is_ascension_mode":true,"campfire_choices":[{"floor":6,"key":"REST"},{"floor":12,"key":"REST"},{"data":"Fusion","floor":15,"key":"SMITH"}],"circlet_count":0,"master_deck":["AscendersBane","Strike_B","Strike_B","Strike_B","Strike_B","Defend_B","Defend_B","Defend_B","Defend_B","Zap","Dualcast","Beam Cell","Rebound","Melter","Leap","Rip and Tear","Sweeping Beam","BootSequence","Fusion+1","Capacitor+1"],"relics":["Cracked Core","Strange Spoon","Akabeko","StrikeDummy","Frozen Egg 2"],"acts_visited":["Exordium"],"potions_floor_usage":[8,13,16],"damage_taken":[{"damage":14,"enemies":"Small Slimes","floor":1,"turns":4},{"damage":0,"enemies":"Cultist","floor":4,"turns":2},{"damage":0,"enemies":"2 Louse","floor":5,"turns":1},{"damage":2,"enemies":"Lots of Slimes","floor":7,"turns":5},{"damage":40,"enemies":"Lagavulin","floor":8,"turns":6},{"damage":0,"enemies":"Looter","floor":10,"turns":1},{"damage":0,"enemies":"Exordium Wildlife","floor":11,"turns":2},{"damage":0,"enemies":"Large Slime","floor":13,"turns":3},{"damage":47,"enemies":"Slime Boss","floor":16,"turns":9}],"seed_played":"-8398845509305328857","potions_obtained":[{"floor":7,"key":"AttackPotion"},{"floor":8,"key":"Block Potion"},{"floor":11,"key":"Fire Potion"}],"is_trial":false,"path_per_floor":["M","?","$","M","M","R","M","E","T","M","M","R","M","$","R","B"],"character_chosen":"DEFECT","items_purchased":["Strange Spoon","Rebound","Frozen Egg 2","Capacitor+1"],"campfire_rested":2,"item_purchase_floors":[3,3,14,14],"current_hp_per_floor":[32,32,32,32,32,53,51,11,11,11,11,32,32,32,32,0,0],"gold":60,"neow_bonus":"TWO_FIFTY_GOLD","is_daily":false,"chose_seed":false,"campfire_upgraded":1,"win_rate":0.0,"timestamp":1612815666,"path_taken":["M","?","$","M","M","R","M","E","T","M","M","R","M","$","R","BOSS"],"items_purchased_type":["Relic","Card","Relic","Card"],"build_version":"2020-12-22","purchased_purges":1,"victory":false,"max_hp_per_floor":[71,71,71,71,71,71,71,71,71,71,71,71,71,71,71,71,71],"card_choices":[{"not_picked":["Coolheaded","Leap"],"picked":"Beam Cell","floor":1},{"not_picked":["Stack","Consume"],"picked":"Melter","floor":4},{"not_picked":["Steam Power","Meteor Strike"],"picked":"Leap","floor":5},{"not_picked":["Aggregate","Cold Snap"],"picked":"Rip and Tear","floor":7},{"not_picked":["Reboot","Go for the Eyes"],"picked":"Sweeping Beam","floor":8},{"not_picked":["Rip and Tear","Lockon"],"picked":"BootSequence","floor":10},{"not_picked":["Steam","Rebound","Streamline"],"picked":"SKIP","floor":11},{"not_picked":["Turbo","Barrage"],"picked":"Fusion","floor":13}],"player_experience":1041935,"relics_obtained":[{"floor":8,"key":"Akabeko"},{"floor":9,"key":"StrikeDummy"}],"event_choices":[{"damage_healed":0,"gold_gain":150,"player_choice":"AGREE","damage_taken":0,"max_hp_gain":0,"max_hp_loss":0,"event_name":"Liars Game","floor":2,"gold_loss":0,"cards_obtained":["Doubt"]}],"is_beta":false,"boss_relics":[],"items_purged_floors":[3],"is_endless":false,"potions_floor_spawned":[7,8,11],"killed_by":"Slime Boss","ascension_level":18}}