{"host":"aabv8rsjba1dk38u","time":1612788186,"event":{"mods":["Act Like it!","BaseMod","CapriCore","DeckTracker","Gensokyo","Hermit","HololiveMod","Koishi","Luminous","Marisa????????","Minty Spire (QoL Compilation)","Rare Cards Sparkle","Relic Stats","Remilia??????","StSLib","SuperFastMode","The Immortal","The Marked","The Senshi","The Servant 0.9.4","Waifu the Spire","WarShipGirlsR/????R mod"],"gold_per_floor":[114,114,114,140,140,173,173,193,226,66,86,106,106,206,206,221,221,73,73,73,73,102,2,27,27,0,0],"floor_reached":28,"language":"ENG","playtime":645,"items_purged":["Strike_G","Defend_G"],"score":325,"play_id":"60a94809-a4cb-48cf-97a8-578a0a701501","local_time":"20210208194306","is_ascension_mode":false,"campfire_choices":[{"data":"Bouncing Flask","floor":7,"key":"SMITH"},{"floor":15,"key":"REST"},{"data":"Noxious Fumes","floor":23,"key":"SMITH"}],"circlet_count":0,"master_deck":["Strike_G","Strike_G","Strike_G","Defend_G","Defend_G","Defend_G","Defend_G","Survivor","Neutralize","Dagger Spray","Bouncing Flask+1","A Thousand Cuts+1","Deadly Poison","Noxious Fumes","Necronomicurse","Escape Plan","Poisoned Stab","Envenom+1","Outmaneuver+1","Lust_TH","Noxious Fumes+1"],"relics":["Ring of the Snake","NeowsBlessing","Gensokyo:PortableGap","PreservedInsect","Orichalcum","Darkstone Periapt","Centennial Puzzle","Necronomicon","SlaversCollar","MutagenicStrength","Bag of Marbles","Hololive_LightStick"],"acts_visited":["Gensokyo:Gensokyo","TheCity"],"potions_floor_usage":[16,16,24,28],"damage_taken":[{"damage":0,"enemies":"Gensokyo:2_Kodama","floor":1,"turns":1},{"damage":0,"enemies":"Gensokyo:Cirno","floor":6,"turns":2},{"damage":0,"enemies":"Gensokyo:Mamizou","floor":8,"turns":2},{"damage":6,"enemies":"Gensokyo:Python","floor":10,"turns":3},{"damage":0,"enemies":"Gensokyo:Aya","floor":11,"turns":3},{"damage":7,"enemies":"Gensokyo:Gryphon","floor":13,"turns":3},{"damage":14,"enemies":"Gensokyo:Python_and_Kodama","floor":14,"turns":5},{"damage":55,"enemies":"Gensokyo:Reimu","floor":16,"turns":11},{"damage":13,"enemies":"3 Byrds","floor":18,"turns":4},{"damage":55,"enemies":"Slavers","floor":24,"turns":4},{"damage":8,"enemies":"2 Thieves","floor":28,"turns":1}],"seed_played":"5029235713704534422","potions_obtained":[{"floor":1,"key":"Regen Potion"},{"floor":10,"key":"Weak Potion"},{"floor":14,"key":"BlessingOfTheForge"},{"floor":16,"key":"Swift Potion"},{"floor":18,"key":"SneckoOil"}],"is_trial":false,"path_per_floor":["M","?","?","E","R","E","T","M","E","?","M","M","R","B",null,"M","?","$","?","?","R","E","$","T","$","M"],"character_chosen":"THE_SILENT","items_purchased":["Noxious Fumes"],"campfire_rested":1,"item_purchase_floors":[20],"current_hp_per_floor":[70,60,57,57,57,57,57,51,51,57,50,36,54,14,63,50,56,56,56,56,56,1,1,1,1,0,0],"gold":0,"neow_bonus":"THREE_ENEMY_KILL","is_daily":false,"chose_seed":false,"campfire_upgraded":2,"win_rate":0.0,"timestamp":1612788186,"path_taken":["M","?","?","E","R","E","T","M","E","?","M","M","R","BOSS","M","?","$","?","?","R","E","$","T","$","?"],"items_purchased_type":["Card"],"build_version":"2020-12-22","purchased_purges":2,"victory":false,"max_hp_per_floor":[70,60,57,57,57,57,57,57,57,63,63,63,63,63,63,63,69,69,69,69,69,69,69,69,69,69,69],"relic_stats":{"Darkstone Periapt":12,"Centennial Puzzle":[15],"counters":[11,39],"PreservedInsect":57,"Necronomicon":[0],"Orichalcum":[114],"obtain_stats":[{"Darkstone Periapt":9,"SlaversCollar":17,"Centennial Puzzle":11,"Hololive_LightStick":26,"NeowsBlessing":0,"MutagenicStrength":21,"PreservedInsect":6,"Necronomicon":12,"Bag of Marbles":24,"Orichalcum":8,"Gensokyo:PortableGap":2,"Ring of the Snake":0},{"Darkstone Periapt":3,"SlaversCollar":8,"Centennial Puzzle":5,"Hololive_LightStick":10,"NeowsBlessing":0,"MutagenicStrength":9,"PreservedInsect":2,"Necronomicon":5,"Bag of Marbles":10,"Orichalcum":3,"Gensokyo:PortableGap":1,"Ring of the Snake":0},{"Darkstone Periapt":5,"SlaversCollar":30,"Centennial Puzzle":11,"Hololive_LightStick":38,"NeowsBlessing":0,"MutagenicStrength":34,"PreservedInsect":3,"Necronomicon":11,"Bag of Marbles":38,"Orichalcum":5,"Gensokyo:PortableGap":1,"Ring of the Snake":0}],"Ring of the Snake":[22]},"card_choices":[{"not_picked":["Predator","All Out Attack"],"picked":"Dagger Spray","floor":1},{"not_picked":["Deadly Poison","Accuracy"],"picked":"Bouncing Flask","floor":6},{"not_picked":["Escape Plan","Prepared"],"picked":"A Thousand Cuts","floor":8},{"not_picked":["PiercingWail","Sucker Punch"],"picked":"Deadly Poison","floor":10},{"not_picked":["Outmaneuver","Setup"],"picked":"Noxious Fumes","floor":11},{"not_picked":["All Out Attack","Infinite Blades"],"picked":"Escape Plan","floor":13},{"not_picked":["Quick Slash","Prepared"],"picked":"Poisoned Stab","floor":14},{"not_picked":["Bullet Time","Night Terror"],"picked":"Envenom","floor":16},{"not_picked":["Footwork","Endless Agony"],"picked":"Outmaneuver+1","floor":18},{"not_picked":["Quick Slash+1","Escape Plan","Unload"],"picked":"SKIP","floor":24}],"player_experience":244098,"relics_obtained":[{"floor":6,"key":"PreservedInsect"},{"floor":8,"key":"Orichalcum"},{"floor":9,"key":"Darkstone Periapt"},{"floor":11,"key":"Centennial Puzzle"},{"floor":24,"key":"Bag of Marbles"},{"floor":26,"key":"Hololive_LightStick"}],"event_choices":[{"damage_healed":0,"gold_gain":0,"player_choice":"Inject Mutagens","damage_taken":0,"relics_obtained":["MutagenicStrength"],"max_hp_gain":0,"max_hp_loss":0,"event_name":"Drug Dealer","floor":21,"gold_loss":0},{"cards_removed":["Strike_G"],"damage_healed":0,"gold_gain":0,"player_choice":"Purged","damage_taken":0,"max_hp_gain":0,"max_hp_loss":0,"event_name":"Purifier","floor":22,"gold_loss":0}],"is_beta":false,"boss_relics":[{"not_picked":["Snecko Eye","Hololive_ChaosS"],"picked":"SlaversCollar"}],"items_purged_floors":[20,25],"is_endless":false,"potions_floor_spawned":[1,10,14,16,18],"killed_by":"2 Thieves","ascension_level":0}}