{"host":"nfwmt9fllo89vsai","time":1612814619,"event":{"mods":["AchievementEnabler","BaseMod","BetterRewards","Colored Map","Colored Powertips","Curses Come First","Dark Map","Minty Spire (QoL Compilation)","Potion Indicator Mod","Quick Restart","Relic Stats","StSLib","SuperFastMode"],"gold_per_floor":[115,129,146,146,163,196,196,208,208,75,75,75],"floor_reached":11,"language":"ENG","playtime":246,"items_purged":[],"score":75,"play_id":"66577ac0-8125-4e2a-a881-e6bfe2ad3d35","local_time":"20210208130339","is_ascension_mode":false,"campfire_choices":[],"circlet_count":0,"master_deck":["Strike_R","Strike_R","Strike_R","Strike_R","Strike_R","Defend_R","Defend_R","Defend_R","Defend_R","Bash","Armaments+1","Perfected Strike","Perfected Strike","Shrug It Off","Spot Weakness","Twin Strike","Demon Form","Perfected Strike"],"relics":["Burning Blood","NeowsBlessing","Pen Nib","Sundial"],"acts_visited":["Exordium"],"potions_floor_usage":[],"damage_taken":[{"damage":0,"enemies":"Small Slimes","floor":1,"turns":1},{"damage":0,"enemies":"Cultist","floor":2,"turns":1},{"damage":0,"enemies":"2 Louse","floor":3,"turns":1},{"damage":6,"enemies":"2 Fungi Beasts","floor":5,"turns":3},{"damage":46,"enemies":"Gremlin Nob","floor":6,"turns":5},{"damage":3,"enemies":"3 Louse","floor":8,"turns":3},{"damage":4,"enemies":"3 Sentries","floor":11,"turns":2}],"seed_played":"3643265943313423464","potions_obtained":[{"floor":3,"key":"FairyPotion"},{"floor":5,"key":"HeartOfIron"},{"floor":6,"key":"PowerPotion"}],"is_trial":false,"path_per_floor":["M","M","M","?","M","E","?","M","T","$","E"],"character_chosen":"IRONCLAD","items_purchased":["Demon Form","Perfected Strike"],"campfire_rested":0,"item_purchase_floors":[10,10],"current_hp_per_floor":[80,80,80,80,80,40,32,35,35,35,31,31],"gold":75,"neow_bonus":"THREE_ENEMY_KILL","is_daily":false,"chose_seed":false,"campfire_upgraded":0,"win_rate":0.0,"timestamp":1612814619,"path_taken":["M","M","M","?","M","E","?","?","T","$","E"],"items_purchased_type":["Card","Card"],"build_version":"2020-12-22","purchased_purges":0,"victory":false,"max_hp_per_floor":[80,80,80,80,80,80,80,80,80,80,80,80],"relic_stats":{"counters":[7,16],"Sundial":[0],"Pen Nib":[0],"obtain_stats":[{"NeowsBlessing":0,"Sundial":9,"Pen Nib":6,"Burning Blood":0},{"NeowsBlessing":0,"Sundial":6,"Pen Nib":5,"Burning Blood":0},{"NeowsBlessing":0,"Sundial":14,"Pen Nib":11,"Burning Blood":0}],"Burning Blood":18},"card_choices":[{"not_picked":["Pommel Strike","Bloodletting"],"picked":"Armaments","floor":1},{"not_picked":["Headbutt","Havoc"],"picked":"Perfected Strike","floor":2},{"not_picked":["Pommel Strike","Armaments"],"picked":"Perfected Strike","floor":3},{"not_picked":["Cleave","Berserk"],"picked":"Shrug It Off","floor":5},{"not_picked":["Anger","Iron Wave"],"picked":"Spot Weakness","floor":6},{"not_picked":["Anger","Thunderclap"],"picked":"Twin Strike","floor":8}],"player_experience":32547,"relics_obtained":[{"floor":6,"key":"Pen Nib"},{"floor":9,"key":"Sundial"}],"event_choices":[{"damage_healed":0,"gold_gain":0,"player_choice":"Grow","damage_taken":0,"max_hp_gain":0,"max_hp_loss":0,"event_name":"Living Wall","floor":4,"gold_loss":0,"cards_upgraded":["Armaments"]},{"damage_healed":0,"gold_gain":0,"player_choice":"Damaged","damage_taken":8,"max_hp_gain":0,"max_hp_loss":0,"event_name":"Wheel of Change","floor":7,"gold_loss":0}],"is_beta":false,"boss_relics":[],"items_purged_floors":[],"is_endless":false,"potions_floor_spawned":[3,5,6],"killed_by":"3 Sentries","ascension_level":0}}