{"host":"4rvakrj1idbgia3f","time":1612784279,"event":{"mods":["BaseMod","Colored Map","Colored Powertips","DeckTracker","Highlight Path","Minty Spire (QoL Compilation)","Random Character Button","StSLib"],"gold_per_floor":[119,119,136,152,167,167,192,192,219,239,1,35,35,35,35,107,107,123,136,51,101,121,121,152,152,152,169,169,169,185,197,197,197,197],"floor_reached":33,"language":"JPN","playtime":1433,"items_purged":["Strike_G"],"score":604,"play_id":"4c485825-33f3-410b-bdc9-dee842509599","local_time":"20210208203759","is_ascension_mode":true,"campfire_choices":[{"data":"Dagger Spray","floor":6.0,"key":"SMITH"},{"data":"Crippling Poison","floor":8,"key":"SMITH"},{"data":"Blur","floor":15,"key":"SMITH"},{"floor":23,"key":"REST"},{"data":"After Image","floor":29,"key":"SMITH"},{"floor":32,"key":"REST"}],"circlet_count":0,"master_deck":["AscendersBane","Strike_G+1","Strike_G+1","Strike_G+1","Strike_G+1","Defend_G+1","Defend_G+1","Defend_G+1","Defend_G+1","Survivor","Neutralize+1","Dagger Throw","Dagger Spray+1","Heel Hook","Flying Knee","Crippling Poison+1","Blur+1","Corpse Explosion","Leg Sweep","After Image+1","PiercingWail","Acrobatics","Deadly Poison+1"],"relics":["Ring of the Snake","Anchor","Ancient Tea Set","Vajra","Cursed Key","Unceasing Top","Orichalcum"],"acts_visited":["Exordium","TheCity"],"potions_floor_usage":[7,12,33],"damage_taken":[{"damage":0.0,"enemies":"Small Slimes","floor":1.0,"turns":5.0},{"damage":0.0,"enemies":"Cultist","floor":3.0,"turns":3.0},{"damage":6.0,"enemies":"Jaw Worm","floor":4.0,"turns":6.0},{"damage":3.0,"enemies":"Looter","floor":5.0,"turns":3.0},{"damage":11,"enemies":"3 Sentries","floor":7,"turns":7},{"damage":0,"enemies":"2 Fungi Beasts","floor":10,"turns":3},{"damage":2,"enemies":"Lagavulin","floor":12,"turns":5},{"damage":16,"enemies":"The Guardian","floor":16,"turns":13},{"damage":21,"enemies":"Spheric Guardian","floor":18,"turns":4},{"damage":0,"enemies":"3 Byrds","floor":19,"turns":2},{"damage":22,"enemies":"Shelled Parasite and Fungi","floor":22,"turns":7},{"damage":4,"enemies":"Gremlin Leader","floor":24,"turns":7},{"damage":0,"enemies":"Centurion and Healer","floor":27,"turns":3},{"damage":2,"enemies":"Snake Plant","floor":30,"turns":5},{"damage":0,"enemies":"3 Cultists","floor":31,"turns":4},{"damage":63,"enemies":"Collector","floor":33,"turns":8}],"seed_played":"5848439362818408565","potions_obtained":[{"floor":4.0,"key":"BlessingOfTheForge"},{"floor":7,"key":"DistilledChaos"},{"floor":19,"key":"LiquidBronze"},{"floor":27,"key":"Swift Potion"}],"is_trial":false,"path_per_floor":["M","?","M","M","M","R","E","R","T","M","$","E","?","?","R","B",null,"M","M","?","?","M","R","E","?","T","M","?","R","M","M","R","B"],"character_chosen":"THE_SILENT","items_purchased":["Corpse Explosion"],"campfire_rested":2,"item_purchase_floors":[11],"current_hp_per_floor":[59,59,59,53,50,50,39,39,39,39,39,37,42,35,35,19,58,37,37,37,37,15,36,32,32,32,32,32,32,30,30,51,0,0],"gold":197,"neow_bonus":"UPGRADE_CARD","is_daily":false,"chose_seed":false,"campfire_upgraded":4,"win_rate":0.0,"timestamp":1612784279,"path_taken":["M","?","M","?","M","R","E","R","T","M","$","E","?","?","R","BOSS","M","M","?","?","M","R","E","?","T","M","?","R","M","M","R","BOSS"],"items_purchased_type":["Card"],"build_version":"2020-12-22","purchased_purges":1,"victory":false,"max_hp_per_floor":[66,66,66,66,66,66,66,66,66,66,66,66,71,71,71,71,71,71,71,71,71,71,71,71,71,71,71,71,71,71,71,71,71,71],"card_choices":[{"not_picked":["Terror","Flying Knee"],"picked":"Dagger Throw","floor":1.0},{"not_picked":["Deadly Poison","Acrobatics"],"picked":"Dagger Spray","floor":3.0},{"not_picked":["Masterful Stab","Dagger Spray"],"picked":"Heel Hook","floor":4.0},{"not_picked":["Riddle With Holes","Slice"],"picked":"Flying Knee","floor":5.0},{"not_picked":["Setup","Poisoned Stab"],"picked":"Crippling Poison","floor":7},{"not_picked":["Deflect","Dagger Throw"],"picked":"Blur","floor":10},{"not_picked":["Slice","Quick Slash"],"picked":"Leg Sweep","floor":12},{"not_picked":["Storm of Steel","Tools of the Trade"],"picked":"After Image","floor":16},{"not_picked":["Poisoned Stab","Accuracy"],"picked":"PiercingWail","floor":18},{"not_picked":["Skewer+1","Flying Knee","Slice+1"],"picked":"SKIP","floor":19},{"not_picked":["Dagger Spray","Dagger Throw+1","A Thousand Cuts"],"picked":"SKIP","floor":22},{"not_picked":["Corpse Explosion","Poisoned Stab"],"picked":"Acrobatics","floor":24},{"not_picked":["Deflect","Endless Agony+1"],"picked":"Deadly Poison+1","floor":27},{"not_picked":["Terror","Backstab","Crippling Poison"],"picked":"SKIP","floor":30},{"not_picked":["Underhanded Strike","Concentrate","Storm of Steel"],"picked":"SKIP","floor":31}],"player_experience":2234991,"relics_obtained":[{"floor":7,"key":"Anchor"},{"floor":9,"key":"Ancient Tea Set"},{"floor":12,"key":"Vajra"},{"floor":24,"key":"Orichalcum"}],"event_choices":[{"damage_healed":0.0,"max_hp_gain":0.0,"max_hp_loss":0.0,"gold_gain":0.0,"event_name":"Match and Keep!","player_choice":"0 cards matched","floor":2.0,"gold_loss":0.0,"damage_taken":0.0,"cards_obtained":[]},{"damage_healed":0,"gold_gain":0,"player_choice":"Donut","damage_taken":0,"max_hp_gain":5,"max_hp_loss":0,"event_name":"Big Fish","floor":13,"gold_loss":0},{"cards_removed":["Defend_G"],"damage_healed":0,"gold_gain":0,"player_choice":"Card Removal","damage_taken":7,"max_hp_gain":0,"max_hp_loss":0,"event_name":"Golden Wing","floor":14,"gold_loss":0},{"damage_healed":0,"gold_gain":0,"player_choice":"Obtained Relic","damage_taken":0,"relics_obtained":["Unceasing Top"],"max_hp_gain":0,"max_hp_loss":0,"event_name":"Addict","floor":20,"gold_loss":85},{"damage_healed":0,"gold_gain":50,"player_choice":"Stole From Cult","damage_taken":0,"max_hp_gain":0,"max_hp_loss":0,"event_name":"Nest","floor":21,"gold_loss":0},{"damage_healed":0,"gold_gain":0,"player_choice":"Simplicity","damage_taken":0,"max_hp_gain":0,"max_hp_loss":0,"event_name":"Back to Basics","floor":25,"gold_loss":0,"cards_upgraded":["Strike_G","Strike_G","Strike_G","Strike_G","Defend_G","Defend_G","Defend_G","Defend_G"]},{"damage_healed":0,"gold_gain":0,"player_choice":"Ignored","damage_taken":0,"max_hp_gain":0,"max_hp_loss":0,"event_name":"Vampires","floor":28,"gold_loss":0}],"is_beta":false,"boss_relics":[{"not_picked":["Busted Crown","Tiny House"],"picked":"Cursed Key"}],"items_purged_floors":[11],"is_endless":false,"potions_floor_spawned":[4,7,19,27],"killed_by":"Collector","ascension_level":20}}