{"host":"at5b10nm0iti0w4x","time":1612747359,"event":{"mods":["2.2 Compatiblity","AchievementEnabler","BaseMod","Bestiary","Block Reminder","Colored Map","Colored Powertips","Highlight Path","Keyboard Shortcuts","Minty Spire (QoL Compilation)","Relic Stats","Slay the Relics Exporter","StSLib","SuperFastMode","Unknown Chances"],"gold_per_floor":[118,118,133,143,143,143,174,17,17,34,34,48,78,0,0,102,102,114,130,220,231,83,110,110,136,136,169,187,187,206,226,226,328,328,346,346,365,378,378,378,410,420,502,519,519,530,530,561,561,561,561],"floor_reached":50,"language":"ENG","playtime":3969,"items_purged":[],"score":624,"play_id":"3b93fbff-b330-4a9c-9b30-a90ab32c9e02","local_time":"20210207202239","is_ascension_mode":false,"campfire_choices":[{"data":"Blind","floor":6,"key":"SMITH"},{"floor":11,"key":"REST"},{"floor":15,"key":"REST"},{"floor":24,"key":"REST"},{"floor":32,"key":"REST"},{"floor":40,"key":"REST"},{"floor":45,"key":"REST"},{"floor":49,"key":"REST"}],"circlet_count":0,"master_deck":["Strike_G","Strike_G","Strike_G","Strike_G","Defend_G","Defend_G","Defend_G","Defend_G","Defend_G","Survivor","Neutralize","Cloak And Dagger","Heel Hook","Slice","Blind+1","PiercingWail","Bandage Up","Tools of the Trade","Terror","Flechettes","Leg Sweep","Die Die Die","Blur","Riddle With Holes","Prepared+1","Prepared","Cloak And Dagger+1","Bouncing Flask","PiercingWail","Ghostly","Ghostly","Ghostly","Ghostly","Ghostly","Catalyst","Envenom","Noxious Fumes","Madness","Madness","Blade Dance","Caltrops+1","Noxious Fumes","PiercingWail+1","Slice"],"relics":["Runic Pyramid","GremlinMask","Shuriken","Toy Ornithopter","Calipers","Fusion Hammer","Medical Kit","Bronze Scales","StoneCalendar","Ninja Scroll","Vajra","Busted Crown","Lantern","Frozen Egg 2","Gambling Chip"],"acts_visited":["Exordium","TheCity","TheBeyond"],"potions_floor_usage":[27,42,46,46,48,50],"damage_taken":[{"damage":0,"enemies":"Cultist","floor":1,"turns":4},{"damage":1,"enemies":"Jaw Worm","floor":3,"turns":4},{"damage":0,"enemies":"Small Slimes","floor":4,"turns":3},{"damage":50,"enemies":"Gremlin Nob","floor":7,"turns":6},{"damage":7,"enemies":"3 Louse","floor":10,"turns":5},{"damage":0,"enemies":"Large Slime","floor":12,"turns":7},{"damage":13,"enemies":"3 Sentries","floor":13,"turns":9},{"damage":8,"enemies":"Hexaghost","floor":16,"turns":11},{"damage":18,"enemies":"3 Byrds","floor":18,"turns":6},{"damage":14,"enemies":"2 Thieves","floor":19,"turns":4},{"damage":1,"enemies":"Shelled Parasite and Fungi","floor":21,"turns":6},{"damage":8,"enemies":"Book of Stabbing","floor":23,"turns":7},{"damage":26,"enemies":"Gremlin Leader","floor":25,"turns":10},{"damage":19,"enemies":"Slavers","floor":27,"turns":4},{"damage":0,"enemies":"Chosen and Byrds","floor":28,"turns":4},{"damage":0,"enemies":"Centurion and Healer","floor":30,"turns":6},{"damage":0,"enemies":"Snecko","floor":31,"turns":5},{"damage":8,"enemies":"Collector","floor":33,"turns":9},{"damage":0,"enemies":"Orb Walker","floor":35,"turns":4},{"damage":0,"enemies":"3 Darklings","floor":37,"turns":7},{"damage":3,"enemies":"Jaw Worm Horde","floor":38,"turns":5},{"damage":14,"enemies":"Giant Head","floor":41,"turns":9},{"damage":0,"enemies":"Maw","floor":42,"turns":7},{"damage":1,"enemies":"Writhing Mass","floor":44,"turns":5},{"damage":30,"enemies":"Spire Growth","floor":46,"turns":6},{"damage":8,"enemies":"Reptomancer","floor":48,"turns":6},{"damage":35,"enemies":"Awakened One","floor":50,"turns":8}],"seed_played":"3473946837515289442","potions_obtained":[{"floor":3,"key":"Explosive Potion"},{"floor":4,"key":"DuplicationPotion"},{"floor":7,"key":"CultistPotion"},{"floor":30,"key":"CultistPotion"},{"floor":44,"key":"PowerPotion"},{"floor":46,"key":"SkillPotion"}],"is_trial":false,"path_per_floor":["M","?","M","M","?","R","E","$","T","M","R","M","E","$","R","B",null,"M","M","?","M","$","E","R","E","T","E","M","?","M","M","R","B",null,"M","?","M","M","?","R","E","M","T","M","R","M","?","E","R","B"],"character_chosen":"THE_SILENT","items_purchased":["Bandage Up","Tools of the Trade","Leg Sweep","Medical Kit"],"campfire_rested":7,"item_purchase_floors":[8,8,14,22],"current_hp_per_floor":[70,70,69,69,69,69,19,19,19,16,37,41,32,32,53,49,70,56,46,34,37,37,33,54,32,32,18,22,22,26,30,35,28,35,35,31,35,32,35,35,21,30,30,29,35,18,18,15,25,0,0],"gold":561,"neow_bonus":"BOSS_RELIC","is_daily":false,"chose_seed":false,"campfire_upgraded":1,"win_rate":0.0,"timestamp":1612747359,"path_taken":["M","?","?","M","?","R","E","$","T","?","R","?","E","$","R","BOSS","M","M","?","M","$","E","R","E","T","E","?","?","M","M","R","BOSS","M","?","M","M","?","R","E","?","T","M","R","M","?","E","R","BOSS"],"items_purchased_type":["Card","Card","Card","Relic"],"build_version":"2020-12-22","purchased_purges":0,"victory":false,"max_hp_per_floor":[70,70,70,70,70,70,70,70,70,70,70,70,70,70,70,70,70,70,70,70,70,70,70,70,70,70,70,70,35,35,35,35,35,35,35,35,35,35,35,35,35,35,35,35,35,35,35,35,35,35,35],"relic_stats":{"Busted Crown":16,"counters":[27,167],"Shuriken":[63],"Bronze Scales":[321],"Gambling Chip":[3],"StoneCalendar":[148],"Medical Kit":[0],"obtain_stats":[{"Lantern":41,"Calipers":13,"Vajra":27,"GremlinMask":2,"StoneCalendar":25,"Frozen Egg 2":43,"Medical Kit":22,"Busted Crown":34,"Shuriken":7,"Ninja Scroll":26,"Bronze Scales":23,"Gambling Chip":48,"Fusion Hammer":17,"Toy Ornithopter":9,"Ring of the Snake":0,"Runic Pyramid":0},{"Lantern":22,"Calipers":7,"Vajra":14,"GremlinMask":1,"StoneCalendar":13,"Frozen Egg 2":23,"Medical Kit":11,"Busted Crown":18,"Shuriken":4,"Ninja Scroll":13,"Bronze Scales":12,"Gambling Chip":26,"Fusion Hammer":8,"Toy Ornithopter":4,"Ring of the Snake":0,"Runic Pyramid":0},{"Lantern":135,"Calipers":38,"Vajra":86,"GremlinMask":4,"StoneCalendar":82,"Frozen Egg 2":142,"Medical Kit":65,"Busted Crown":110,"Shuriken":17,"Ninja Scroll":82,"Bronze Scales":72,"Gambling Chip":159,"Fusion Hammer":49,"Toy Ornithopter":17,"Ring of the Snake":0,"Runic Pyramid":0}],"Toy Ornithopter":30},"card_choices":[{"not_picked":["Underhanded Strike","Skewer"],"picked":"Cloak And Dagger","floor":1},{"not_picked":["Bane","Acrobatics"],"picked":"Heel Hook","floor":3},{"not_picked":["Deflect","Dodge and Roll"],"picked":"Slice","floor":4},{"not_picked":["Infinite Blades","Deadly Poison"],"picked":"PiercingWail","floor":7},{"not_picked":["Flying Knee","All Out Attack"],"picked":"Terror","floor":10},{"not_picked":["Acrobatics","Dodge and Roll"],"picked":"Concentrate","floor":12},{"not_picked":["Outmaneuver","Terror"],"picked":"Flechettes","floor":13},{"not_picked":["A Thousand Cuts","Grand Finale"],"picked":"Die Die Die","floor":16},{"not_picked":["Sucker Punch","Escape Plan"],"picked":"Blur","floor":18},{"not_picked":["Infinite Blades","Outmaneuver+1"],"picked":"Riddle With Holes","floor":19},{"not_picked":["Setup","Accuracy"],"picked":"Prepared+1","floor":21},{"not_picked":["Bane+1","All Out Attack+1"],"picked":"Prepared","floor":23},{"not_picked":["Venomology","Leg Sweep+1"],"picked":"Cloak And Dagger+1","floor":25},{"not_picked":["Deflect","Flying Knee"],"picked":"Bouncing Flask","floor":27},{"not_picked":["Deflect+1","Bouncing Flask"],"picked":"PiercingWail","floor":28},{"not_picked":["Deflect","All Out Attack","Acrobatics"],"picked":"SKIP","floor":30},{"not_picked":["Flechettes","Calculated Gamble+1"],"picked":"Catalyst","floor":31},{"not_picked":["Grand Finale","Unload"],"picked":"Envenom","floor":33},{"not_picked":[],"picked":"Noxious Fumes","floor":35},{"not_picked":[],"picked":"Blade Dance","floor":37},{"not_picked":[],"picked":"Caltrops+1","floor":38},{"not_picked":[],"picked":"Noxious Fumes","floor":41},{"not_picked":[],"picked":"PiercingWail+1","floor":42},{"not_picked":["Cloak And Dagger"],"picked":"SKIP","floor":44},{"not_picked":[],"picked":"Slice","floor":46},{"not_picked":["Terror"],"picked":"SKIP","floor":48}],"player_experience":68860,"relics_obtained":[{"floor":7,"key":"Shuriken"},{"floor":9,"key":"Toy Ornithopter"},{"floor":13,"key":"Calipers"},{"floor":23,"key":"Bronze Scales"},{"floor":25,"key":"StoneCalendar"},{"floor":26,"key":"Ninja Scroll"},{"floor":27,"key":"Vajra"},{"floor":41,"key":"Lantern"},{"floor":43,"key":"Frozen Egg 2"},{"floor":48,"key":"Gambling Chip"}],"event_choices":[{"damage_healed":0,"gold_gain":0,"player_choice":"Trade","damage_taken":0,"relics_obtained":["GremlinMask"],"max_hp_gain":0,"max_hp_loss":0,"event_name":"FaceTrader","floor":2,"gold_loss":0},{"damage_healed":0,"gold_gain":0,"player_choice":"1 cards matched","damage_taken":0,"max_hp_gain":0,"max_hp_loss":0,"event_name":"Match and Keep!","floor":5,"gold_loss":0,"cards_obtained":["Blind"]},{"damage_healed":0,"gold_gain":90,"player_choice":"GOLD ","damage_taken":12,"max_hp_gain":0,"max_hp_loss":0,"event_name":"Knowing Skull","floor":20,"potions_obtained":[],"gold_loss":0,"cards_obtained":[]},{"damage_healed":0,"gold_gain":0,"player_choice":"Became a Ghost","damage_taken":0,"max_hp_gain":0,"max_hp_loss":35,"event_name":"Ghosts","floor":29,"gold_loss":0,"cards_obtained":["Ghostly","Ghostly","Ghostly","Ghostly","Ghostly"]},{"damage_healed":0,"gold_gain":0,"player_choice":"Embrace Madness","damage_taken":4,"max_hp_gain":0,"max_hp_loss":0,"event_name":"Winding Halls","floor":36,"gold_loss":0,"cards_obtained":["Madness","Madness"]},{"cards_removed":["Concentrate"],"damage_healed":3,"gold_gain":0,"player_choice":"Offered Uncommon","damage_taken":0,"max_hp_gain":0,"max_hp_loss":0,"event_name":"Bonfire Elementals","floor":39,"gold_loss":0},{"cards_removed":["Strike_G"],"damage_healed":0,"gold_gain":0,"player_choice":"Removed Attack","damage_taken":0,"max_hp_gain":0,"max_hp_loss":0,"event_name":"Falling","floor":47,"gold_loss":0}],"is_beta":false,"boss_relics":[{"not_picked":["Tiny House","Pandora\u0027s Box"],"picked":"Fusion Hammer"},{"not_picked":["Velvet Choker","Calling Bell"],"picked":"Busted Crown"}],"items_purged_floors":[],"is_endless":false,"potions_floor_spawned":[3,4,7,18,23,30,33,37,41,44,46],"killed_by":"Awakened One","ascension_level":0}}