{"host":"j8nxcx4fasn5531j","time":1612795286,"event":{"mods":["Act Like it!","Arknights","BaseMod","Conspire","Energized Spire","Minty Spire (QoL Compilation)","Pale of the Ancients","Replay The Spire","StSLib","Waifu the Spire","¡¾ÒÅÎï¿¨ÅÆ¡¿REMEMod"],"gold_per_floor":[114,114,128,138,68,68,78,105,128,128,228,0,13,13,13,108,108,127,139,150,50,70,102,102,102,102],"floor_reached":25,"language":"ZHS","playtime":1035,"items_purged":["ats:Strike V","ats:Strike S"],"score":223,"play_id":"b0288b6a-7e97-480a-af75-cf64e5641c35","local_time":"20210208224126","is_ascension_mode":false,"campfire_choices":[{"data":"ats:Ignite","floor":6,"key":"SMITH"},{"data":"ats:Burning Ground","floor":10,"key":"SMITH"},{"floor":15,"key":"REST"}],"circlet_count":0,"master_deck":["ats:Strike C","ats:Strike G","ats:Armor Crushing Shot","ats:Defend","ats:Defend","ats:Defend","ats:Emotion Absorption","REME_ShortnessOfBreath","ats:Ignite+1","ats:Volcano","ats:Guardian Obelisk","ats:Burning Ground+1","ats:Very Hot Blade","ats:Calcification","ats:Very Hot Blade","ats:Very Hot Blade+1","ats:Burning Ground"],"relics":["ats:Sanity","REME_ComplimentaryCards","NeowsBlessing","Ancient Tea Set","ats:Originium","Strawberry","ats:Ability Aura","PreservedInsect","energizedSpire:DeadBattery","Bronze Scales"],"acts_visited":["Exordium","TheCity"],"potions_floor_usage":[16,16,25],"damage_taken":[{"damage":0,"enemies":"Jaw Worm","floor":1,"turns":1},{"damage":0,"enemies":"ats:Genji","floor":3,"turns":1},{"damage":0,"enemies":"Cultist","floor":4,"turns":1},{"damage":12,"enemies":"Looter","floor":7,"turns":4},{"damage":26,"enemies":"Lagavulin","floor":8,"turns":6},{"damage":19,"enemies":"Exordium Thugs","floor":13,"turns":3},{"damage":32,"enemies":"Fading Forest","floor":16,"turns":11},{"damage":10,"enemies":"Shell Parasite","floor":18,"turns":5},{"damage":1,"enemies":"Chosen","floor":19,"turns":4},{"damage":29,"enemies":"Snake Plant","floor":20,"turns":3},{"damage":15,"enemies":"Snecko","floor":22,"turns":3},{"damage":12,"enemies":"Gremlin Leader","floor":23,"turns":4},{"damage":22,"enemies":"conspire:SneckoGhost","floor":25,"turns":4}],"seed_played":"4919503163367432786","potions_obtained":[{"floor":1,"key":"ats:Burn Big Potion"},{"floor":3,"key":"ColorlessPotion"},{"floor":8,"key":"ColorlessPotion"},{"floor":16,"key":"Strength Potion"},{"floor":22,"key":"Swift Potion"},{"floor":23,"key":"SkillPotion"}],"is_trial":false,"path_per_floor":["M","?","M","M","$","R","M","E","T","R","?","$","M","?","R","B",null,"M","M","M","$","M","E","?","E"],"character_chosen":"DOCTOR_CLASS","items_purchased":["ats:Burning Ground","PreservedInsect"],"campfire_rested":1,"item_purchase_floors":[5,12],"current_hp_per_floor":[72,72,72,72,72,72,60,41,41,41,41,41,22,22,45,33,79,70,71,42,42,27,17,17,0,0],"gold":102,"neow_bonus":"THREE_ENEMY_KILL","is_daily":false,"chose_seed":false,"campfire_upgraded":2,"win_rate":0.0,"timestamp":1612795286,"path_taken":["M","?","?","M","?","R","M","E","T","R","?","$","?","?","R","BOSS","M","M","M","?","?","E","?","E"],"items_purchased_type":["Card","Relic"],"build_version":"2020-12-22","purchased_purges":2,"victory":false,"max_hp_per_floor":[72,72,72,72,72,72,72,79,79,79,79,79,79,79,79,79,79,79,79,79,79,79,79,79,79,79],"card_choices":[{"not_picked":["ats:Poison Spread","ats:Neurotoxin"],"picked":"ats:Ignite","floor":1},{"not_picked":["ats:Magnetic Hammer","ats:Absolute Focus"],"picked":"ats:Volcano","floor":3},{"not_picked":["ats:Hammer On","ats:LN2 Cannon"],"picked":"ats:Guardian Obelisk","floor":4},{"not_picked":["ats:Demon Strength","ats:Curse Doll"],"picked":"ats:Very Hot Blade","floor":7},{"not_picked":["ats:Part Time Job","ats:Explosion Area Strengthen","ats:Magnetic Hammer"],"picked":"SKIP","floor":8},{"not_picked":["ats:Cat Scratch","ats:Curse Doll","ats:Phantom"],"picked":"SKIP","floor":13},{"not_picked":["ats:Wolf Pack","ats:Durian"],"picked":"ats:Calcification","floor":16},{"not_picked":["ats:Apocalypse","ats:Neurotoxin+1"],"picked":"ats:Very Hot Blade","floor":18},{"not_picked":["ats:Healing Drone+1","ats:Revitalization","ats:Closed Bolt Burst Fire"],"picked":"SKIP","floor":19},{"not_picked":["ats:Explosion Area Strengthen","ats:Cat Scratch"],"picked":"ats:Very Hot Blade+1","floor":20},{"not_picked":["ats:Shadow Raid+1","ats:True Silver Slash"],"picked":"ats:Burning Ground","floor":22},{"not_picked":["ats:Thermite Blade","ats:Phantom","ats:Powerful Strike"],"picked":"SKIP","floor":23}],"player_experience":425645,"relics_obtained":[{"floor":8,"key":"ats:Originium"},{"floor":8,"key":"Strawberry"},{"floor":9,"key":"ats:Ability Aura"},{"floor":23,"key":"ats:Originium"},{"floor":23,"key":"Bronze Scales"}],"event_choices":[{"damage_healed":0,"gold_gain":0,"player_choice":"Gave Potion","damage_taken":0,"relics_obtained":["Ancient Tea Set"],"max_hp_gain":0,"max_hp_loss":0,"event_name":"WeMeetAgain","floor":2,"gold_loss":0},{"damage_healed":0,"gold_gain":100,"player_choice":"Pray","damage_taken":0,"max_hp_gain":0,"max_hp_loss":0,"event_name":"Golden Shrine","floor":11,"gold_loss":0},{"cards_removed":["ats:Defend"],"damage_healed":0,"gold_gain":0,"player_choice":"Purged","damage_taken":0,"max_hp_gain":0,"max_hp_loss":0,"event_name":"Purifier","floor":14,"gold_loss":0},{"damage_healed":0,"gold_gain":0,"player_choice":"Ignored","damage_taken":0,"max_hp_gain":0,"max_hp_loss":0,"event_name":"Vampires","floor":24,"gold_loss":0}],"is_beta":false,"boss_relics":[{"not_picked":["Ring of Chaos","Empty Cage"],"picked":"energizedSpire:DeadBattery"}],"items_purged_floors":[12,21],"is_endless":false,"potions_floor_spawned":[1,3,8,16,22,23],"killed_by":"conspire:SneckoGhost","ascension_level":0}}