{"host":"c2ypwvkuo6d4slur","time":1612758638,"event":{"mods":["BaseMod","Colored Map","Minty Spire (QoL Compilation)","StSLib","Together in Spire"],"gold_per_floor":[109,126,143,20,33,33,44,44,44,54,84,84,84,98,98,98,98],"floor_reached":16,"language":"ENG","playtime":1044,"items_purged":[],"score":129,"play_id":"d8174fa5-c144-44ba-867b-cfd76a03b667","local_time":"20210207203038","is_ascension_mode":false,"campfire_choices":[{"data":"Chill","floor":6,"key":"SMITH"},{"data":"Tempest","floor":12,"key":"SMITH"},{"data":"Barrage","floor":15,"key":"SMITH"}],"circlet_count":0,"master_deck":["Strike_B+1","Strike_B","Strike_B","Strike_B","Defend_B","Defend_B","Defend_B","Defend_B+1","Zap","Dualcast","Leap","Loop","Chill+1","Glacier","Sunder","Tempest+1","Buffer","Barrage+1"],"relics":["Cracked Core","HornCleat","Emotion Chip","Mango"],"acts_visited":["Exordium"],"potions_floor_usage":[],"damage_taken":[{"damage":0,"enemies":"Cultist","floor":1,"turns":2},{"damage":0,"enemies":"Jaw Worm","floor":2,"turns":2},{"damage":0,"enemies":"Small Slimes","floor":3,"turns":3},{"damage":0,"enemies":"2 Fungi Beasts","floor":5,"turns":3},{"damage":0,"enemies":"3 Louse","floor":7,"turns":4},{"damage":0,"enemies":"Red Slaver","floor":10,"turns":2},{"damage":10,"enemies":"Lagavulin","floor":11,"turns":6},{"damage":0,"enemies":"Gremlin Gang","floor":14,"turns":3},{"damage":0,"enemies":"The Guardian","floor":16,"turns":6}],"seed_played":"-6040807672769716083","potions_obtained":[{"floor":5,"key":"PowerPotion"},{"floor":7,"key":"SkillPotion"}],"is_trial":false,"path_per_floor":["M","M","M","$","M","R","M","T","T","M","E","R","?","M","R","B"],"character_chosen":"DEFECT","items_purchased":["Chill","AttackPotion"],"campfire_rested":0,"item_purchase_floors":[4,4],"current_hp_per_floor":[82,82,82,82,82,82,82,82,82,82,86,86,67,67,67,67,67],"gold":98,"neow_bonus":"TEN_PERCENT_HP_BONUS","is_daily":false,"chose_seed":false,"campfire_upgraded":3,"win_rate":0.0,"timestamp":1612758638,"path_taken":["M","M","?","$","M","R","M","?","T","?","E","R","?","M","R","BOSS"],"items_purchased_type":["Card","Potion"],"build_version":"2020-12-22","purchased_purges":0,"victory":false,"max_hp_per_floor":[82,82,82,82,82,82,82,82,82,82,96,96,96,96,96,96,96],"card_choices":[{"not_picked":["Steam","Aggregate"],"picked":"Leap","floor":1},{"not_picked":["Steam","Redo","Stack"],"picked":"SKIP","floor":2},{"not_picked":["Gash","Steam"],"picked":"Loop","floor":3},{"not_picked":["Streamline","Leap"],"picked":"Glacier","floor":5},{"not_picked":["Chill","Hello World"],"picked":"Sunder","floor":7},{"not_picked":["Redo","Gash"],"picked":"Tempest","floor":10},{"not_picked":["Streamline","Sunder"],"picked":"Buffer","floor":11},{"not_picked":["BootSequence","Rip and Tear"],"picked":"Barrage","floor":14}],"player_experience":35676,"relics_obtained":[{"floor":8,"key":"HornCleat"},{"floor":9,"key":"Emotion Chip"},{"floor":11,"key":"Mango"}],"event_choices":[{"damage_healed":0,"gold_gain":0,"player_choice":"Entered Light","damage_taken":19,"max_hp_gain":0,"max_hp_loss":0,"event_name":"Shining Light","floor":13,"gold_loss":0,"cards_upgraded":["Strike_B","Defend_B"]}],"is_beta":false,"boss_relics":[],"items_purged_floors":[],"is_endless":false,"potions_floor_spawned":[5,7,11],"killed_by":"The Guardian","ascension_level":0}}