{"host":"m4pe905ae9bldoe7","time":1612795216,"event":{"mods":["BaseMod","Bestiary","Block Reminder","Downfall","Minty Spire (QoL Compilation)","StSLib"],"gold_per_floor":[113,113,127,73,86,86,116,291,345,374,374,404,429,484,484,560,560,579,592,173,173,188,215,235,235,303,331,343,359,359,359,359,432,432,449,497,497,15,0,0,29,29,56,67,92,92,125,152,152,152,152,152,0,32,32],"floor_reached":56,"language":"ENG","playtime":3258,"items_purged":["Doubt","downfall:Bewildered"],"score":2137,"play_id":"715a9b87-54ef-4567-b035-2b5f4397fb9c","local_time":"20210208154016","is_ascension_mode":true,"campfire_choices":[{"data":"Armaments","floor":6.0,"key":"SMITH"},{"floor":11.0,"key":"REST"},{"floor":15.0,"key":"REST"},{"floor":25.0,"key":"REST"},{"data":"Barricade","floor":30.0,"key":"SMITH"},{"floor":32.0,"key":"REST"},{"floor":40,"key":"RECALL"},{"floor":42,"key":"REST"},{"floor":49,"key":"REST"},{"floor":52,"key":"REST"}],"circlet_count":0,"master_deck":["AscendersBane","Strike_R","Strike_R","Defend_R","Defend_R","Defend_R","Defend_R","Bash","Barricade+1","Flame Barrier","Armaments+1","Headbutt","True Grit","Impervious","Shrug It Off","Impervious","Warcry","Whirlwind","Spot Weakness","Second Wind","Armaments+1","Metallicize+1","Armaments+1","Intimidate+1","Infernal Blade+1","Impervious+1","Metallicize","Body Slam","Entrench+1","Sentinel+1","Entrench+1","Shrug It Off+1","True Grit+1","Impervious+1","Flame Barrier+1","Metallicize","Shrug It Off+1"],"relics":["Burning Blood","Tiny Chest","Bag of Preparation","Happy Flower","Lizard Tail","Toy Ornithopter","Mark of Pain","DollysMirror","Red Skull","Toxic Egg 2","Pantograph","Strawberry","sneckomod:BabySnecko","Fusion Hammer","Mango","StrikeDummy","Membership Card","Question Card","Juzu Bracelet","Red Mask","Orichalcum","Centennial Puzzle","Pocketwatch","Unceasing Top","PreservedInsect","Bronze Scales"],"acts_visited":["Exordium","TheCity","TheBeyond","TheEnding"],"potions_floor_usage":[50,55],"damage_taken":[{"damage":11.0,"enemies":"Small Slimes","floor":1.0,"turns":4.0},{"damage":10.0,"enemies":"Cultist","floor":3.0,"turns":4.0},{"damage":12.0,"enemies":"Jaw Worm","floor":5.0,"turns":4.0},{"damage":31.0,"enemies":"Gremlin Nob","floor":7.0,"turns":5.0},{"damage":27.0,"enemies":"3 Sentries","floor":10.0,"turns":15.0},{"damage":26.0,"enemies":"Lagavulin","floor":13.0,"turns":10.0},{"damage":14.0,"enemies":"Hexaghost","floor":16.0,"turns":15.0},{"damage":20.0,"enemies":"Spheric Guardian","floor":18.0,"turns":10.0},{"damage":9.0,"enemies":"Shell Parasite","floor":19.0,"turns":11.0},{"damage":20.0,"enemies":"Centurion and Healer","floor":22.0,"turns":12.0},{"damage":29.0,"enemies":"Gremlin Leader","floor":23.0,"turns":5.0},{"damage":22.0,"enemies":"Sentry and Sphere","floor":24.0,"turns":12.0},{"damage":44.0,"enemies":"Slavers","floor":27.0,"turns":13.0},{"damage":14.0,"enemies":"Shelled Parasite and Fungi","floor":28.0,"turns":9.0},{"damage":7.0,"enemies":"Snake Plant","floor":29.0,"turns":6.0},{"damage":19.0,"enemies":"Automaton","floor":33.0,"turns":14.0},{"damage":19.0,"enemies":"3 Darklings","floor":35.0,"turns":6.0},{"damage":10.0,"enemies":"2 Orb Walkers","floor":36.0,"turns":7.0},{"damage":48,"enemies":"Reptomancer","floor":41,"turns":9},{"damage":0,"enemies":"3 Shapes","floor":44,"turns":8},{"damage":10,"enemies":"Mind Bloom Boss Battle","floor":45,"turns":10},{"damage":4,"enemies":"Giant Head","floor":47,"turns":9},{"damage":0,"enemies":"Donu and Deca","floor":50,"turns":11},{"damage":7,"enemies":"Shield and Spear","floor":54,"turns":9},{"damage":28,"enemies":"The Heart","floor":55,"turns":15}],"seed_played":"-4112274565358651299","potions_obtained":[{"floor":7.0,"key":"Weak Potion"},{"floor":10.0,"key":"Guardian:BlockOnCardUsePotion"},{"floor":13.0,"key":"BloodPotion"},{"floor":22.0,"key":"PowerPotion"},{"floor":23.0,"key":"ColorlessPotion"},{"floor":28.0,"key":"PowerPotion"},{"floor":29.0,"key":"Energy Potion"},{"floor":35.0,"key":"Energy Potion"},{"floor":41,"key":"CultistPotion"},{"floor":47,"key":"FearPotion"},{"floor":54,"key":"Ancient Potion"}],"is_trial":false,"path_per_floor":["M","?","M","$","M","R","E","?","T","E","R","?","E","T","R","B",null,"M","M","$","?","M","E","M","R","T","E","M","M","R","?","R","B",null,"M","?","T","$","?","R","E","R","T","M","?","?","E","T","R","B",null,"R","$","E","B",null],"character_chosen":"IRONCLAD","items_purchased":["Armaments","DollysMirror","Red Skull","Warcry","Membership Card","Entrench+1","Sentinel+1","Question Card","Juzu Bracelet","Impervious+1","Flame Barrier+1","Metallicize"],"campfire_rested":7,"item_purchase_floors":[4,20,20,20,38,38,38,38,38,53,53,53],"current_hp_per_floor":[63,63,59,59,53,53,28,28,28,7,29,29,24,24,46,38,66,52,49,49,49,35,17,11,33,33,40,32,31,31,31,55,69,79,66,86,86,86,86,86,44,72,72,78,92,92,94,94,96,96,96,96,96,95,75],"gold":32,"neow_bonus":"ONE_RANDOM_RARE_CARD","is_daily":false,"chose_seed":false,"campfire_upgraded":2,"win_rate":0.0,"timestamp":1612795216,"path_taken":["M","?","?","$","M","R","E","?","T","E","R","?","E","?","R","BOSS","M","M","$","?","M","E","M","R","T","E","M","M","R","?","R","BOSS","M","?","?","$","?","R","E","R","T","M","?","?","E","?","R","BOSS","R","$","E","BOSS"],"items_purchased_type":["Card","Relic","Relic","Card","Relic","Card","Card","Relic","Relic","Card","Card","Card"],"build_version":"2020-12-22","purchased_purges":2,"victory":true,"max_hp_per_floor":[75,75,75,75,75,75,75,75,75,75,75,75,75,75,75,75,75,75,75,75,75,75,75,75,75,75,82,82,82,82,82,82,82,82,82,96,96,96,96,96,96,96,96,96,96,96,96,96,96,96,96,96,96,96,96],"card_choices":[{"not_picked":["Anger","Iron Wave"],"picked":"Seeing Red","floor":1.0},{"not_picked":["Flex","Havoc"],"picked":"Flame Barrier","floor":3.0},{"not_picked":["Clothesline","Uppercut","Thunderclap"],"picked":"SKIP","floor":5.0},{"not_picked":["Clothesline","Uppercut","Thunderclap"],"picked":"SKIP","floor":5.0},{"not_picked":["Infernal Blade","Heavy Blade","Clash"],"picked":"SKIP","floor":7.0},{"not_picked":["Feed","Rage"],"picked":"Headbutt","floor":10.0},{"not_picked":["Feel No Pain","Fire Breathing"],"picked":"True Grit","floor":13.0},{"not_picked":["Offering","Juggernaut"],"picked":"Impervious","floor":16.0},{"not_picked":["Dual Wield","Blood for Blood","Armaments"],"picked":"SKIP","floor":18.0},{"not_picked":["Twin Strike","Havoc"],"picked":"Shrug It Off","floor":19.0},{"not_picked":["Armaments","Searing Blow"],"picked":"Second Wind","floor":22.0},{"not_picked":["Dual Wield+1","Cleave"],"picked":"Armaments+1","floor":23.0},{"not_picked":["Rupture","Offering+1"],"picked":"Metallicize+1","floor":24.0},{"not_picked":["Reckless Charge","Feed"],"picked":"Armaments+1","floor":27.0},{"not_picked":["Clash","Warcry+1"],"picked":"Intimidate+1","floor":28.0},{"not_picked":["Havoc+1","Heavy Blade"],"picked":"Infernal Blade+1","floor":29.0},{"not_picked":["Exhume+1","Demon Form"],"picked":"Impervious+1","floor":33.0},{"not_picked":["Rage+1","Infernal Blade+1"],"picked":"Metallicize","floor":35.0},{"not_picked":["Heavy Blade","Pommel Strike"],"picked":"Body Slam","floor":36.0},{"not_picked":["Anger+1","Flex+1","Headbutt","Combust"],"picked":"SKIP","floor":41},{"not_picked":["Clash","Sentinel+1","Bloodletting+1"],"picked":"Entrench+1","floor":44},{"not_picked":["Wild Strike+1","Inflame","Anger"],"picked":"Shrug It Off+1","floor":45},{"not_picked":["Perfected Strike+1","Spot Weakness+1","Uppercut"],"picked":"True Grit+1","floor":47},{"not_picked":["Dark Embrace","Entrench+1","Pommel Strike"],"picked":"Shrug It Off+1","floor":54}],"player_experience":530230,"relics_obtained":[{"floor":7.0,"key":"Bag of Preparation"},{"floor":10.0,"key":"Happy Flower"},{"floor":13.0,"key":"Lizard Tail"},{"floor":14.0,"key":"Toy Ornithopter"},{"floor":23.0,"key":"Toxic Egg 2"},{"floor":26.0,"key":"Pantograph"},{"floor":27.0,"key":"Strawberry"},{"floor":36.0,"key":"Mango"},{"floor":37.0,"key":"StrikeDummy"},{"floor":41,"key":"Orichalcum"},{"floor":43,"key":"Centennial Puzzle"},{"floor":45,"key":"Pocketwatch"},{"floor":47,"key":"Unceasing Top"},{"floor":48,"key":"PreservedInsect"},{"floor":54,"key":"Bronze Scales"}],"event_choices":[{"cards_removed":["Seeing Red"],"damage_healed":0.0,"max_hp_gain":0.0,"max_hp_loss":0.0,"gold_gain":0.0,"event_name":"WeMeetAgain","player_choice":"Gave Card","floor":2.0,"gold_loss":0.0,"damage_taken":0.0,"relics_obtained":["Tiny Chest"]},{"damage_healed":0.0,"max_hp_gain":0.0,"max_hp_loss":0.0,"gold_gain":175.0,"event_name":"Liars Game","player_choice":"AGREE","floor":8.0,"gold_loss":0.0,"damage_taken":0.0,"cards_obtained":["Doubt"]},{"damage_healed":0.0,"max_hp_gain":0.0,"max_hp_loss":0.0,"gold_gain":30.0,"event_name":"Dead Adventurer","player_choice":"Searched \u00271\u0027 times","floor":12.0,"gold_loss":0.0,"damage_taken":0.0},{"damage_healed":0.0,"max_hp_gain":0.0,"max_hp_loss":0.0,"gold_gain":0.0,"cards_transformed":["Strike_R","Strike_R"],"event_name":"Drug Dealer","player_choice":"Became Test Subject","floor":21.0,"gold_loss":0.0,"damage_taken":0.0,"cards_obtained":["Whirlwind","Spot Weakness"]},{"damage_healed":0.0,"max_hp_gain":0.0,"max_hp_loss":0.0,"gold_gain":0.0,"event_name":"Mysterious Sphere","player_choice":"Fight","floor":36.0,"gold_loss":0.0,"damage_taken":0.0},{"damage_healed":0,"gold_gain":0,"player_choice":"Paid","damage_taken":0,"relics_obtained":["Red Mask"],"max_hp_gain":0,"max_hp_loss":0,"event_name":"Tomb of Lord Red Mask","floor":39,"gold_loss":15},{"damage_healed":0,"gold_gain":0,"player_choice":"Fight","damage_taken":0,"max_hp_gain":0,"max_hp_loss":0,"event_name":"MindBloom","floor":45,"gold_loss":0},{"cards_removed":["Strike_R"],"damage_healed":0,"gold_gain":0,"player_choice":"Removed Attack","damage_taken":0,"max_hp_gain":0,"max_hp_loss":0,"event_name":"Falling","floor":46,"gold_loss":0}],"is_beta":false,"boss_relics":[{"not_picked":["Runic Cube","Pandora\u0027s Box"],"picked":"Mark of Pain"},{"not_picked":["Empty Cage","Black Blood"],"picked":"Fusion Hammer"}],"items_purged_floors":[20,38],"is_endless":false,"potions_floor_spawned":[7,10,13,22,23,28,29,35,41,47,54],"ascension_level":14}}