{"host":"oewe6473mh2zp5ss","time":1612746520,"event":{"mods":["AchievementEnabler","Ascension Reborn","Aspiration","Bard","BaseMod","Challenge The Spire","Conspire","Curses Come First","Custom Start","Downfall","Emptier Cage","Gremlin Mod","Halation","Hubris","Infinite Spire","Minty Spire (QoL Compilation)","Permanent Neow","Reliquary","Replay The Spire","Robot Space Explorer","Somnambulant","Spikes Relics","StSLib","The Cursed","The Disciple","The Forsaken","The Jungle","The Senshi","thorton"],"gold_per_floor":[18,18,31,31,49,83,94,94,94,123,298,298,43,67,67,172,172,184,184,184,170,170,170,184,31,58,84,84,84,84,98,98,199,199,225,225,342,376,476,476,517,517,517,517,597,597,653,715,785,790,790],"floor_reached":50,"language":"ENG","playtime":5615,"items_purged":["Doubt"],"score":766,"play_id":"d461dbc5-1041-4a46-af72-0324990d768b","local_time":"20210207170840","is_ascension_mode":true,"campfire_choices":[{"floor":8.0,"key":"REST"},{"floor":15.0,"key":"REST"},{"floor":23.0,"key":"REST"},{"floor":28.0,"key":"REST"},{"floor":30.0,"key":"REST"},{"floor":32.0,"key":"REST"},{"floor":40,"key":"REST"}],"circlet_count":0,"master_deck":["Strike_B","Strike_B","Strike_B","Strike_B","Defend_B","Defend_B","Defend_B","Defend_B","Zap","Dualcast","Loop","BasicCrystalCard","Ball Lightning","ReplayGash","hubris:Prefetch","Tempest","Cold Snap","Mirror Shield","Crystallizer","Necronomicurse","Chaos","Beam Cell","Pot Of Greed","Pot Of Greed","Crystallizer","ReplayGash","Gash+1","Rainbow","Storm","Capacitor","Rebound","Lockon","Magnetism","JustLucky","Poisoned Stab","Voices","Trip","thethorton:GoldBuffer","Pot Of Greed"],"relics":["Cracked Core","TungstenRod","halation:PinkSoulGem","reliquary:WeakTea","reliquary:QuartzCube","Shuriken","Replay:Frozen Program","reliquary:Boomerang","conspire:SpecialSausage","Necronomicon","reliquary:PrincelyHelmet","SlaversCollar","aspiration:VileToxins","conspire:TreasureMap","Grinning Jar","Onion Ring","infinitespire:EvilPickle","halation:Prosthetics","Bronze Scales","hubris:NiceRug","reliquary:ShortFuse","PrismaticShard","Ring of Shattering","aspiration:HummingbirdHeart","Golden Egg"],"acts_visited":["Exordium","TheCity","TheBeyond"],"potions_floor_usage":[41,41],"damage_taken":[{"damage":5.0,"enemies":"Jaw Worm","floor":1.0,"turns":4.0},{"damage":1.0,"enemies":"Cultist","floor":3.0,"turns":5.0},{"damage":0.0,"enemies":"conspire:RoseBush","floor":5.0,"turns":3.0},{"damage":19.0,"enemies":"Lagavulin","floor":6.0,"turns":5.0},{"damage":4.0,"enemies":"Looter","floor":7.0,"turns":3.0},{"damage":25.0,"enemies":"3 Sentries","floor":10.0,"turns":6.0},{"damage":60.0,"enemies":"The Guardian","floor":16.0,"turns":9.0},{"damage":0.0,"enemies":"Spheric Guardian","floor":18.0,"turns":5.0},{"damage":10.0,"enemies":"2 Thieves","floor":21.0,"turns":4.0},{"damage":11.0,"enemies":"Chosen and Byrds","floor":24.0,"turns":5.0},{"damage":36.0,"enemies":"Slavers","floor":27.0,"turns":5.0},{"damage":1.0,"enemies":"Centurion and Healer","floor":31.0,"turns":6.0},{"damage":25.0,"enemies":"Pondfish","floor":33.0,"turns":10.0},{"damage":26,"enemies":"Orb Walker","floor":35,"turns":5},{"damage":0,"enemies":"hubris:Merchant","floor":37,"turns":2},{"damage":0,"enemies":"3 Darklings","floor":38,"turns":7},{"damage":0,"enemies":"Spire Growth","floor":41,"turns":3},{"damage":6,"enemies":"4 Shapes","floor":47,"turns":5},{"damage":16,"enemies":"3 Darklings","floor":48,"turns":5},{"damage":59,"enemies":"conspire:OrnateMirror","floor":50,"turns":9}],"seed_played":"3317123748407009010","potions_obtained":[{"floor":1.0,"key":"infinitespire:BlackPotion"},{"floor":5.0,"key":"FearPotion"},{"floor":6.0,"key":"SpeedPotion"},{"floor":18.0,"key":"Languid Potion"},{"floor":24.0,"key":"Guardian:BlockOnCardUsePotion"},{"floor":36,"key":"sneckomod:MuddlingPotion"},{"floor":36,"key":"ColorlessPotion"},{"floor":36,"key":"EssenceOfDarkness"},{"floor":41,"key":"sneckomod:MuddlingPotion"},{"floor":47,"key":"Strength Potion"},{"floor":48,"key":"Swift Potion"}],"is_trial":false,"path_per_floor":["M","?","M","?","M","E","M","R","T","E","?","?","$","T","R","B",null,"M","?","?","M","AVR","R","M","$","T","E","R","?","R","M","R","B",null,"M","?","$","M","?","R","M","?","T","?","T","$","M","M","R","B"],"character_chosen":"DEFECT","items_purchased":["Replay:Frozen Program","Cold Snap","conspire:TreasureMap","Capacitor","Bronze Scales"],"campfire_rested":7,"item_purchase_floors":[13,13,25,37,37],"current_hp_per_floor":[70,70,69,69,69,50,46,68,68,43,43,43,43,43,65,5,75,75,63,63,53,53,75,64,64,64,28,50,50,72,71,75,50,40,14,14,14,14,14,26,26,26,26,26,26,26,20,4,4,0,0],"gold":790,"neow_bonus":"ONE_RARE_RELIC","is_daily":false,"chose_seed":false,"campfire_upgraded":0,"win_rate":0.0,"timestamp":1612746520,"path_taken":["M","?","?","?","M","E","M","R","T","E","?","?","?","?","R","BOSS","M","?","?","?","AVR","R","M","$","T","E","R","?","R","M","R","BOSS","M","?","?","M","?","R","?","?","T","?","?","$","M","M","R","BOSS"],"items_purchased_type":["Relic","Card","Relic","Card","Relic"],"build_version":"2020-12-22","purchased_purges":1,"victory":false,"max_hp_per_floor":[75,75,75,75,75,75,75,75,75,75,75,75,75,75,75,75,75,75,75,75,75,75,75,75,75,75,75,75,75,75,75,75,75,40,40,40,40,40,40,40,40,40,40,40,40,40,40,40,40,40,40],"card_choices":[{"not_picked":["Time Bomb","Gash"],"picked":"Loop","floor":1.0},{"not_picked":["Go for the Eyes","Rebound"],"picked":"BasicCrystalCard","floor":3.0},{"not_picked":["Crystallizer","Beam Cell"],"picked":"Ball Lightning","floor":5.0},{"not_picked":["DiskWipe","Gash"],"picked":"ReplayGash","floor":6.0},{"not_picked":["Chill","Go for the Eyes"],"picked":"hubris:Prefetch","floor":7.0},{"not_picked":["Stack","Steam"],"picked":"Tempest","floor":10.0},{"not_picked":["Biased Cognition","Multi-Cast"],"picked":"Mirror Shield","floor":16.0},{"not_picked":["Chaos","Recycle"],"picked":"Crystallizer","floor":18.0},{"not_picked":["Turbo","Stack"],"picked":"Chaos","floor":21.0},{"not_picked":["Heatsinks","Hologram"],"picked":"Beam Cell","floor":24.0},{"not_picked":["Sweeping Beam","Beam Cell+1"],"picked":"Crystallizer","floor":27.0},{"not_picked":["Static Discharge","Double Energy"],"picked":"Gash+1","floor":31.0},{"not_picked":["Creative AI","hubris:Prefetch"],"picked":"Rainbow","floor":33.0},{"not_picked":["Ball Lightning","ReplaySort"],"picked":"Storm","floor":35},{"not_picked":[],"picked":"Rebound","floor":37},{"not_picked":[],"picked":"Lockon","floor":37},{"not_picked":[],"picked":"Magnetism","floor":37},{"not_picked":["Conserve Battery"],"picked":"SKIP","floor":37},{"not_picked":["White Noise"],"picked":"SKIP","floor":37},{"not_picked":["hubris:Insight"],"picked":"SKIP","floor":37},{"not_picked":["bronze:DelayedSlice+1","Slimebound:Prepare+1"],"picked":"JustLucky","floor":38},{"not_picked":["Slice+1","RobotSpaceExplorer:ScrapShield+1"],"picked":"Poisoned Stab","floor":41},{"not_picked":["champ:Endure","Anger"],"picked":"Trip","floor":47},{"not_picked":["somnambulantmod: Unknow+1","hexamod:RetreatToShadows"],"picked":"thethorton:GoldBuffer","floor":48}],"player_experience":100982,"relics_obtained":[{"floor":6.0,"key":"reliquary:WeakTea"},{"floor":9.0,"key":"reliquary:QuartzCube"},{"floor":10.0,"key":"Shuriken"},{"floor":14.0,"key":"reliquary:Boomerang"},{"floor":19.0,"key":"Necronomicon"},{"floor":26.0,"key":"Grinning Jar"},{"floor":27.0,"key":"Onion Ring"},{"floor":37,"key":"reliquary:ShortFuse"},{"floor":37,"key":"PrismaticShard"},{"floor":42,"key":"Ring of Shattering"},{"floor":43,"key":"aspiration:HummingbirdHeart"},{"floor":45,"key":"Golden Egg"}],"event_choices":[{"damage_healed":0.0,"max_hp_gain":0.0,"max_hp_loss":0.0,"gold_gain":0.0,"event_name":"NoteForYourself","player_choice":"Ignored","floor":2.0,"gold_loss":0.0,"damage_taken":0.0},{"damage_healed":0.0,"max_hp_gain":0.0,"max_hp_loss":0.0,"gold_gain":175.0,"event_name":"Liars Game","player_choice":"AGREE","floor":11.0,"gold_loss":0.0,"damage_taken":0.0,"cards_obtained":["Doubt"]},{"damage_healed":0.0,"max_hp_gain":0.0,"max_hp_loss":0.0,"gold_gain":0.0,"event_name":"Cursed Tome","player_choice":"Obtained Book","floor":19.0,"gold_loss":0.0,"damage_taken":16.0},{"damage_healed":0.0,"max_hp_gain":0.0,"max_hp_loss":0.0,"gold_gain":0.0,"event_name":"WeMeetAgain","player_choice":"Gave Potion","floor":20.0,"gold_loss":0.0,"damage_taken":0.0,"relics_obtained":["reliquary:PrincelyHelmet"]},{"damage_healed":0,"gold_gain":0,"player_choice":"Got Potions","damage_taken":0,"max_hp_gain":0,"max_hp_loss":0,"event_name":"Lab","floor":36,"gold_loss":0},{"damage_healed":0,"gold_gain":100,"player_choice":"Pray","damage_taken":0,"max_hp_gain":0,"max_hp_loss":0,"event_name":"Golden Shrine","floor":39,"gold_loss":0}],"is_beta":false,"boss_relics":[{"not_picked":["Coffee Dripper","aspiration:RitualDagger"],"picked":"conspire:SpecialSausage"},{"not_picked":["ChewingGum","halation:LoveArrow"],"picked":"halation:Prosthetics"}],"items_purged_floors":[13],"is_endless":false,"potions_floor_spawned":[1,5,6,18,24,41,47,48],"killed_by":"conspire:OrnateMirror","ascension_level":0}}