{"host":"2pmmafybkq7zb6na","time":1612802384,"event":{"mods":["AchievementEnabler","BaseMod","Colored Map","Highlight Path","Keyboard Shortcuts","Minty Spire (QoL Compilation)","Quick Restart","StSLib","SuperFastMode"],"gold_per_floor":[110,56,73,92,110,110,145,165,242,252,277,277,305,305,305,400,400,434,44,55,66,66,93,93,93],"floor_reached":24,"language":"KOR","playtime":1174,"items_purged":["Strike_B"],"score":274,"play_id":"abf4badc-013d-488f-8521-a5e9abbabfe4","local_time":"20210209013944","is_ascension_mode":true,"campfire_choices":[{"data":"Defragment","floor":6.0,"key":"SMITH"},{"floor":12.0,"key":"REST"},{"floor":15.0,"key":"REST"}],"circlet_count":0,"master_deck":["Strike_B","Strike_B","Strike_B","Defend_B","Defend_B","Defend_B","Defend_B","Zap","Dualcast","Steam","Ball Lightning","Turbo","Defragment+1","Capacitor","Conserve Battery","Seek","Core Surge","Biased Cognition","CurseOfTheBell","Hologram+1","Compile Driver","Beam Cell","Defragment+1","Coolheaded"],"relics":["Cracked Core","Symbiotic Virus","Bottled Tornado","Gambling Chip","Orichalcum","Blue Candle","Calling Bell","Pen Nib","Kunai","Ginger","Thread and Needle","Dream Catcher"],"acts_visited":["Exordium","TheCity"],"potions_floor_usage":[23],"damage_taken":[{"damage":2.0,"enemies":"2 Louse","floor":1.0,"turns":3.0},{"damage":1.0,"enemies":"Cultist","floor":3.0,"turns":3.0},{"damage":0.0,"enemies":"Small Slimes","floor":4.0,"turns":4.0},{"damage":13.0,"enemies":"Blue Slaver","floor":5.0,"turns":4.0},{"damage":17.0,"enemies":"3 Sentries","floor":7.0,"turns":7.0},{"damage":5.0,"enemies":"Looter","floor":8.0,"turns":3.0},{"damage":0.0,"enemies":"Large Slime","floor":10.0,"turns":4.0},{"damage":11.0,"enemies":"Lagavulin","floor":11.0,"turns":5.0},{"damage":21.0,"enemies":"Gremlin Nob","floor":13.0,"turns":4.0},{"damage":5.0,"enemies":"The Guardian","floor":16.0,"turns":8.0},{"damage":19.0,"enemies":"Spheric Guardian","floor":18.0,"turns":4.0},{"damage":3.0,"enemies":"Chosen","floor":20.0,"turns":4.0},{"damage":15.0,"enemies":"3 Cultists","floor":21.0,"turns":6.0},{"damage":25,"enemies":"Gremlin Leader","floor":23,"turns":5},{"damage":13,"enemies":"Snake Plant","floor":24,"turns":2}],"seed_played":"-6604836553937608776","potions_obtained":[{"floor":1.0,"key":"Swift Potion"},{"floor":7.0,"key":"Dexterity Potion"},{"floor":13.0,"key":"AttackPotion"},{"floor":16.0,"key":"ColorlessPotion"},{"floor":18.0,"key":"LiquidMemories"},{"floor":21.0,"key":"SteroidPotion"}],"is_trial":false,"path_per_floor":["M","$","M","M","M","R","E","M","T","M","E","R","E","?","R","B",null,"M","$","M","M","?","E","M"],"character_chosen":"DEFECT","items_purchased":["Turbo","Thread and Needle"],"campfire_rested":2,"item_purchase_floors":[2,19],"current_hp_per_floor":[73,73,72,72,59,59,42,37,37,37,26,48,27,20,42,37,75,56,56,53,38,38,13,0,0],"gold":93,"neow_bonus":"THREE_CARDS","is_daily":false,"chose_seed":false,"campfire_upgraded":1,"win_rate":0.0,"timestamp":1612802384,"path_taken":["M","$","M","M","M","R","E","M","T","M","E","R","E","?","R","BOSS","M","$","M","M","?","E","?"],"items_purchased_type":["Card","Relic"],"build_version":"2020-12-22","purchased_purges":1,"victory":false,"max_hp_per_floor":[75,75,75,75,75,75,75,75,75,75,75,75,75,75,75,75,75,75,75,75,75,75,75,75,75],"card_choices":[{"not_picked":["Undo","Barrage"],"picked":"Steam","floor":0.0},{"not_picked":["Scrape","Aggregate"],"picked":"Ball Lightning","floor":1.0},{"not_picked":["Steam","Fusion"],"picked":"Defragment","floor":3.0},{"not_picked":["Fusion","Stack"],"picked":"Capacitor","floor":4.0},{"not_picked":["Darkness","Scrape"],"picked":"Conserve Battery","floor":5.0},{"not_picked":["Capacitor","Barrage"],"picked":"Seek","floor":7.0},{"not_picked":["Redo","Darkness","Streamline"],"picked":"SKIP","floor":8.0},{"not_picked":["Go for the Eyes","Force Field","Consume"],"picked":"SKIP","floor":10.0},{"not_picked":["Turbo","Conserve Battery","Blizzard"],"picked":"SKIP","floor":11.0},{"not_picked":["Sweeping Beam","Compile Driver"],"picked":"Core Surge","floor":13.0},{"not_picked":["Fission","Echo Form"],"picked":"Biased Cognition","floor":16.0},{"not_picked":["Steam","Rebound"],"picked":"Hologram+1","floor":18.0},{"not_picked":["Barrage","Rip and Tear"],"picked":"Compile Driver","floor":20.0},{"not_picked":["Reprogram","Doom and Gloom"],"picked":"Beam Cell","floor":21.0},{"not_picked":["Double Energy","Chill"],"picked":"Coolheaded","floor":23}],"player_experience":115695,"relics_obtained":[{"floor":7.0,"key":"Symbiotic Virus"},{"floor":9.0,"key":"Bottled Tornado"},{"floor":11.0,"key":"Gambling Chip"},{"floor":13.0,"key":"Orichalcum"},{"floor":17.0,"key":"Pen Nib"},{"floor":17.0,"key":"Kunai"},{"floor":17.0,"key":"Ginger"},{"floor":23,"key":"Dream Catcher"}],"event_choices":[{"damage_healed":0.0,"max_hp_gain":0.0,"max_hp_loss":0.0,"gold_gain":0.0,"event_name":"Scrap Ooze","player_choice":"Success","floor":14.0,"gold_loss":0.0,"damage_taken":7.0,"relics_obtained":["Blue Candle"]},{"damage_healed":0.0,"max_hp_gain":0.0,"max_hp_loss":0.0,"gold_gain":0.0,"event_name":"Duplicator","player_choice":"Copied","floor":22.0,"gold_loss":0.0,"damage_taken":0.0,"cards_obtained":["Defragment"]}],"is_beta":false,"boss_relics":[{"not_picked":["Busted Crown","Runic Pyramid"],"picked":"Calling Bell"}],"items_purged_floors":[19],"is_endless":false,"potions_floor_spawned":[1,7,13,16,18,21],"killed_by":"Snake Plant","ascension_level":3}}