{"host":"yans4pr1zf0lm9bx","time":1612825177,"event":{"mods":["AchievementEnabler","Act Like it!","BaseMod","Hallownest","Minty Spire (QoL Compilation)","Replay The Spire","StSLib","SuperFastMode","The Bug Knight"],"gold_per_floor":[119,119,139,139,151,183,195,220,259,201,223,235,172,212,224,333,345,368,380,392,415,347,394,421,466,478,490,521,547,576,601,613,725,737,759,591,603,490,512,550,562,587,599,637,668,680,723,746,758,770,782,794,59,92,92,92],"floor_reached":55,"language":"ENG","playtime":5173,"items_purged":["HollowMod:QuickDashStart"],"score":893,"play_id":"2d1f4cb5-bf99-4a2f-9a1f-4c44ae27a6dc","local_time":"20210208175937","is_ascension_mode":true,"campfire_choices":[{"data":"HollowMod:GrimmsGift","floor":7,"key":"SMITH"},{"data":"HollowMod:FocusHealStart","floor":12,"key":"SMITH"},{"data":"HollowMod:LifebloodCore","floor":15,"key":"SMITH"},{"data":"HollowMod:SlysStrikes","floor":27,"key":"SMITH"},{"floor":32,"key":"DIG"},{"data":"HollowMod:MylasSalvation","floor":41,"key":"SMITH"},{"floor":49,"key":"RECALL"},{"data":"HollowMod:MawleksShell","floor":52,"key":"SMITH"}],"circlet_count":0,"master_deck":["HollowMod:QuickDashStart","HollowMod:QuickDashStart","HollowMod:FocusHealStart+1","HollowMod:PogoStrike","HollowMod:CloakDash","HollowMod:HuntersJournal","HollowMod:GrimmsGift+1","HollowMod:AwokenDreamNail","Hallownest:skillGreenpathMap","HollowMod:LifebloodCore+1","HollowMod:SlysStrikes+1","HollowMod:Weaversong+1","HollowMod:NewJinnsSoul+1","HollowMod:MawleksShell+1","HollowMod:TaintedHusks+1","HollowMod:MylasSalvation+1","HollowMod:InfectionAssault","Hallownest:skillCityofTearsMap","HollowMod:LifebloodCore","HollowMod:HuntersJournal","HollowMod:PerfectDash+1","HollowMod:MothsMistake+1","HollowMod:SiblingsSouls+1","HollowMod:NewGlowingWomb+1","HollowMod:HuntersJournal+1","HollowMod:InfectedAttack+1","HollowMod:MawleksShell+1","HollowMod:ShapeofUnn","Master of Strategy","Impatience","HollowMod:MothsMistake","HollowMod:ShapeofUnn+1"],"relics":["Replay:Bronze Core","Hallownest:DreamNailRelic","MawBank","Replay:Baseball","Astrolabe","Hallownest:WatcherSealRelic","ReplayTheSpireMod:TigerMarble","The Courier","ReplayTheSpireMod:Lightbulb","Oddly Smooth Stone","Coffee Dripper","Hallownest:StagBellStandRelic","Hallownest:HeavyBlowRelic","Hallownest:SoulVesselRelic","Replay:Wax Seal","Ginger","Regal Pillow","Pen Nib","ClockworkSouvenir","Mummified Hand","Bag of Marbles","HollowMod:LumaflyLanternRelic"],"acts_visited":["Hallownest:Greenpath","Hallownest:CityofTears","Hallownest:KingdomsEdge","TheEnding"],"potions_floor_usage":[6,25,54,55,55],"damage_taken":[{"damage":0,"enemies":"Hallownest:2_MossCreeps","floor":1,"turns":5},{"damage":0,"enemies":"Hallownest:monsterHuskWarrior","floor":3,"turns":5},{"damage":3,"enemies":"Hallownest:monsterHuskGuard","floor":5,"turns":6},{"damage":4,"enemies":"Hallownest:eliteMossKnight","floor":6,"turns":21},{"damage":4,"enemies":"Hallownest:1_Baldur_1_Crawlid_1_Warrior","floor":8,"turns":4},{"damage":0,"enemies":"Hallownest:monsterFoolEater","floor":11,"turns":6},{"damage":1,"enemies":"Hallownest:eliteVengeflyKing","floor":14,"turns":11},{"damage":13,"enemies":"Hallownest:BossFalseKnight","floor":16,"turns":9},{"damage":8,"enemies":"Hallownest:3_Youths","floor":18,"turns":13},{"damage":3,"enemies":"Hallownest:Flukemon_and_Top","floor":21,"turns":7},{"damage":0,"enemies":"Hallownest:Nosk","floor":23,"turns":9},{"damage":0,"enemies":"Hallownest:monsterShrumalOgre","floor":24,"turns":6},{"damage":6,"enemies":"Hallownest:eliteWatcherKnight","floor":25,"turns":13},{"damage":20,"enemies":"Hallownest:2_Flukemon","floor":28,"turns":11},{"damage":0,"enemies":"Hallownest:monsterMisterMushroom","floor":29,"turns":5},{"damage":2,"enemies":"Hallownest:3_Mistakes","floor":30,"turns":7},{"damage":0,"enemies":"Hallownest:Master_and_Novice","floor":31,"turns":6},{"damage":8,"enemies":"Hallownest:BossSoulMaster","floor":33,"turns":9},{"damage":15,"enemies":"Hallownest:3_Siblings","floor":35,"turns":9},{"damage":0,"enemies":"Hallownest:2_Littles","floor":39,"turns":8},{"damage":0,"enemies":"Hallownest:eliteCollector","floor":40,"turns":9},{"damage":0,"enemies":"Hallownest:Shield_Sturdy","floor":42,"turns":5},{"damage":0,"enemies":"Hallownest:eliteHiveKnight","floor":44,"turns":7},{"damage":0,"enemies":"Hallownest:2_Wandering_and_1_Horned","floor":45,"turns":6},{"damage":5,"enemies":"Hallownest:eliteCollector","floor":47,"turns":8},{"damage":0,"enemies":"Hallownest:Slobbering_and_Violent","floor":48,"turns":7},{"damage":9,"enemies":"Hallownest:Radiance","floor":50,"turns":9},{"damage":7,"enemies":"Shield and Spear","floor":54,"turns":7},{"damage":85,"enemies":"The Heart","floor":55,"turns":6}],"seed_played":"7246211394286496581","potions_obtained":[{"floor":1,"key":"CultistPotion"},{"floor":3,"key":"Dexterity Potion"},{"floor":8,"key":"SpeedPotion"},{"floor":16,"key":"Explosive Potion"},{"floor":21,"key":"Adrenaline Potion"},{"floor":28,"key":"Venom Potion"},{"floor":30,"key":"Energy Potion"},{"floor":42,"key":"ColorlessPotion"}],"is_trial":false,"path_per_floor":["M","?","M","?","M","E","R","M","T","?","M","R","?","E","R","B",null,"M","?","?","M","?","E","M","E","T","R","M","M","M","M","R","B",null,"M","?","?","?","M","E","R","M","T","E","M","?","E","M","R","B",null,"R","$","E","B"],"character_chosen":"THE_BUGKNIGHT","items_purchased":["Master of Strategy","Impatience","HollowMod:MothsMistake","ClockworkSouvenir","Mummified Hand","Bag of Marbles"],"campfire_rested":0,"item_purchase_floors":[53,53,53,53,53,53],"current_hp_per_floor":[75,68,68,68,65,61,61,57,57,57,57,57,57,67,67,60,68,68,68,68,68,68,68,68,68,68,68,60,66,68,68,68,66,68,60,60,60,60,68,68,68,68,68,68,68,68,68,68,68,68,68,68,68,67,0,0],"gold":92,"neow_bonus":"BOSS_RELIC","is_daily":false,"chose_seed":false,"campfire_upgraded":6,"win_rate":0.0,"timestamp":1612825177,"path_taken":["M","?","M","?","?","E","R","M","T","?","M","R","?","E","R","BOSS","M","?","?","M","?","E","M","E","T","R","?","M","M","M","R","BOSS","M","?","?","?","M","E","R","?","T","E","M","?","E","M","R","BOSS","R","$","E","BOSS"],"items_purchased_type":["Card","Card","Card","Relic","Relic","Relic"],"build_version":"2020-12-22","purchased_purges":1,"victory":false,"max_hp_per_floor":[75,68,68,68,68,68,68,68,68,68,68,68,68,68,68,68,68,68,68,68,68,68,68,68,68,68,68,68,68,68,68,68,68,68,68,68,68,68,68,68,68,68,68,68,68,68,68,68,68,68,68,68,68,68,68,68],"card_choices":[{"not_picked":["HollowMod:SoulShaman","HollowMod:InfectedCysts"],"picked":"HollowMod:CloakDash","floor":1},{"not_picked":["HollowMod:GrimmsGift","HollowMod:HeavyBlow"],"picked":"HollowMod:HuntersJournal","floor":3},{"not_picked":["HollowMod:DashSlash","HollowMod:CoiledNail"],"picked":"HollowMod:DescendingDark","floor":5},{"not_picked":["HollowMod:HeavyBlow","HollowMod:MonomonsArchive"],"picked":"HollowMod:GrimmsGift","floor":6},{"not_picked":["HollowMod:BrokenVessel","HollowMod:CrystalDash","HollowMod:SharpenedNail"],"picked":"SKIP","floor":8},{"not_picked":["HollowMod:SiblingsSouls","HollowMod:VengefulSpirit"],"picked":"HollowMod:AwokenDreamNail","floor":11},{"not_picked":["HollowMod:GrimmsGift","HollowMod:CloakDash"],"picked":"HollowMod:LifebloodCore","floor":14},{"not_picked":["HollowMod:LifebloodCore","HollowMod:NewInfectedGuardian"],"picked":"HollowMod:SlysStrikes","floor":16},{"not_picked":["HollowMod:InfectedCysts+1","HollowMod:FallenFury"],"picked":"HollowMod:TaintedHusks+1","floor":18},{"not_picked":["HollowMod:Grubsong","HollowMod:ShadowDash+1"],"picked":"HollowMod:InfectionAssault","floor":21},{"not_picked":["HollowMod:CloakDash","HollowMod:CycloneSlash"],"picked":"HollowMod:LifebloodCore","floor":23},{"not_picked":["HollowMod:HowlingWraiths","HollowMod:GrimmsGift"],"picked":"HollowMod:HuntersJournal","floor":24},{"not_picked":["HollowMod:SiblingsSouls","HollowMod:HowlingWraiths"],"picked":"HollowMod:PerfectDash+1","floor":25},{"not_picked":["HollowMod:DescendingDark+1","HollowMod:TaintedHusks","HollowMod:NewLittleFool"],"picked":"SKIP","floor":28},{"not_picked":["HollowMod:InfectedCysts","HollowMod:LifebloodCocoon"],"picked":"HollowMod:MothsMistake+1","floor":29},{"not_picked":["HollowMod:SoulStrike","HollowMod:DescendingDark","HollowMod:QuirrelsAssistance+1"],"picked":"SKIP","floor":30},{"not_picked":["HollowMod:CornifersMapStart+1","HollowMod:DungDefenderAura+1"],"picked":"HollowMod:SiblingsSouls+1","floor":31},{"not_picked":["HollowMod:BlackTendrils","HollowMod:RecoilStrike+1"],"picked":"HollowMod:NewGlowingWomb+1","floor":35},{"not_picked":["HollowMod:DungDefenderAura","HollowMod:ShapeofUnn+1"],"picked":"HollowMod:HuntersJournal+1","floor":39},{"not_picked":["HollowMod:VengefulVoid+1","HollowMod:HeavyBlow+1"],"picked":"HollowMod:InfectedAttack+1","floor":40},{"not_picked":["HollowMod:GoodIntentions","HollowMod:SharpenedNail+1","HollowMod:FallenFury"],"picked":"SKIP","floor":42},{"not_picked":["HollowMod:AbyssShriek+1","HollowMod:InfectionAssault+1"],"picked":"HollowMod:MawleksShell","floor":44},{"not_picked":["HollowMod:CrystalDash+1","HollowMod:BlackTendrils"],"picked":"HollowMod:ShapeofUnn","floor":45},{"not_picked":["HollowMod:ShadowDash","HollowMod:AwokenDreamNail","HollowMod:LifebloodCocoon"],"picked":"SKIP","floor":47},{"not_picked":["HollowMod:AbyssShriek","HollowMod:RecoilStrike","HollowMod:SoulEater+1"],"picked":"SKIP","floor":48},{"not_picked":["HollowMod:Weaversong","HollowMod:InfectedAttack"],"picked":"HollowMod:ShapeofUnn+1","floor":54}],"player_experience":279380,"relics_obtained":[{"floor":6,"key":"MawBank"},{"floor":14,"key":"Replay:Baseball"},{"floor":23,"key":"ReplayTheSpireMod:TigerMarble"},{"floor":25,"key":"The Courier"},{"floor":26,"key":"ReplayTheSpireMod:Lightbulb"},{"floor":32,"key":"Oddly Smooth Stone"},{"floor":40,"key":"Replay:Wax Seal"},{"floor":43,"key":"Ginger"},{"floor":44,"key":"Regal Pillow"},{"floor":47,"key":"Pen Nib"},{"floor":54,"key":"HollowMod:LumaflyLanternRelic"}],"event_choices":[],"is_beta":false,"boss_relics":[{"not_picked":["Busted Crown","Ectoplasm"],"picked":"Astrolabe"},{"not_picked":["Replay:Wanted Poster","Painkiller Herb"],"picked":"Coffee Dripper"}],"items_purged_floors":[53],"is_endless":false,"potions_floor_spawned":[1,3,8,16,21,23,24,28,29,30,35,40,42,47],"killed_by":"The Heart","ascension_level":1}}