{"host":"gk9qdtkqd8dwfeg2","time":1612799217,"event":{"mods":["Act Like it!","Aspiration","BaseMod","Colored Powertips","Gensokyo","Minty Spire (QoL Compilation)","Quick Restart","Replay The Spire","Shop Mod","StSLib","TestMod","The Servant 0.9.4","Waifu the Spire","WarShipGirlsR/战舰少女R mod"],"gold_per_floor":[117,117,117,133,149,177,577,1,1,1,12,47,47,80,80,163,163,183,210,233,247,259,297,287,330,355,369,59,94,94,124,124,200,227,244,193,193,193,193,224,249,249,249,282,305,305,339,1,1,1,1,1,1,37,69,69],"floor_reached":57,"language":"ZHS","playtime":3787,"items_purged":["Hallucinations"],"score":3143,"play_id":"5575e9bc-228f-43b0-b986-29c06ce99de7","local_time":"20210208234657","is_ascension_mode":true,"campfire_choices":[{"data":"Armaments","floor":13.0,"key":"SMITH"},{"data":"testmod-ChaoticCore","floor":15.0,"key":"SMITH"},{"floor":30.0,"key":"RECALL"},{"data":"Limit Break","floor":32.0,"key":"SMITH"},{"data":"Injury","floor":42.0,"key":"PURGE"},{"data":"Hallucinations","floor":49.0,"key":"PURGE"},{"data":"Injury","floor":53.0,"key":"PURGE"}],"circlet_count":0,"master_deck":["AscendersBane","Fire Breathing","Blade Dance","Blade Dance","Armaments+1","Berserk","Immolate+1","ReplayTheSpireMod:Muscle Training","Feel No Pain","Power Through","Exhume+1","testmod-ChaoticCore+1","Body Slam+1","Abandon","Bloodletting","Limit Break+1","Shrug It Off","Glass Knife+1","Dagger Spray","Finisher","ReplayReversal","Sword Boomerang","Limit Break","Feel No Pain","CommonCold","Gensokyo:CustomPotion","Feel No Pain","Burning Pact","Apotheosis"],"relics":["Burning Blood","testmod-ArcanaOfDestiny","NeowsBlessing","Ring of Peace","Ring of Hypnosis","MerchantsRug","Sundial","testmod-DragonStarHat","CeramicFish","ReplayTheSpireMod:Spearhead","aspiration:PoetsPen","Bag of Marbles","testmod-IndustrialRevolution","Brimstone","testmod-BouquetWithThorns","Vajra","aspiration:FetidBarrel","Gensokyo:DualWield","Chameleon Ring","Juzu Bracelet","Onion Ring","Omamori","Torii","aspiration:KaomsHeart"],"acts_visited":["Exordium","Gensokyo:Gensokyo","Gensokyo:Gensokyoer","TheEnding"],"potions_floor_usage":[56,56],"damage_taken":[{"damage":0.0,"enemies":"Gensokyo:2_Kodama","floor":1.0,"turns":1.0},{"damage":0.0,"enemies":"Gensokyo:3_Fairies","floor":4.0,"turns":2.0},{"damage":0.0,"enemies":"Gensokyo:Python","floor":5.0,"turns":1.0},{"damage":0.0,"enemies":"Gensokyo:Mamizou","floor":6.0,"turns":5.0},{"damage":12.0,"enemies":"Gensokyo:5_Fairies","floor":11.0,"turns":3.0},{"damage":16.0,"enemies":"Gensokyo:Cirno","floor":12.0,"turns":5.0},{"damage":16.0,"enemies":"Gensokyo:Aya","floor":14.0,"turns":6.0},{"damage":18.0,"enemies":"Gensokyo:Kokoro","floor":16.0,"turns":9.0},{"damage":0.0,"enemies":"Gensokyo:2_Gloops","floor":18.0,"turns":3.0},{"damage":1.0,"enemies":"Gensokyo:CosmicMonolith","floor":20.0,"turns":2.0},{"damage":4.0,"enemies":"Gensokyo:Slime_Group","floor":21.0,"turns":2.0},{"damage":18.0,"enemies":"Gensokyo:Wraith","floor":22.0,"turns":3.0},{"damage":1.0,"enemies":"Gensokyo:Koishi","floor":23.0,"turns":3.0},{"damage":0.0,"enemies":"Gensokyo:Reisen","floor":25.0,"turns":3.0},{"damage":0.0,"enemies":"Gensokyo:Chomper_and_Gloop","floor":27.0,"turns":1.0},{"damage":22.0,"enemies":"Gensokyo:Tenshi","floor":29.0,"turns":2.0},{"damage":0.0,"enemies":"Gensokyo:Reisen","floor":31.0,"turns":2.0},{"damage":29.0,"enemies":"Gensokyo:Kaguya","floor":33.0,"turns":3.0},{"damage":0.0,"enemies":"Gensokyo:3_Bats","floor":35.0,"turns":1.0},{"damage":3.0,"enemies":"Gensokyo:Marisa","floor":40.0,"turns":3.0},{"damage":0.0,"enemies":"Gensokyo:AncientGuardian","floor":41.0,"turns":1.0},{"damage":0.0,"enemies":"Gensokyo:Kasen","floor":44.0,"turns":2.0},{"damage":5.0,"enemies":"Gensokyo:Dusk_and_Dawn","floor":45.0,"turns":3.0},{"damage":22.0,"enemies":"Gensokyo:Marisa","floor":47.0,"turns":4.0},{"damage":0.0,"enemies":"Gensokyo:Yuyuko","floor":50.0,"turns":3.0},{"damage":60.0,"enemies":"Gensokyo:Scarlet_Devils","floor":51.0,"turns":5.0},{"damage":0,"enemies":"Shield and Spear","floor":55,"turns":1},{"damage":68,"enemies":"The Heart","floor":56,"turns":5}],"seed_played":"-1881935386806107556","potions_obtained":[{"floor":1.0,"key":"Strength Potion"},{"floor":4.0,"key":"Milkshake"},{"floor":18.0,"key":"Fire Potion"},{"floor":23.0,"key":"testmod-TimePotion"},{"floor":45.0,"key":"SteroidPotion"}],"is_trial":false,"path_per_floor":["M","?","?","M","M","E","?","$","T","?","M","E","R","E","R","B",null,"M","?","M","M","M","E","?","E","T","M","COS","E","R","E","R","B",null,"M","?","?","?","T","E","M","R","T","E","M","?","E","$","R","B","B",null,"R","$","E","B",null],"character_chosen":"IRONCLAD","items_purchased":["MerchantsRug","Sundial","testmod-ChaoticCore","Body Slam","Abandon","aspiration:KaomsHeart","aspiration:KMNothing","aspiration:KMNothing","aspiration:KMNothing","Apotheosis"],"campfire_rested":0,"item_purchase_floors":[8,8,8,8,8,48,54,54,54,54],"current_hp_per_floor":[74,74,74,75,75,75,75,75,75,75,69,59,59,49,49,37,66,72,72,75,75,63,68,68,74,74,75,75,59,59,65,65,42,67,73,73,73,73,73,75,75,75,75,75,75,75,59,159,159,159,105,158,158,158,164,102],"gold":69,"neow_bonus":"THREE_ENEMY_KILL","is_daily":false,"chose_seed":false,"campfire_upgraded":3,"win_rate":0.0,"timestamp":1612799217,"path_taken":["M","?","?","M","?","E","?","?","T","?","M","E","R","E","R","BOSS","M","?","?","M","M","E","?","E","T","M","COS","E","R","E","R","BOSS","M","?","?","?","?","E","M","R","T","E","M","?","E","$","R","BOSS","BOSS","R","$","E","BOSS"],"items_purchased_type":["Relic","Relic","Card","Card","Card","Relic","Relic","Relic","Relic","Card"],"build_version":"2020-12-22","purchased_purges":1,"victory":true,"max_hp_per_floor":[75,75,75,75,75,75,75,75,75,75,75,75,75,75,75,75,75,75,75,75,75,75,75,75,75,75,75,75,75,75,75,75,75,75,75,75,75,75,75,75,75,75,75,75,75,75,75,175,175,175,175,175,175,175,175,175],"card_choices":[{"not_picked":["Perfected Strike","Pommel Strike"],"picked":"Fire Breathing","floor":1.0},{"not_picked":["Flex","Cleave","Perfected Strike"],"picked":"SKIP","floor":4.0},{"not_picked":["Heavy Blade","Flex"],"picked":"Armaments","floor":5.0},{"not_picked":["Havoc","True Grit"],"picked":"Exhume","floor":6.0},{"not_picked":["Defy Death","Twin Strike","Havoc"],"picked":"SKIP","floor":11.0},{"not_picked":["Pommel Strike","Cleave"],"picked":"Bloodletting","floor":12.0},{"not_picked":["Clothesline","Combust","Blood for Blood"],"picked":"SKIP","floor":14.0},{"not_picked":["Demon Form","Exhume"],"picked":"Limit Break","floor":16.0},{"not_picked":["Run Through","Replay:Undeath\u0027s Touch"],"picked":"Shrug It Off","floor":18.0},{"not_picked":["Clash","Power Through"],"picked":"ReplayReversal","floor":20.0},{"not_picked":["Shrug It Off","Cleave","Body Slam"],"picked":"SKIP","floor":21.0},{"not_picked":["ReplayTheSpireMod:Corrosion Curse","Havoc","Clothesline"],"picked":"SKIP","floor":22.0},{"not_picked":["Intimidate","Clothesline"],"picked":"Sword Boomerang","floor":23.0},{"not_picked":["Sentinel","Armaments"],"picked":"Limit Break","floor":25.0},{"not_picked":["Anger","Replay:Undeath\u0027s Touch","Thunderclap"],"picked":"SKIP","floor":27.0},{"not_picked":["Pommel Strike","Headbutt"],"picked":"Feel No Pain","floor":29.0},{"not_picked":["Uppercut","Bloodletting","Havoc"],"picked":"SKIP","floor":31.0},{"not_picked":["Uppercut","Bloodletting","Havoc"],"picked":"SKIP","floor":31.0},{"not_picked":["Parasite","Shame"],"picked":"Injury","floor":34.0},{"not_picked":["Voices","Shame"],"picked":"CommonCold","floor":34.0},{"not_picked":["ReplayTheSpireMod:Doomed","Sickly"],"picked":"Hallucinations","floor":34.0},{"not_picked":["Dropkick","Clash+1","Ghostly Armor"],"picked":"SKIP","floor":35.0},{"not_picked":["Armaments","Heavy Blade+1","Limit Break"],"picked":"SKIP","floor":40.0},{"not_picked":["Run Through","Cleave+1"],"picked":"Feel No Pain","floor":41.0},{"not_picked":["Rage+1","Havoc","True Grit"],"picked":"SKIP","floor":44.0},{"not_picked":["True Grit","ReplayTheSpireMod:Muscle Training"],"picked":"Burning Pact","floor":45.0},{"not_picked":["Dual Wield","ReplayTheSpireMod:LeadingStrike+1","Fire Breathing"],"picked":"SKIP","floor":47.0},{"not_picked":["Body Slam","Clothesline","Warcry+1"],"picked":"SKIP","floor":55}],"player_experience":719361,"relics_obtained":[{"floor":2.0,"key":"Ring of Peace"},{"floor":2.0,"key":"Ring of Hypnosis"},{"floor":6.0,"key":"aspiration:SeaSaltIceCream"},{"floor":12.0,"key":"CeramicFish"},{"floor":14.0,"key":"ReplayTheSpireMod:Spearhead"},{"floor":23.0,"key":"Whetstone"},{"floor":25.0,"key":"Bag of Marbles"},{"floor":26.0,"key":"testmod-IndustrialRevolution"},{"floor":29.0,"key":"testmod-BouquetWithThorns"},{"floor":31.0,"key":"Vajra"},{"floor":39.0,"key":"Chameleon Ring"},{"floor":40.0,"key":"Juzu Bracelet"},{"floor":43.0,"key":"Onion Ring"},{"floor":44.0,"key":"Omamori"},{"floor":47.0,"key":"Torii"},{"floor":55,"key":"aspiration:KMNothing"}],"event_choices":[{"damage_healed":0.0,"max_hp_gain":0.0,"max_hp_loss":0.0,"gold_gain":400.0,"event_name":"恩洛斯的盘子","player_choice":"Sell","floor":7.0,"relics_lost":["testmod-TestBox"],"gold_loss":0.0,"damage_taken":0.0}],"is_beta":false,"boss_relics":[{"not_picked":["testmod-Recursion","testmod-GoldenSoul"],"picked":"aspiration:PoetsPen"},{"not_picked":["Kintsugi","Replay:Bronze Core"],"picked":"Replay:Ancient Bell"},{"not_picked":["Toy Ornithopter","Orichalcum"],"picked":"Tiny Chest"},{"not_picked":["Replay:Bottled Snecko","StrikeDummy"],"picked":"aspiration:FetidBarrel"},{"not_picked":["testmod-ThousandKnives","Bird Faced Urn"],"picked":"Peace Pipe"}],"items_purged_floors":[48],"is_endless":false,"potions_floor_spawned":[1,4,14,18,23,29,31,35,45],"ascension_level":20}}