{"host":"92wx9z21c4p52du4","time":1612762336,"event":{"mods":["Act Like it!","Arknights","Bard","BaseMod","Infinite Spire","Lobotomy","Minty Spire (QoL Compilation)","Reliquary","Robot Space Explorer","StSLib","SuperFastMode","The Blue Laboratory","The Disciple","The Hierophant","The Jungle","The Runesmith","TheSurvivalist"],"gold_per_floor":[118,129,129,147,72,72,33,61,61,61,72,247,283,283,283,321,321],"floor_reached":16,"language":"ENG","playtime":446,"items_purged":["hierophant:Strike_Hierophant"],"score":108,"play_id":"2bb8deef-c535-4d0f-a100-e9acf80ba4af","local_time":"20210207233216","is_ascension_mode":false,"campfire_choices":[{"data":"hierophant:Upheaval","floor":6,"key":"SMITH"},{"floor":15,"key":"REST"}],"circlet_count":0,"master_deck":["hierophant:Strike_Hierophant","hierophant:Strike_Hierophant","hierophant:Strike_Hierophant","hierophant:Punish","hierophant:Defend_Hierophant","hierophant:Defend_Hierophant","hierophant:Defend_Hierophant","hierophant:Defend_Hierophant","hierophant:ChurchCoffers","hierophant:SealAway","hierophant:Sermon","hierophant:Upheaval+1","hierophant:Upheaval","hierophant:Embezzle","Shame","Shame","infinitespire:Oblivion","hierophant:Doubloon","Doubt","hierophant:Doubloon","hierophant:CoinFling"],"relics":["hierophant:PropheticMaskRelic","NeowsBlessing","infinitespire:Midas Blood","Akabeko","reliquary:BallBearing","Juzu Bracelet"],"acts_visited":["Exordium"],"potions_floor_usage":[8],"damage_taken":[{"damage":0,"enemies":"Cultist","floor":1,"turns":1},{"damage":0,"enemies":"Small Slimes","floor":2,"turns":1},{"damage":0,"enemies":"Jaw Worm","floor":4,"turns":1},{"damage":26,"enemies":"Gremlin Nob","floor":8,"turns":4},{"damage":0,"enemies":"Large Slime","floor":11,"turns":4},{"damage":35,"enemies":"Lagavulin","floor":13,"turns":6},{"damage":36,"enemies":"Hexaghost","floor":16,"turns":7}],"seed_played":"-6930924371958136","potions_obtained":[{"floor":2,"key":"Swift Potion"},{"floor":13,"key":"blueLaboratory:CorrosionFlask"}],"is_trial":false,"path_per_floor":["M","M","?","M","$","R","$","E","T","?","M","?","E","?","R","B"],"character_chosen":"HIEROPHANT","items_purchased":["hierophant:Upheaval"],"campfire_rested":1,"item_purchase_floors":[7],"current_hp_per_floor":[75,75,75,75,75,75,75,49,49,49,49,49,14,14,36,0,0],"gold":321,"neow_bonus":"THREE_ENEMY_KILL","is_daily":false,"chose_seed":false,"campfire_upgraded":1,"win_rate":0.0,"timestamp":1612762336,"path_taken":["M","M","?","M","$","R","$","E","T","?","M","?","E","?","R","BOSS"],"items_purchased_type":["Card"],"build_version":"2020-12-22","purchased_purges":1,"victory":false,"max_hp_per_floor":[75,75,75,75,75,75,75,75,75,75,75,75,75,75,75,75,75],"card_choices":[{"not_picked":["hierophant:RepressedViolence","hierophant:RecallFunds"],"picked":"hierophant:SealAway","floor":1},{"not_picked":["hierophant:FlamingChariot","hierophant:Blessing"],"picked":"hierophant:Sermon","floor":2},{"not_picked":["hierophant:FieryStrike","hierophant:HammerAndAnvil"],"picked":"hierophant:Upheaval","floor":4},{"not_picked":["hierophant:OrnateBuckler","hierophant:SolarFlare"],"picked":"hierophant:Embezzle","floor":8},{"not_picked":["infinitespire:FinalStrike","infinitespire:TheBestDefense"],"picked":"infinitespire:Oblivion","floor":10},{"not_picked":["hierophant:FlamingChariot","hierophant:Smite"],"picked":"hierophant:Doubloon","floor":11},{"not_picked":["hierophant:Encroach","hierophant:HammerAndAnvil"],"picked":"hierophant:CoinFling","floor":13}],"player_experience":228999,"relics_obtained":[{"floor":3,"key":"infinitespire:Midas Blood"},{"floor":8,"key":"Akabeko"},{"floor":9,"key":"reliquary:BallBearing"},{"floor":13,"key":"Juzu Bracelet"}],"event_choices":[{"damage_healed":0,"gold_gain":175,"player_choice":"AGREE","damage_taken":0,"max_hp_gain":0,"max_hp_loss":0,"event_name":"Liars Game","floor":12,"gold_loss":0,"cards_obtained":["Doubt"]},{"damage_healed":0,"gold_gain":0,"player_choice":"Ignored","damage_taken":0,"max_hp_gain":0,"max_hp_loss":0,"event_name":"Shining Light","floor":14,"gold_loss":0}],"is_beta":false,"boss_relics":[],"items_purged_floors":[5],"is_endless":false,"potions_floor_spawned":[2,13],"killed_by":"Hexaghost","ascension_level":0}}