{"host":"f5akwxsmb9r0twid","time":1612745296,"event":{"mods":["BaseMod","Colored Map","Minty Spire (QoL Compilation)"],"gold_per_floor":[130,142,165,177,205,249,280,292,327,354,366,407,429,4,4,105,105,125,125,45,59,59,59,69,69,115,40,63,7,7,21,21,126,126,138,188,38,49,63,63,63,82,106,106,82,97,115,15,15,15],"floor_reached":51,"language":"ENG","playtime":3035,"items_purged":["Strike_G","Strike_G"],"score":657,"play_id":"d6e95580-f150-4917-9ba3-11763274c119","local_time":"20210208034816","is_ascension_mode":false,"campfire_choices":[{"floor":8,"key":"REST"},{"floor":15,"key":"REST"},{"data":"Envenom","floor":23,"key":"SMITH"},{"data":"Catalyst","floor":25,"key":"SMITH"},{"data":"Bouncing Flask","floor":30,"key":"SMITH"},{"data":"Noxious Fumes","floor":32,"key":"SMITH"},{"floor":40,"key":"REST"},{"data":"Choke","floor":44,"key":"SMITH"},{"data":"Adrenaline","floor":49,"key":"SMITH"}],"circlet_count":0,"master_deck":["Strike_G","Strike_G","Defend_G","Defend_G","Defend_G","Defend_G","Defend_G","Survivor","Neutralize","Deadly Poison+1","Acrobatics","Prepared","Choke+1","Dagger Throw","Bouncing Flask+1","Masterful Stab","Underhanded Strike","Envenom+1","Noxious Fumes+1","Catalyst+1","Flash of Steel","Deadly Poison+1","Adrenaline+1","Bullet Time","Prepared+1","Normality","Deadly Poison","PiercingWail+1"],"relics":["Ring of the Snake","MawBank","Snake Skull","Orichalcum","Happy Flower","Incense Burner","Philosopher\u0027s Stone","Nloth\u0027s Gift","Lantern","MealTicket","Ancient Tea Set","Cursed Key","Dead Branch","Anchor"],"acts_visited":["Exordium","TheCity","TheBeyond"],"potions_floor_usage":[10,12,13,16,18,24,39,41,46,46,50,50,50],"damage_taken":[{"damage":3,"enemies":"Jaw Worm","floor":1,"turns":7},{"damage":0,"enemies":"Small Slimes","floor":3,"turns":4},{"damage":0,"enemies":"Cultist","floor":5,"turns":3},{"damage":32,"enemies":"Gremlin Nob","floor":6,"turns":5},{"damage":12,"enemies":"Blue Slaver","floor":7,"turns":4},{"damage":17,"enemies":"Lots of Slimes","floor":10,"turns":6},{"damage":41,"enemies":"3 Sentries","floor":12,"turns":7},{"damage":0,"enemies":"Red Slaver","floor":13,"turns":3},{"damage":4,"enemies":"Slime Boss","floor":16,"turns":11},{"damage":9,"enemies":"3 Byrds","floor":18,"turns":4},{"damage":8,"enemies":"Shell Parasite","floor":21,"turns":4},{"damage":13,"enemies":"Shelled Parasite and Fungi","floor":24,"turns":4},{"damage":0,"enemies":"Snake Plant","floor":31,"turns":2},{"damage":35,"enemies":"Champ","floor":33,"turns":4},{"damage":0,"enemies":"3 Darklings","floor":35,"turns":3},{"damage":28,"enemies":"2 Orb Walkers","floor":36,"turns":5},{"damage":0,"enemies":"Orb Walker","floor":38,"turns":2},{"damage":12,"enemies":"4 Shapes","floor":39,"turns":4},{"damage":15,"enemies":"Maw","floor":42,"turns":4},{"damage":0,"enemies":"Transient","floor":46,"turns":5},{"damage":2,"enemies":"Spire Growth","floor":47,"turns":2},{"damage":72,"enemies":"Donu and Deca","floor":50,"turns":8}],"seed_played":"-4967204581622990326","potions_obtained":[{"floor":5,"key":"Swift Potion"},{"floor":6,"key":"Energy Potion"},{"floor":10,"key":"Poison Potion"},{"floor":13,"key":"SkillPotion"},{"floor":16,"key":"Swift Potion"},{"floor":21,"key":"Block Potion"},{"floor":36,"key":"SteroidPotion"},{"floor":41,"key":"SneckoOil"},{"floor":41,"key":"Fruit Juice"},{"floor":41,"key":"AttackPotion"},{"floor":42,"key":"SneckoOil"},{"floor":47,"key":"SkillPotion"}],"is_trial":false,"path_per_floor":["M","?","M","?","M","E","M","R","T","M","?","E","M","$","R","B",null,"M","?","$","M","?","R","M","R","T","$","T","?","R","M","R","B",null,"M","?","$","M","M","R","?","M","T","R","$","M","M","$","R","B",null],"character_chosen":"THE_SILENT","items_purchased":["Happy Flower","Incense Burner","Noxious Fumes","ColorlessPotion","Deadly Poison","Swift Potion","Poison Potion"],"campfire_rested":3,"item_purchase_floors":[14,14,20,37,45,48,48],"current_hp_per_floor":[67,67,67,60,60,28,16,37,37,20,43,2,2,2,23,19,70,61,61,61,53,53,53,40,40,40,40,40,40,40,40,40,5,70,70,42,57,57,45,66,71,56,56,56,71,71,69,75,75,3],"gold":15,"neow_bonus":"RANDOM_COMMON_RELIC","is_daily":false,"chose_seed":false,"campfire_upgraded":6,"win_rate":0.0,"timestamp":1612745296,"path_taken":["M","?","M","?","M","E","M","R","T","M","?","E","M","$","R","BOSS","M","?","$","?","?","R","?","R","T","$","?","?","R","?","R","BOSS","M","?","?","M","M","R","?","M","T","R","$","?","M","$","R","BOSS"],"items_purchased_type":["Relic","Relic","Card","Potion","Card","Potion","Potion"],"build_version":"2020-12-22","purchased_purges":2,"victory":true,"max_hp_per_floor":[70,70,70,70,70,70,70,70,70,70,70,70,70,70,70,70,70,70,70,70,70,70,70,70,70,70,70,70,70,70,70,70,70,70,70,70,70,70,70,70,75,75,75,75,75,75,75,75,75,75],"card_choices":[{"not_picked":["Backflip","Bane"],"picked":"Deadly Poison","floor":1},{"not_picked":["Flechettes","Dodge and Roll"],"picked":"Acrobatics","floor":3},{"not_picked":["Reflex","Expertise"],"picked":"Prepared","floor":5},{"not_picked":["Flechettes","Blade Dance"],"picked":"Choke","floor":6},{"not_picked":["Footwork","Tactician"],"picked":"Dagger Throw","floor":7},{"not_picked":["Outmaneuver","Bane"],"picked":"Bouncing Flask","floor":10},{"not_picked":["Outmaneuver","Night Terror"],"picked":"Masterful Stab","floor":12},{"not_picked":["Quick Slash","Backstab"],"picked":"Underhanded Strike","floor":13},{"not_picked":["Storm of Steel","Venomology"],"picked":"Envenom","floor":16},{"not_picked":["Leg Sweep","Infinite Blades","Acrobatics"],"picked":"SKIP","floor":18},{"not_picked":["Accuracy","Deadly Poison"],"picked":"Catalyst","floor":21},{"not_picked":["Concentrate","Finisher"],"picked":"Deadly Poison+1","floor":24},{"not_picked":["Deflect","Acrobatics+1"],"picked":"Adrenaline","floor":31},{"not_picked":["Die Die Die","Phantasmal Killer"],"picked":"Bullet Time","floor":33},{"not_picked":["Noxious Fumes","Dodge and Roll+1","Terror+1"],"picked":"SKIP","floor":35},{"not_picked":["Flying Knee+1","Acrobatics"],"picked":"Prepared+1","floor":38},{"not_picked":["Expertise","Outmaneuver","Poisoned Stab"],"picked":"SKIP","floor":39},{"not_picked":["Underhanded Strike","Malaise","Blur"],"picked":"SKIP","floor":42},{"not_picked":["Flying Knee+1","Dagger Spray+1"],"picked":"PiercingWail+1","floor":46},{"not_picked":["Cloak And Dagger","Bane","Terror+1"],"picked":"SKIP","floor":47}],"player_experience":292161,"relics_obtained":[{"floor":6,"key":"Tiny Chest"},{"floor":9,"key":"Snake Skull"},{"floor":12,"key":"Orichalcum"},{"floor":26,"key":"Lantern"},{"floor":28,"key":"MealTicket"},{"floor":36,"key":"Dead Branch"},{"floor":43,"key":"Anchor"}],"event_choices":[{"damage_healed":0,"gold_gain":0,"player_choice":"Grow","damage_taken":0,"max_hp_gain":0,"max_hp_loss":0,"event_name":"Living Wall","floor":2,"gold_loss":0,"cards_upgraded":["Deadly Poison"]},{"cards_removed":["Strike_G"],"damage_healed":0,"gold_gain":0,"player_choice":"Card Removal","damage_taken":7,"max_hp_gain":0,"max_hp_loss":0,"event_name":"Golden Wing","floor":4,"gold_loss":0},{"damage_healed":23,"gold_gain":0,"player_choice":"Banana","damage_taken":0,"max_hp_gain":0,"max_hp_loss":0,"event_name":"Big Fish","floor":11,"gold_loss":0},{"damage_healed":0,"gold_gain":0,"player_choice":"Traded Relic","damage_taken":0,"relics_obtained":["Nloth\u0027s Gift"],"max_hp_gain":0,"max_hp_loss":0,"event_name":"N\u0027loth","floor":19,"relics_lost":["Tiny Chest"],"gold_loss":0},{"damage_healed":0,"gold_gain":0,"player_choice":"1 cards matched","damage_taken":0,"max_hp_gain":0,"max_hp_loss":0,"event_name":"Match and Keep!","floor":22,"gold_loss":0,"cards_obtained":["Flash of Steel"]},{"damage_healed":0,"gold_gain":0,"player_choice":"Paid Gold","damage_taken":0,"relics_obtained":["Ancient Tea Set"],"max_hp_gain":0,"max_hp_loss":0,"event_name":"WeMeetAgain","floor":29,"gold_loss":56},{"damage_healed":0,"gold_gain":0,"player_choice":"Fight","damage_taken":0,"max_hp_gain":0,"max_hp_loss":0,"event_name":"Mysterious Sphere","floor":36,"gold_loss":0},{"damage_healed":0,"gold_gain":0,"player_choice":"Got Potions","damage_taken":0,"max_hp_gain":0,"max_hp_loss":0,"event_name":"Lab","floor":41,"gold_loss":0}],"is_beta":false,"boss_relics":[{"not_picked":["Snecko Eye","Runic Pyramid"],"picked":"Philosopher\u0027s Stone"},{"not_picked":["Fusion Hammer","Coffee Dripper"],"picked":"Cursed Key"}],"items_purged_floors":[27,37],"is_endless":false,"potions_floor_spawned":[5,6,10,13,16,21,36,42,47],"ascension_level":0}}