{"host":"ydg0vn0pu4pubmdt","time":1612810536,"event":{"mods":["AchievementEnabler","BaseMod","Colored Map","Gold Saver","Minty Spire (QoL Compilation)","Quick Restart","SuperFastMode"],"gold_per_floor":[837,848,848,525,525,525,191,202,202,229,229,240,240,259,259,355,355,366,385,385,404,404,404,269,302,352,277,277,277,312,237,237,335,335,349,109,109,1108,1008,1008,1037,1087,1087,1087,1107,1135,1152,1164,1164,1164],"floor_reached":51,"language":"KOR","playtime":1071,"items_purged":["Defend_P","Strike_P","Strike_P","Defend_P","Defend_P","Blasphemy+1"],"score":1226,"play_id":"8809c385-dc0b-412b-aa3e-b8fbe8bef6d5","local_time":"20210209035536","is_ascension_mode":true,"campfire_choices":[{"data":"Blasphemy","floor":6.0,"key":"SMITH"},{"data":"Eruption","floor":11.0,"key":"SMITH"},{"data":"Adaptation","floor":13.0,"key":"SMITH"},{"data":"MentalFortress","floor":15.0,"key":"SMITH"},{"data":"Scrawl","floor":23.0,"key":"SMITH"},{"data":"Deep Breath","floor":29.0,"key":"SMITH"},{"data":"FlurryOfBlows","floor":32.0,"key":"SMITH"},{"floor":40,"key":"DIG"},{"floor":44,"key":"DIG"},{"floor":49,"key":"DIG"}],"circlet_count":0,"master_deck":["Eruption+1","Vigilance","Deep Breath+1","MentalFortress+1","TalkToTheHand","Adaptation+1","FlurryOfBlows+1","Scrawl+1","ConjureBlade"],"relics":["HolyWater","Membership Card","TeardropLocket","Sundial","Bag of Marbles","Omamori","Akabeko","VioletLotus","TheAbacus","Happy Flower","MealTicket","Lantern","Pear","Shovel","Bottled Lightning","Blue Candle","TungstenRod","Ginger","Nunchaku","Ornamental Fan","HornCleat"],"acts_visited":["Exordium","TheCity","TheBeyond"],"potions_floor_usage":[],"damage_taken":[{"damage":7.0,"enemies":"Cultist","floor":1.0,"turns":3.0},{"damage":1.0,"enemies":"2 Louse","floor":2.0,"turns":3.0},{"damage":0.0,"enemies":"Jaw Worm","floor":8.0,"turns":2.0},{"damage":21.0,"enemies":"3 Sentries","floor":10.0,"turns":9.0},{"damage":0.0,"enemies":"2 Fungi Beasts","floor":12.0,"turns":6.0},{"damage":0.0,"enemies":"Blue Slaver","floor":14.0,"turns":1.0},{"damage":29.0,"enemies":"Hexaghost","floor":16.0,"turns":11.0},{"damage":8.0,"enemies":"2 Thieves","floor":18.0,"turns":2.0},{"damage":0.0,"enemies":"Chosen","floor":19.0,"turns":1.0},{"damage":0.0,"enemies":"Snecko","floor":21.0,"turns":1.0},{"damage":0.0,"enemies":"Book of Stabbing","floor":25.0,"turns":3.0},{"damage":0.0,"enemies":"Gremlin Leader","floor":30.0,"turns":1.0},{"damage":0.0,"enemies":"Collector","floor":33.0,"turns":2.0},{"damage":0.0,"enemies":"Orb Walker","floor":35.0,"turns":2.0},{"damage":0,"enemies":"Giant Head","floor":41,"turns":2},{"damage":0,"enemies":"2 Orb Walkers","floor":42,"turns":1},{"damage":0,"enemies":"3 Darklings","floor":45,"turns":1},{"damage":0,"enemies":"Reptomancer","floor":46,"turns":1},{"damage":0,"enemies":"4 Shapes","floor":47,"turns":1},{"damage":0,"enemies":"Jaw Worm Horde","floor":48,"turns":1},{"damage":0,"enemies":"Awakened One","floor":50,"turns":2}],"seed_played":"6181200900884134470","potions_obtained":[{"floor":5.0,"key":"BlessingOfTheForge"},{"floor":5.0,"key":"Weak Potion"},{"floor":5.0,"key":"EntropicBrew"},{"floor":10.0,"key":"Regen Potion"},{"floor":16.0,"key":"LiquidMemories"},{"floor":19.0,"key":"SteroidPotion"},{"floor":33.0,"key":"Fruit Juice"},{"floor":41,"key":"ColorlessPotion"}],"is_trial":false,"path_per_floor":["M","M","?","$","?","R","$","M","T","E","R","M","R","M","R","B",null,"M","M","?","M","?","R","$","E","T","$","T","R","E","?","R","B",null,"M","$","?","?","$","R","E","?","T","R","M","E","M","M","R","B",null],"character_chosen":"WATCHER","items_purchased":["Membership Card","TeardropLocket","Sundial","Bag of Marbles","Deep Breath","MentalFortress","TheAbacus","Shovel"],"campfire_rested":0,"item_purchase_floors":[4,4,7,7,7,7,24,36],"current_hp_per_floor":[58,57,50,50,50,50,50,50,50,29,29,44,44,44,44,15,65,57,57,57,57,57,57,57,57,57,65,65,65,75,75,75,80,80,80,80,76,76,76,76,76,76,76,76,76,76,76,76,76,76],"gold":1164,"neow_bonus":"THREE_RARE_CARDS","is_daily":false,"chose_seed":false,"campfire_upgraded":7,"win_rate":0.0,"timestamp":1612810536,"path_taken":["M","M","?","$","?","R","$","M","T","E","R","?","R","M","R","BOSS","M","M","?","M","?","R","$","E","T","$","?","R","E","?","R","BOSS","M","$","?","?","$","R","E","?","T","R","M","E","M","M","R","BOSS"],"items_purchased_type":["Relic","Relic","Relic","Relic","Card","Card","Relic","Relic"],"build_version":"2020-12-22","purchased_purges":6,"victory":true,"max_hp_per_floor":[65,65,65,65,65,65,65,65,65,65,65,65,65,65,65,65,65,65,65,65,65,65,65,65,65,65,65,65,65,75,75,75,80,80,80,80,76,76,76,76,76,76,76,76,76,76,76,76,76,76],"card_choices":[{"not_picked":["DeusExMachina","Omniscience"],"picked":"Blasphemy","floor":0.0},{"not_picked":["ThirdEye","CutThroughFate","ClearTheMind"],"picked":"SKIP","floor":1.0},{"not_picked":["FlyingSleeves","Protect","Conclude"],"picked":"SKIP","floor":2.0},{"not_picked":["ThirdEye","FlyingSleeves"],"picked":"TalkToTheHand","floor":8.0},{"not_picked":["Prostrate","Conclude"],"picked":"Adaptation","floor":10.0},{"not_picked":["Wireheading","EmptyBody"],"picked":"FlurryOfBlows","floor":12.0},{"not_picked":["FlyingSleeves","Wireheading","CutThroughFate"],"picked":"SKIP","floor":14.0},{"not_picked":["DeusExMachina","Wish"],"picked":"Scrawl","floor":16.0},{"not_picked":["Crescendo+1","Indignation+1","Tantrum"],"picked":"SKIP","floor":18.0},{"not_picked":["Crescendo+1","Indignation+1","Tantrum"],"picked":"SKIP","floor":18.0},{"not_picked":["SignatureMove","Sanctity","CutThroughFate"],"picked":"SKIP","floor":19.0},{"not_picked":["Protect","Consecrate","Indignation"],"picked":"SKIP","floor":21.0},{"not_picked":["DeceiveReality","JustLucky","MasterReality"],"picked":"SKIP","floor":25.0},{"not_picked":["Prostrate","Halt","EmptyFist+1"],"picked":"SKIP","floor":30.0},{"not_picked":["DeusExMachina","Wish"],"picked":"ConjureBlade","floor":33.0},{"not_picked":["JustLucky","Halt+1","TalkToTheHand+1"],"picked":"SKIP","floor":35.0},{"not_picked":["Fasting2+1","EmptyBody","Prostrate+1"],"picked":"SKIP","floor":41},{"not_picked":["SignatureMove+1","EmptyBody","Evaluate+1"],"picked":"SKIP","floor":45},{"not_picked":["Consecrate","Worship+1","CutThroughFate+1"],"picked":"SKIP","floor":46},{"not_picked":["Collect+1","EmptyFist+1","Prostrate"],"picked":"SKIP","floor":47},{"not_picked":["Sanctity+1","DeceiveReality","Scrawl"],"picked":"SKIP","floor":48}],"player_experience":505513,"relics_obtained":[{"floor":9.0,"key":"Omamori"},{"floor":10.0,"key":"Akabeko"},{"floor":25.0,"key":"Happy Flower"},{"floor":26.0,"key":"MealTicket"},{"floor":28.0,"key":"Lantern"},{"floor":30.0,"key":"Pear"},{"floor":40,"key":"Bottled Lightning"},{"floor":41,"key":"Blue Candle"},{"floor":42,"key":"TungstenRod"},{"floor":43,"key":"Ginger"},{"floor":44,"key":"Nunchaku"},{"floor":46,"key":"Ornamental Fan"},{"floor":49,"key":"HornCleat"}],"event_choices":[{"cards_removed":["Strike_P"],"damage_healed":0.0,"max_hp_gain":0.0,"max_hp_loss":0.0,"gold_gain":0.0,"event_name":"Golden Wing","player_choice":"Card Removal","floor":3.0,"gold_loss":0.0,"damage_taken":7.0},{"damage_healed":0.0,"max_hp_gain":0.0,"max_hp_loss":0.0,"gold_gain":0.0,"event_name":"Lab","player_choice":"Got Potions","floor":5.0,"gold_loss":0.0,"damage_taken":0.0},{"damage_healed":0.0,"max_hp_gain":0.0,"max_hp_loss":0.0,"gold_gain":0.0,"event_name":"Vampires","player_choice":"Ignored","floor":20.0,"gold_loss":0.0,"damage_taken":0.0},{"cards_removed":["Defend_P"],"damage_healed":0.0,"max_hp_gain":0.0,"max_hp_loss":0.0,"gold_gain":0.0,"event_name":"Back to Basics","player_choice":"Elegance","floor":22.0,"gold_loss":0.0,"damage_taken":0.0},{"cards_removed":["Strike_P"],"damage_healed":0.0,"max_hp_gain":0.0,"max_hp_loss":0.0,"gold_gain":0.0,"event_name":"Beggar","player_choice":"Gave Gold","floor":31.0,"gold_loss":75.0,"damage_taken":0.0},{"damage_healed":0,"gold_gain":0,"player_choice":"Max HP","damage_taken":0,"max_hp_gain":0,"max_hp_loss":4,"event_name":"Winding Halls","floor":37,"gold_loss":0},{"damage_healed":0,"gold_gain":999,"player_choice":"Gold","damage_taken":0,"max_hp_gain":0,"max_hp_loss":0,"event_name":"MindBloom","floor":38,"gold_loss":0,"cards_obtained":["Normality","Normality"]},{"damage_healed":0,"gold_gain":0,"player_choice":"Fight","damage_taken":0,"max_hp_gain":0,"max_hp_loss":0,"event_name":"Mysterious Sphere","floor":42,"gold_loss":0}],"is_beta":false,"boss_relics":[{"not_picked":["Empty Cage","Calling Bell"],"picked":"VioletLotus"},{"not_picked":["Cursed Key","Snecko Eye"],"picked":"HolyWater"}],"items_purged_floors":[4,7,24,27,36,39],"is_endless":false,"potions_floor_spawned":[10,16,19,25,33,41,46,48],"ascension_level":3}}