{"host":"zwezhz46a5cjkxff","time":1612776836,"event":{"mods":["AchievementEnabler","BaseMod","Colored Map","Colored Powertips","DeckTracker","Minty Spire (QoL Compilation)","Permanent Neow","Quick Restart","Rare Cards Sparkle","Relic Stats","StSLib","SuperFastMode"],"gold_per_floor":[110,122,47,65,65,94,105,124,124,124,124],"floor_reached":10,"language":"ENG","playtime":271,"items_purged":["Clumsy"],"score":77,"play_id":"ca6bf711-7848-4c0b-abb8-f86e88b5157a","local_time":"20210208033356","is_ascension_mode":true,"campfire_choices":[],"circlet_count":0,"master_deck":["Strike_B","Strike_B","Strike_B","Strike_B","Defend_B","Defend_B","Defend_B","Defend_B","Zap","Dualcast+1","Echo Form+1","Gash","Defragment","Steam"],"relics":["Cracked Core","Smiling Mask"],"acts_visited":["Exordium"],"potions_floor_usage":[6],"damage_taken":[{"damage":4,"enemies":"Small Slimes","floor":1,"turns":4},{"damage":3,"enemies":"2 Louse","floor":2,"turns":3},{"damage":0,"enemies":"Cultist","floor":4,"turns":4},{"damage":31,"enemies":"Gremlin Nob","floor":6,"turns":4},{"damage":18,"enemies":"Exordium Wildlife","floor":7,"turns":4},{"damage":0,"enemies":"Large Slime","floor":8,"turns":4},{"damage":12,"enemies":"Lagavulin","floor":10,"turns":2}],"seed_played":"2366204877976009522","potions_obtained":[{"floor":1,"key":"Strength Potion"},{"floor":2,"key":"Ancient Potion"}],"is_trial":false,"path_per_floor":["M","M","$","M","?","E","M","M","T","E"],"character_chosen":"DEFECT","items_purchased":[],"campfire_rested":0,"item_purchase_floors":[],"current_hp_per_floor":[71,68,68,68,53,22,4,4,4,0,0],"gold":124,"neow_bonus":"THREE_RARE_CARDS","is_daily":false,"chose_seed":false,"campfire_upgraded":0,"win_rate":0.0,"timestamp":1612776836,"path_taken":["M","M","$","M","?","E","M","M","T","E"],"items_purchased_type":[],"build_version":"2020-12-22","purchased_purges":1,"victory":false,"max_hp_per_floor":[75,75,75,75,75,75,75,75,75,75,75],"relic_stats":{"counters":[7,25],"Smiling Mask":0,"obtain_stats":[{"Cracked Core":0,"Smiling Mask":6},{"Cracked Core":0,"Smiling Mask":4},{"Cracked Core":0,"Smiling Mask":15}]},"card_choices":[{"not_picked":["Core Surge","Amplify"],"picked":"Echo Form","floor":0},{"not_picked":["Double Energy","Rebound"],"picked":"Gash","floor":1},{"not_picked":["Melter","Fusion","Turbo"],"picked":"SKIP","floor":2},{"not_picked":["Melter","Multi-Cast","Sweeping Beam"],"picked":"SKIP","floor":4},{"not_picked":["Undo","Coolheaded"],"picked":"Defragment","floor":6},{"not_picked":["Barrage","Coolheaded"],"picked":"Steam","floor":7},{"not_picked":["Reinforced Body","Coolheaded","Biased Cognition"],"picked":"SKIP","floor":8}],"player_experience":81701,"relics_obtained":[{"floor":6,"key":"Smiling Mask"}],"event_choices":[{"damage_healed":0,"gold_gain":0,"player_choice":"Entered Light","damage_taken":15,"max_hp_gain":0,"max_hp_loss":0,"event_name":"Shining Light","floor":5,"gold_loss":0,"cards_upgraded":["Dualcast","Echo Form"]}],"is_beta":false,"boss_relics":[],"items_purged_floors":[3],"is_endless":false,"potions_floor_spawned":[1,2],"killed_by":"Lagavulin","ascension_level":2}}