{"host":"r4yhuzs0e1z69tr3","time":1612827865,"event":{"mods":["BaseMod","Minty Spire (QoL Compilation)","Rare Cards Sparkle"],"gold_per_floor":[118,132,207,207,20,20,20,30,54,72,97,97,97,108,108,208,208,221,237,80,92,92,92],"floor_reached":22,"language":"ENG","playtime":1885,"items_purged":[],"score":186,"play_id":"ca44faa7-19e3-444c-98d0-dfacef827075","local_time":"20210208184425","is_ascension_mode":false,"campfire_choices":[{"floor":6,"key":"REST"},{"floor":12,"key":"REST"},{"floor":15,"key":"REST"}],"circlet_count":0,"master_deck":["Strike_P","Strike_P","Strike_P","Strike_P","Defend_P+1","Defend_P","Defend_P","Defend_P","Eruption+1","Vigilance","ReachHeaven","Adaptation","Transmutation+1","Consecrate","ClearTheMind","FearNoEvil","Brilliance","EmptyMind+1"],"relics":["HolyWater","Centennial Puzzle","Bronze Scales","Potion Belt","MealTicket"],"acts_visited":["Exordium","TheCity"],"potions_floor_usage":[14,21],"damage_taken":[{"damage":0,"enemies":"Cultist","floor":1,"turns":2},{"damage":3,"enemies":"Jaw Worm","floor":2,"turns":3},{"damage":3,"enemies":"Small Slimes","floor":8,"turns":3},{"damage":10,"enemies":"Exordium Thugs","floor":10,"turns":3},{"damage":36,"enemies":"Lagavulin","floor":11,"turns":3},{"damage":0,"enemies":"Large Slime","floor":14,"turns":3},{"damage":37,"enemies":"Slime Boss","floor":16,"turns":10},{"damage":19,"enemies":"Spheric Guardian","floor":18,"turns":4},{"damage":29,"enemies":"2 Thieves","floor":19,"turns":4},{"damage":20,"enemies":"Centurion and Healer","floor":21,"turns":7}],"seed_played":"1647278824928816052","potions_obtained":[{"floor":1,"key":"Swift Potion"},{"floor":2,"key":"Strength Potion"},{"floor":19,"key":"SneckoOil"},{"floor":21,"key":"SteroidPotion"}],"is_trial":false,"path_per_floor":["M","M","?","?","$","R","$","M","T","M","E","R","?","M","R","B",null,"M","M","$","M","?"],"character_chosen":"WATCHER","items_purchased":["Transmutation","MealTicket"],"campfire_rested":3,"item_purchase_floors":[5,20],"current_hp_per_floor":[72,69,58,44,44,65,65,62,62,52,16,37,37,37,58,21,72,53,24,24,4,0,0],"gold":92,"neow_bonus":"RANDOM_COMMON_RELIC","is_daily":false,"chose_seed":false,"campfire_upgraded":0,"win_rate":0.0,"timestamp":1612827865,"path_taken":["M","M","?","?","$","R","?","M","T","?","E","R","?","M","R","BOSS","M","M","$","M","?"],"items_purchased_type":["Card","Relic"],"build_version":"2020-12-22","purchased_purges":0,"victory":false,"max_hp_per_floor":[72,72,72,72,72,72,72,72,72,72,72,72,72,72,72,72,72,72,72,72,72,72,72],"card_choices":[{"not_picked":["Pray","SignatureMove"],"picked":"ReachHeaven","floor":1},{"not_picked":["Weave","Evaluate"],"picked":"Adaptation","floor":2},{"not_picked":["Weave","Evaluate"],"picked":"Consecrate","floor":8},{"not_picked":["ThirdEye","Meditate","Protect"],"picked":"SKIP","floor":10},{"not_picked":["FollowUp","Halt"],"picked":"ClearTheMind","floor":11},{"not_picked":["DeceiveReality","JustLucky"],"picked":"FearNoEvil","floor":14},{"not_picked":["Devotion","Judgement"],"picked":"Brilliance","floor":16},{"not_picked":["Fasting2+1","Halt"],"picked":"EmptyMind+1","floor":18},{"not_picked":["FlyingSleeves","CarveReality","WheelKick"],"picked":"SKIP","floor":19},{"not_picked":["BowlingBash","EmptyBody","SignatureMove"],"picked":"SKIP","floor":21}],"player_experience":131752,"relics_obtained":[{"floor":9,"key":"Bronze Scales"},{"floor":11,"key":"Potion Belt"}],"event_choices":[{"damage_healed":0,"gold_gain":75,"player_choice":"Gather Gold","damage_taken":11,"max_hp_gain":0,"max_hp_loss":0,"event_name":"World of Goop","floor":3,"gold_loss":0},{"damage_healed":0,"gold_gain":0,"player_choice":"Entered Light","damage_taken":14,"max_hp_gain":0,"max_hp_loss":0,"event_name":"Shining Light","floor":4,"gold_loss":0,"cards_upgraded":["Eruption","Defend_P"]},{"damage_healed":0,"gold_gain":0,"player_choice":"Upgraded","damage_taken":0,"max_hp_gain":0,"max_hp_loss":0,"event_name":"Upgrade Shrine","floor":13,"gold_loss":0,"cards_upgraded":["Transmutation"]}],"is_beta":false,"boss_relics":[{"not_picked":["Black Star","Empty Cage"],"picked":"HolyWater"}],"items_purged_floors":[],"is_endless":false,"potions_floor_spawned":[1,2,19,21],"ascension_level":0}}