{"host":"0r2yuz9akuqaukjg","time":1612764814,"event":{"mods":["2.2 Compatiblity","AchievementEnabler","BaseMod","Downfall","Hermit","HumanHunterMod(????mod)","Infinite Spire","Jorbs\u0027s Wanderer Trilogy","Lobotomy","LobotomyExtend","Minty Spire (QoL Compilation)","Reliquary","Replay The Spire","Spicy Shops","StSLib","The Bug Knight","The Construct","The Cursed","The Disciple","The Hierophant","The Jungle","The Marked","The Mystic","The Runesmith","The Servant 0.9.4"],"gold_per_floor":[116,116,127,127,144,169,169,183,183,183,208,219,219,219,219,319,319,335,535,535,535,535,535,290,290,317,334,364,364,364,376,376,476,476,493,493,511,522,522,522,522],"floor_reached":39,"language":"ENG","playtime":6160,"items_purged":[],"score":532,"play_id":"26464770-2bf4-4095-8773-d145e07f4eba","local_time":"20210208001334","daily_mods":["Draft"],"is_ascension_mode":false,"campfire_choices":[{"data":"champ:ShieldWall","floor":13.0,"key":"SMITH"},{"floor":15.0,"key":"REST"},{"floor":23.0,"key":"REST"},{"data":"infinitespire:DeathsTouch","floor":25.0,"key":"SMITH"},{"data":"champ:DefensiveShout","floor":30.0,"key":"SMITH"},{"data":"champ:FlashCut","floor":32.0,"key":"SMITH"}],"circlet_count":0,"master_deck":["champ:FlashCut","champ:PreciseThrust","champ:DefensiveShout+1","champ:FlashCut","champ:ShieldWall+1","champ:ShieldSlam","champ:Backstep","champ:Circumvent","champ:DefensiveShout","champ:SkillfulDodge","champ:SkillfulDodge+1","champ:TornadoPunch","champ:Haymaker+1","champ:IronFortress","champ:Circumvent","champ:PreciseThrust","champ:PreemptiveStrike","Languid","champ:Backstep","champ:HoldFirm","champ:Parry","champ:FlashCut","champ:FlashCut+1","Normality","infinitespire:DeathsTouch+1","infinitespire:NeuralNetwork","champ:ShieldThrow","champ:ShieldWall"],"relics":["champ:ChampionCrown","ReplayTheSpireMod:Ring of Sloth","ReplayTheSpireMod:Ring of Collecting","Bottled Lightning","reliquary:JackalopeAntler","Ring of Hypnosis","Replay:WaspNest","hexamod:Sixitude","Black Star","theJungle:BirthdayCakeSlice","Replay:Bottled Flurry","Replay:Mystery Machine","Snack Pack","HollowMod:PaleOreRelic","Unceasing Top","SacredBark","Oddly Smooth Stone"],"acts_visited":["Exordium","theJungle:Jungle","TheBeyond"],"potions_floor_usage":[37,38,38,38],"damage_taken":[{"damage":8.0,"enemies":"2 Louse","floor":1.0,"turns":3.0},{"damage":1.0,"enemies":"Small Slimes","floor":3.0,"turns":3.0},{"damage":0.0,"enemies":"Cultist","floor":5.0,"turns":4.0},{"damage":6.0,"enemies":"Replay:BlueRogue","floor":6.0,"turns":6.0},{"damage":15.0,"enemies":"Exordium Thugs","floor":8.0,"turns":10.0},{"damage":0.0,"enemies":"HollowMod:MossKnight","floor":11.0,"turns":11.0},{"damage":0.0,"enemies":"2 Fungi Beasts","floor":12.0,"turns":4.0},{"damage":14.0,"enemies":"Hexaghost","floor":16.0,"turns":10.0},{"damage":3.0,"enemies":"theJungle:GiantWrat","floor":18.0,"turns":8.0},{"damage":2.0,"enemies":"theJungle:MUSHROOMGANG","floor":27.0,"turns":3.0},{"damage":0.0,"enemies":"theJungle:2_Phrogs","floor":28.0,"turns":8.0},{"damage":13.0,"enemies":"theJungle:2_Flameangoes","floor":31.0,"turns":11.0},{"damage":0.0,"enemies":"theJungle:QueenSpyder","floor":33.0,"turns":15.0},{"damage":2.0,"enemies":"Orb Walker","floor":35.0,"turns":6.0},{"damage":0,"enemies":"3 Darklings","floor":37,"turns":10},{"damage":89,"enemies":"Writhing Mass","floor":38,"turns":18},{"damage":84,"enemies":"Transient","floor":39,"turns":2}],"seed_played":"-7772318635517694227","potions_obtained":[{"floor":3.0,"key":"sneckomod:MuddlingPotion"},{"floor":5.0,"key":"Venom Potion"},{"floor":12.0,"key":"Toxic Potion"},{"floor":22.0,"key":"Cursed Concoction"},{"floor":22.0,"key":"Venom Potion"},{"floor":22.0,"key":"Guardian:BlockOnCardUsePotion"},{"floor":31.0,"key":"Guardian:BlockOnCardUsePotion"},{"floor":37,"key":"Block Potion"}],"is_trial":true,"path_per_floor":["M","$","M","?","M","E","?","M","T","T","E","M","R","?","R","B",null,"M","?","?","?","?","R","$","R","T","M","E","AVR","R","M","R","B",null,"M","AVR","M","M","M"],"character_chosen":"THE_CHAMP","items_purchased":["Replay:Bottled Flurry"],"campfire_rested":2,"item_purchase_floors":[24],"current_hp_per_floor":[82,82,81,81,81,75,80,65,65,65,65,65,65,46,74,60,95,92,92,97,71,71,100,100,100,100,98,98,98,98,87,87,97,100,98,98,100,19,0,0,0],"gold":522,"neow_bonus":"","is_daily":false,"chose_seed":false,"campfire_upgraded":4,"win_rate":0.0,"timestamp":1612764814,"path_taken":["M","$","M","?","M","E","?","?","T","?","E","M","R","?","R","BOSS","M","?","?","?","?","R","$","R","T","M","E","AVR","R","M","R","BOSS","M","AVR","M","?","M"],"items_purchased_type":["Relic"],"build_version":"2020-12-22","purchased_purges":0,"victory":false,"max_hp_per_floor":[90,90,90,90,90,90,95,95,95,95,95,95,95,95,95,95,95,95,95,100,100,100,100,100,100,100,100,100,100,100,100,100,100,100,100,100,100,100,100,100,100],"card_choices":[{"not_picked":["champ:BringItOn","champ:Backstep"],"picked":"champ:FlashCut","floor":0.0},{"not_picked":["champ:FaceSlap","champ:EnragedBash"],"picked":"champ:PreciseThrust","floor":0.0},{"not_picked":["champ:RisingSlash","champ:Backstep"],"picked":"champ:DefensiveShout","floor":0.0},{"not_picked":["champ:FancyFootwork","champ:BladeFlurry"],"picked":"champ:FlashCut","floor":0.0},{"not_picked":["champ:EnGarde","champ:StanceDance"],"picked":"champ:ShieldWall","floor":0.0},{"not_picked":["champ:GutPunch","champ:BladeFlurry"],"picked":"champ:ShieldSlam","floor":0.0},{"not_picked":["champ:PreciseThrust","champ:PerfectedStrike"],"picked":"champ:Backstep","floor":0.0},{"not_picked":["champ:FocusedBerserking","champ:Haymaker"],"picked":"champ:Circumvent","floor":0.0},{"not_picked":["champ:Parry","champ:GladiatorStyle"],"picked":"champ:DefensiveShout","floor":0.0},{"not_picked":["champ:FlashCut","champ:BringItOn"],"picked":"champ:SkillfulDodge","floor":0.0},{"not_picked":["champ:Backstep","champ:PerfectedStrike"],"picked":"champ:SkillfulDodge","floor":0.0},{"not_picked":["champ:Circumvent","champ:PerfectedStrike"],"picked":"champ:TornadoPunch","floor":0.0},{"not_picked":["champ:Shatter","champ:PerfectedStrike"],"picked":"champ:Haymaker","floor":0.0},{"not_picked":["champ:AdrenalArmor","champ:Backstep"],"picked":"champ:IronFortress","floor":0.0},{"not_picked":["champ:BerserkersShout","champ:GutPunch"],"picked":"champ:Circumvent","floor":0.0},{"not_picked":["champ:Parry","champ:PerfectedStrike"],"picked":"champ:PreciseThrust","floor":1.0},{"not_picked":["champ:Haymaker","champ:Shatter"],"picked":"champ:PreemptiveStrike","floor":3.0},{"not_picked":["champ:BladeFlurry","champ:PreciseThrust"],"picked":"champ:Backstep","floor":5.0},{"not_picked":["champ:Devastate","champ:PreciseThrust","champ:BladeFlurry"],"picked":"SKIP","floor":6.0},{"not_picked":["champ:GutPunch","champ:FocusedBerserking"],"picked":"champ:HoldFirm","floor":8.0},{"not_picked":["champ:DefensiveShout","champ:SkillfulDodge"],"picked":"champ:Parry","floor":11.0},{"not_picked":["champ:BladeFlurry","champ:AdrenalArmor"],"picked":"champ:FlashCut","floor":12.0},{"not_picked":["champ:Backstep","champ:PerfectedStrike+1"],"picked":"champ:FlashCut","floor":18.0},{"not_picked":["ReplayTheSpireMod:Echoes of Time","infinitespire:Punishment"],"picked":"infinitespire:DeathsTouch","floor":21.0},{"not_picked":["champ:GutPunch+1","champ:FocusedDefense","champ:Shatter"],"picked":"SKIP","floor":27.0},{"not_picked":["champ:Endure","champ:PerfectedStrike","champ:DefensiveShout"],"picked":"SKIP","floor":28.0},{"not_picked":["champ:PerfectedStrike+1","champ:Shatter+1","champ:EnGarde"],"picked":"SKIP","floor":31.0},{"not_picked":["champ:LastStand","champ:MurderStrike"],"picked":"champ:ShieldThrow","floor":33.0},{"not_picked":["champ:TornadoPunch","champ:PerfectedStrike","champ:StanceDance"],"picked":"SKIP","floor":35.0},{"not_picked":["champ:BringItOn","champ:HoldFirm"],"picked":"champ:ShieldWall","floor":37},{"not_picked":["champ:StanceDance+1","champ:PreciseThrust","champ:PerfectedStrike+1"],"picked":"SKIP","floor":38}],"player_experience":54018,"relics_obtained":[{"floor":4.0,"key":"ReplayTheSpireMod:Ring of Sloth"},{"floor":4.0,"key":"ReplayTheSpireMod:Ring of Collecting"},{"floor":6.0,"key":"Bottled Lightning"},{"floor":9.0,"key":"reliquary:JackalopeAntler"},{"floor":10.0,"key":"Ring of Hypnosis"},{"floor":10.0,"key":"Replay:WaspNest"},{"floor":11.0,"key":"hexamod:Sixitude"},{"floor":26.0,"key":"Replay:Mystery Machine"},{"floor":28.0,"key":"Snack Pack"},{"floor":28.0,"key":"HollowMod:PaleOreRelic"}],"event_choices":[{"damage_healed":0.0,"max_hp_gain":5.0,"max_hp_loss":0.0,"gold_gain":0.0,"event_name":"Big Fish","player_choice":"Donut","floor":7.0,"gold_loss":0.0,"damage_taken":0.0},{"damage_healed":0.0,"max_hp_gain":0.0,"max_hp_loss":0.0,"gold_gain":0.0,"event_name":"Shining Light","player_choice":"Entered Light","floor":14.0,"gold_loss":0.0,"damage_taken":19.0,"cards_upgraded":["champ:Haymaker","champ:SkillfulDodge"]},{"damage_healed":0.0,"max_hp_gain":0.0,"max_hp_loss":0.0,"gold_gain":0.0,"event_name":"Lab","player_choice":"Got Potions","floor":22.0,"gold_loss":0.0,"damage_taken":0.0}],"is_beta":false,"boss_relics":[{"not_picked":["Replay:Grab Bag","Snecko Eye"],"picked":"Black Star"},{"not_picked":["Runic Pyramid","Honey Jar"],"picked":"SacredBark"}],"items_purged_floors":[],"is_endless":false,"potions_floor_spawned":[3,5,12,27,31,37],"killed_by":"Transient","ascension_level":0}}