{"host":"2dp3t1i5s6bd92af","time":1612819093,"event":{"mods":["BaseMod","Colored Powertips","Hermit","Jorbs\u0027s Wanderer Trilogy","Minty Spire (QoL Compilation)","Reliquary","StSLib"],"gold_per_floor":[109,109,34,63,88,123,123,148,174,174,210,210,226,247,247,376,376,376],"floor_reached":17,"language":"ZHS","playtime":1186,"items_purged":["stsjorbsmod:Defend_Wanderer"],"score":167,"play_id":"fb4fa586-028c-43f3-915d-cb559de69f90","local_time":"20210209051813","is_ascension_mode":false,"campfire_choices":[{"data":"stsjorbsmod:Firebolt","floor":7.0,"key":"SMITH"},{"data":"stsjorbsmod:EyeOfTheStorm","floor":10.0,"key":"SMITH"},{"data":"stsjorbsmod:Banish","floor":12.0,"key":"SMITH"},{"data":"stsjorbsmod:ColorSpray","floor":15.0,"key":"SMITH"}],"circlet_count":0,"master_deck":["stsjorbsmod:ForbiddenGrimoire+1","stsjorbsmod:Strike_Wanderer+1","stsjorbsmod:Strike_Wanderer+1","stsjorbsmod:Strike_Wanderer","stsjorbsmod:Strike_Wanderer","stsjorbsmod:Defend_Wanderer","stsjorbsmod:Defend_Wanderer","stsjorbsmod:FreshAdventure+1","stsjorbsmod:EyeOfTheStorm+1","stsjorbsmod:Banish+1","stsjorbsmod:Firebolt+1","stsjorbsmod:FaerieFire","stsjorbsmod:FaerieFire","stsjorbsmod:ColorSpray+1","stsjorbsmod:Banish"],"relics":["stsjorbsmod:GrimoireRelic","Golden Idol","Whetstone","reliquary:RoseTintedGlasses","Centennial Puzzle","SlaversCollar"],"acts_visited":["Exordium","TheCity"],"potions_floor_usage":[],"damage_taken":[{"damage":1.0,"enemies":"2 Louse","floor":1.0,"turns":3.0},{"damage":0.0,"enemies":"Small Slimes","floor":4.0,"turns":5.0},{"damage":1.0,"enemies":"Cultist","floor":5.0,"turns":3.0},{"damage":2.0,"enemies":"Gremlin Nob","floor":6.0,"turns":6.0},{"damage":3.0,"enemies":"2 Fungi Beasts","floor":8.0,"turns":5.0},{"damage":15.0,"enemies":"3 Sentries","floor":11.0,"turns":7.0},{"damage":0.0,"enemies":"Looter","floor":13.0,"turns":4.0},{"damage":0.0,"enemies":"Large Slime","floor":14.0,"turns":7.0},{"damage":31.0,"enemies":"The Guardian","floor":16.0,"turns":12.0}],"seed_played":"-5395480873692646402","potions_obtained":[{"floor":1.0,"key":"BlessingOfTheForge"},{"floor":6.0,"key":"FairyPotion"},{"floor":13.0,"key":"Strength Potion"},{"floor":14.0,"key":"SpeedPotion"}],"is_trial":false,"path_per_floor":["M","?","$","M","M","E","R","M","T","R","E","R","M","M","R","B",null],"character_chosen":"WANDERER","items_purchased":[],"campfire_rested":0,"item_purchase_floors":[],"current_hp_per_floor":[68,51,51,55,56,61,61,61,61,61,49,49,51,53,53,22,70,70],"gold":376,"neow_bonus":"TRANSFORM_CARD","is_daily":false,"chose_seed":false,"campfire_upgraded":4,"win_rate":0.0,"timestamp":1612819093,"path_taken":["M","?","$","M","M","E","R","M","T","R","E","R","M","M","R","BOSS"],"items_purchased_type":[],"build_version":"2020-12-22","purchased_purges":1,"victory":false,"max_hp_per_floor":[68,68,68,68,68,70,70,70,70,70,70,70,70,70,70,70,70,70],"card_choices":[{"not_picked":["stsjorbsmod:Introspection","stsjorbsmod:AnimateObjects","stsjorbsmod:Hurt"],"picked":"SKIP","floor":1.0},{"not_picked":["stsjorbsmod:Index","stsjorbsmod:RayOfFrost"],"picked":"stsjorbsmod:Firebolt","floor":4.0},{"not_picked":["stsjorbsmod:TrueStrike","stsjorbsmod:WanderingMind"],"picked":"stsjorbsmod:FaerieFire","floor":5.0},{"not_picked":["stsjorbsmod:Stalwart","stsjorbsmod:LoseGrip","stsjorbsmod:WanderingMind"],"picked":"SKIP","floor":6.0},{"not_picked":["stsjorbsmod:WeightOfMemory","stsjorbsmod:RayOfFrost","stsjorbsmod:PurgeMind"],"picked":"SKIP","floor":8.0},{"not_picked":["stsjorbsmod:Hibernate","stsjorbsmod:TrueStrike","stsjorbsmod:Prepare"],"picked":"SKIP","floor":11.0},{"not_picked":["stsjorbsmod:Aid","stsjorbsmod:FlameWard"],"picked":"stsjorbsmod:FaerieFire","floor":13.0},{"not_picked":["stsjorbsmod:HedgeWizard","stsjorbsmod:Counterspell"],"picked":"stsjorbsmod:ColorSpray","floor":14.0},{"not_picked":["stsjorbsmod:Entangle","stsjorbsmod:PurgeMind"],"picked":"stsjorbsmod:Banish","floor":16.0}],"player_experience":435900,"relics_obtained":[{"floor":6.0,"key":"Whetstone"},{"floor":9.0,"key":"reliquary:RoseTintedGlasses"},{"floor":11.0,"key":"Centennial Puzzle"}],"event_choices":[{"damage_healed":0.0,"max_hp_gain":0.0,"max_hp_loss":0.0,"gold_gain":0.0,"event_name":"Golden Idol","player_choice":"Take Damage","floor":2.0,"gold_loss":0.0,"damage_taken":17.0,"relics_obtained":["Golden Idol"]}],"is_beta":false,"boss_relics":[{"not_picked":["reliquary:Ember","reliquary:RedPaperclip"],"picked":"SlaversCollar"}],"items_purged_floors":[3],"is_endless":false,"potions_floor_spawned":[1,6,13,14,16],"ascension_level":0}}