{"host":"c6u7e77myxvw4d0m","time":1612790693,"event":{"mods":["AchievementEnabler","BaseMod","Bestiary","Colored Map","Colored Powertips","Minty Spire (QoL Compilation)","Rare Cards Sparkle","Relic Stats","everything is the same but u backflip on backflip"],"gold_per_floor":[110,126,126,141,141,141,158,158,185,220,220,220,197,6,6,84,84,97,113,113,129,129,129,140,173,173,186,198,198,215,228,228,228,228],"floor_reached":33,"language":"ENG","playtime":1443,"items_purged":["Strike_G"],"score":638,"play_id":"882348db-90ee-4be8-b1cd-eed3f1992123","local_time":"20210208152453","is_ascension_mode":true,"campfire_choices":[{"data":"Neutralize","floor":6,"key":"SMITH"},{"floor":8,"key":"REST"},{"floor":11,"key":"REST"},{"data":"Blade Dance","floor":15,"key":"SMITH"},{"floor":23,"key":"REST"},{"floor":29,"key":"REST"},{"floor":32,"key":"REST"}],"circlet_count":0,"master_deck":["AscendersBane","Strike_G+1","Strike_G+1","Strike_G+1","Strike_G+1","Defend_G+1","Defend_G+1","Defend_G+1","Defend_G+1","Defend_G+1","Survivor","Neutralize+1","Predator","Cloak And Dagger","Poisoned Stab+1","Blade Dance+1","Footwork","Infinite Blades","Terror","Burst","Deadly Poison","Dagger Spray","Choke","Slice","Noxious Fumes","Bane+1","Caltrops+1","Calculated Gamble"],"relics":["Ring of the Snake","Lizard Tail","Whetstone","Centennial Puzzle","MawBank","WristBlade","Pantograph","StoneCalendar"],"acts_visited":["Exordium","TheCity"],"potions_floor_usage":[16,16,24,25,25,30],"damage_taken":[{"damage":11,"enemies":"Cultist","floor":1,"turns":5},{"damage":5,"enemies":"2 Louse","floor":2,"turns":3},{"damage":0,"enemies":"Small Slimes","floor":4,"turns":4},{"damage":0,"enemies":"2 Fungi Beasts","floor":7,"turns":3},{"damage":19,"enemies":"Gremlin Nob","floor":10,"turns":4},{"damage":0,"enemies":"Slime Boss","floor":16,"turns":6},{"damage":17,"enemies":"Spheric Guardian","floor":18,"turns":4},{"damage":11,"enemies":"2 Thieves","floor":19,"turns":4},{"damage":3,"enemies":"Centurion and Healer","floor":21,"turns":4},{"damage":2,"enemies":"3 Cultists","floor":24,"turns":4},{"damage":27,"enemies":"Book of Stabbing","floor":25,"turns":5},{"damage":17,"enemies":"Snecko","floor":27,"turns":5},{"damage":26,"enemies":"Centurion and Healer","floor":28,"turns":6},{"damage":13,"enemies":"Snake Plant","floor":30,"turns":5},{"damage":20,"enemies":"Snecko","floor":31,"turns":4},{"damage":59,"enemies":"Champ","floor":33,"turns":7}],"seed_played":"-8986012817025627190","potions_obtained":[{"floor":7,"key":"Explosive Potion"},{"floor":10,"key":"Explosive Potion"},{"floor":19,"key":"Energy Potion"},{"floor":21,"key":"ColorlessPotion"},{"floor":24,"key":"BlessingOfTheForge"},{"floor":28,"key":"GamblersBrew"}],"is_trial":false,"path_per_floor":["M","M","?","M","?","R","M","R","T","E","R","?","?","$","R","B",null,"M","M","?","M","?","R","M","E","T","M","M","R","M","M","R","B"],"character_chosen":"THE_SILENT","items_purchased":["Infinite Blades","Terror"],"campfire_rested":5,"item_purchase_floors":[14,14],"current_hp_per_floor":[48,43,43,43,23,23,23,42,42,23,42,24,40,40,40,40,60,43,32,32,29,29,48,46,19,19,2,20,39,26,6,25,0,0],"gold":228,"neow_bonus":"ONE_RARE_RELIC","is_daily":false,"chose_seed":false,"campfire_upgraded":2,"win_rate":0.0,"timestamp":1612790693,"path_taken":["M","M","?","M","?","R","M","R","T","E","R","?","?","$","R","BOSS","M","M","?","M","?","R","M","E","T","M","M","R","M","M","R","BOSS"],"items_purchased_type":["Card","Card"],"build_version":"2020-12-22","purchased_purges":1,"victory":false,"max_hp_per_floor":[66,66,66,66,66,66,66,66,66,66,66,66,66,66,66,66,66,66,66,66,66,66,66,66,66,66,66,66,66,66,66,66,66,66],"relic_stats":{"Lizard Tail":33,"Centennial Puzzle":[30],"counters":[16,73],"Pantograph":25,"StoneCalendar":[52],"Whetstone":["Strike_G","Strike_G"],"MawBank":24,"obtain_stats":[{"Lizard Tail":0,"Centennial Puzzle":10,"WristBlade":17,"Pantograph":25,"StoneCalendar":26,"Whetstone":9,"MawBank":12,"Ring of the Snake":0},{"Lizard Tail":0,"Centennial Puzzle":5,"WristBlade":6,"Pantograph":11,"StoneCalendar":11,"Whetstone":4,"MawBank":5,"Ring of the Snake":0},{"Lizard Tail":0,"Centennial Puzzle":19,"WristBlade":25,"Pantograph":46,"StoneCalendar":46,"Whetstone":15,"MawBank":19,"Ring of the Snake":0}],"Ring of the Snake":[32]},"card_choices":[{"not_picked":["PiercingWail","All Out Attack"],"picked":"Predator","floor":1},{"not_picked":["Prepared","Underhanded Strike"],"picked":"Cloak And Dagger","floor":2},{"not_picked":["Eviscerate","Acrobatics"],"picked":"Poisoned Stab","floor":4},{"not_picked":["Flying Knee","Noxious Fumes"],"picked":"Blade Dance","floor":7},{"not_picked":["Deflect","Cloak And Dagger"],"picked":"Footwork","floor":10},{"not_picked":["Die Die Die","Wraith Form v2"],"picked":"Burst","floor":16},{"not_picked":["Underhanded Strike","Tactician"],"picked":"Deadly Poison","floor":18},{"not_picked":["Skewer","Outmaneuver"],"picked":"Dagger Spray","floor":19},{"not_picked":["Masterful Stab","PiercingWail"],"picked":"Choke","floor":21},{"not_picked":["Acrobatics","Reflex"],"picked":"Slice","floor":24},{"not_picked":["Predator","Setup"],"picked":"Noxious Fumes","floor":25},{"not_picked":["Deflect","Dagger Throw"],"picked":"Bane+1","floor":27},{"not_picked":["Quick Slash","Sucker Punch+1","Eviscerate"],"picked":"SKIP","floor":28},{"not_picked":["Terror","Outmaneuver"],"picked":"Caltrops+1","floor":30},{"not_picked":["Deadly Poison+1","Outmaneuver"],"picked":"Calculated Gamble","floor":31}],"player_experience":727627,"relics_obtained":[{"floor":9,"key":"Whetstone"},{"floor":10,"key":"Centennial Puzzle"},{"floor":25,"key":"Pantograph"},{"floor":26,"key":"StoneCalendar"}],"event_choices":[{"cards_removed":["Pain"],"damage_healed":0,"gold_gain":0,"player_choice":"Forget","damage_taken":0,"max_hp_gain":0,"max_hp_loss":0,"event_name":"Living Wall","floor":3,"gold_loss":0},{"damage_healed":0,"gold_gain":0,"player_choice":"Entered Light","damage_taken":20,"max_hp_gain":0,"max_hp_loss":0,"event_name":"Shining Light","floor":5,"gold_loss":0,"cards_upgraded":["Poisoned Stab","Strike_G"]},{"damage_healed":0,"gold_gain":0,"player_choice":"Success","damage_taken":18,"relics_obtained":["MawBank"],"max_hp_gain":0,"max_hp_loss":0,"event_name":"Scrap Ooze","floor":12,"gold_loss":0},{"damage_healed":16,"gold_gain":0,"player_choice":"Healed","damage_taken":0,"max_hp_gain":0,"max_hp_loss":0,"event_name":"The Cleric","floor":13,"gold_loss":35},{"damage_healed":0,"gold_gain":0,"player_choice":"Simplicity","damage_taken":0,"max_hp_gain":0,"max_hp_loss":0,"event_name":"Back to Basics","floor":20,"gold_loss":0,"cards_upgraded":["Strike_G","Defend_G","Defend_G","Defend_G","Defend_G","Defend_G"]},{"damage_healed":0,"gold_gain":0,"player_choice":"Ignored","damage_taken":0,"max_hp_gain":0,"max_hp_loss":0,"event_name":"Vampires","floor":22,"gold_loss":0}],"is_beta":false,"boss_relics":[{"not_picked":["Black Star","Empty Cage"],"picked":"WristBlade"}],"items_purged_floors":[14],"is_endless":false,"potions_floor_spawned":[7,10,19,21,24,28],"killed_by":"Champ","ascension_level":20}}