{"host":"f0dbpmn0khgeoqc0","time":1612816159,"event":{"mods":["2.2 Compatiblity","AchievementEnabler","Act Like it!","Ascension Unlocker","Aspiration","BaseMod","Better Altar","Better Match","Better Sensory Stone","Better Skull","Better Third Choice","BetterRewards","Block Reminder","Colored Map","Colored Powertips","Conspire","DNKmod","Disable Question Mark Monsters","Displayed Cursed Tome","Evolution","Friendly Minions","Hermit","Highlight Path","Humility","Infinite Spire","Jorbs\u0027s Wanderer Trilogy","Koishi","Marisa????????","Minty Spire (QoL Compilation)","Monster B Gone","MostiFishMod","Permanent Neow","Random Character Button","Relic Filter","Relic Stats","Replay The Spire","Spicy Shops","Spire Arcade","StSLib","Td1madao Mod","The Gatherer","Treasure Hunter","Wandering Minibosses","??????REMEMod"],"gold_per_floor":[141,160,160,140,0,34,34,70,120,163,188,188,221,264,264,356,356,379,129,243,259,275,308,308,352,375,408,427,209,238,255,255,351,351,369,369,702,702,425,453,453,493,516,516,531,547,547,547,547,549,549,549,549,65,93,72],"floor_reached":57,"language":"ENG","playtime":3621,"items_purged":["Pain","Writhe"],"score":3163,"play_id":"0d834dfd-1ea2-49a6-953a-4a0e039dcbec","local_time":"20210208152919","is_ascension_mode":true,"campfire_choices":[{"data":"MostiFishMod:JungleRules","floor":7,"key":"SMITH"},{"data":"DarkMatter","floor":12,"key":"SMITH"},{"data":"DeepEcoloBomb","floor":15,"key":"SMITH"},{"data":"EarthLightRay","floor":24,"key":"SMITH"},{"data":"LuminesStrike","floor":32,"key":"SMITH"},{"data":"CollectingQuirk","floor":41,"key":"SMITH"},{"floor":44,"key":"RECALL"},{"floor":47,"key":"DIG"},{"data":"infinitespire:TheBestDefense","floor":49,"key":"SMITH"},{"data":"EarthLightRay","floor":53,"key":"SMITH"}],"circlet_count":0,"master_deck":["AscendersBane","ShootingEcho","Strike_MRS+1","Strike_MRS","Strike_MRS","Defend_MRS","Defend_MRS","Defend_MRS","Defend_MRS","MasterSpark","UpSweep+1","MostiFishMod:JungleRules+1","DarkSpark+1","MagicChant","6A","Injury","TH:CursedSword+1","SporeBomb","TH:BikiniMail","EarthLightRay+1","TH:CursedSword+1","Parasite","Parasite","TH:CopperCoins","EarthLightRay+1","DarkMatter+1","DeepEcoloBomb+1","TH:TreasureMap","SprinkleStarSeal","TH:ElvenBoots","MaximisePower","NonDirectionalLaser","GremboGang","6A","MysteriousBeam","MaximisePower","DC","TH:DeckOfManyThings","ShootingEcho","TH:TreasureMap","Robbery+1","TH:TreasureMap","TH:EnergyPotion+1","TH:PixieDust+1","MagicAbsorber","AbsoluteMagnitude","Acceleration","Acceleration","CasketOfStar","PowerUp","MagicChant","LuminesStrike+1","IllusionStar","StarBarrage","TH:ElvenBoots","TH:DeckOfManyThings","BinaryStars","ManaRampage","MillisecondPulsars","Overencumbered","GravityBeat","GravityBeat","TH:ElvenBoots","TH:CopperCoins","CollectingQuirk+1","TH:TreasureMap","TH:ArmorSpikes","TH:CursedSword+1","TH:CopperCoins","GravityBeat","MagicAbsorber","ManaConvection+1","infinitespire:TheBestDefense+1","OrrerysSun","TH:CursedSword+1","TH:ArmorSpikes","MostiFishMod:Impulse","Compile Driver","stsjorbsmod:FracturedMind"],"relics":["MiniHakkero","EVO:Axolotl","DaveBox","REME_ComplimentaryCards","JellyFishMachine","conspire:TreasureMap","Blue Doll","HornCleat","SynthV:TestCard","Whetstone","Eternal Feather","Pen Nib","BreadOfAWashokuLover","ShroomBag","aspiration:StickyExplosives","Blood Vial","Busted Crown","Replay:Baseball","ReplayTheSpireMod:Lightbulb","infinitespire:Satchel","aspiration:PocketMushroom","REME_IWantAll","Guide Book","Shovel","HereWithMe","ReplayTheSpireMod:CursedCoin","Membership Card","Gremlin Horn","Prayer Wheel","Art of War","MagicBroom","infinitespire:CheckeredPen","Replay:Towering Pillar of Hats","ExperimentalFamiliar","infinitespire:FocusingShard","Snack Pack","TH:HealthInsurance","ReplayFunnel","PrismaticShard","Replay:Bottled Eggs"],"acts_visited":["Exordium","TheCity","TheBeyond","TheEnding"],"potions_floor_usage":[8,8,16,16,50],"damage_taken":[{"damage":0,"enemies":"Cultist","floor":1,"turns":2},{"damage":3,"enemies":"conspire:RoseBush","floor":2,"turns":3},{"damage":5,"enemies":"3 Sentries","floor":6,"turns":4},{"damage":43,"enemies":"Gremlin Nob","floor":8,"turns":4},{"damage":20,"enemies":"3 Sentries","floor":10,"turns":5},{"damage":0,"enemies":"Jaw Worm","floor":11,"turns":3},{"damage":3,"enemies":"conspire:MimicChest","floor":13,"turns":3},{"damage":18,"enemies":"Replay:BlueRogue","floor":14,"turns":3},{"damage":21,"enemies":"The Guardian","floor":16,"turns":8},{"damage":15,"enemies":"Spheric Guardian","floor":18,"turns":5},{"damage":0,"enemies":"conspire:FuzzyDice","floor":21,"turns":2},{"damage":10,"enemies":"Chosen and Byrds","floor":22,"turns":5},{"damage":0,"enemies":"conspire:SneckoGhost","floor":23,"turns":3},{"damage":35,"enemies":"Slavers","floor":25,"turns":4},{"damage":5,"enemies":"conspire:Head Lice","floor":27,"turns":4},{"damage":27,"enemies":"Snake Plant","floor":28,"turns":3},{"damage":0,"enemies":"3 Cultists","floor":30,"turns":3},{"damage":0,"enemies":"conspire:HollyBat","floor":31,"turns":9},{"damage":59,"enemies":"Champ","floor":33,"turns":12},{"damage":11,"enemies":"Orb Walker","floor":35,"turns":2},{"damage":4,"enemies":"Reptomancer","floor":40,"turns":3},{"damage":9,"enemies":"Nemesis","floor":42,"turns":3},{"damage":17,"enemies":"3 Shapes","floor":45,"turns":2},{"damage":0,"enemies":"3 Darklings","floor":46,"turns":1},{"damage":75,"enemies":"Awakened One","floor":50,"turns":7},{"damage":6,"enemies":"Replay:Hell Engine","floor":51,"turns":4},{"damage":0,"enemies":"Shield and Spear","floor":55,"turns":2},{"damage":85,"enemies":"The Heart","floor":56,"turns":8}],"seed_played":"-8854138859654858609","potions_obtained":[{"floor":1,"key":"Block Potion"},{"floor":4,"key":"Energy Potion"},{"floor":10,"key":"FearPotion"},{"floor":11,"key":"Toxic Potion"},{"floor":13,"key":"FearPotion"},{"floor":14,"key":"Weak Potion"},{"floor":21,"key":"SpeedPotion"},{"floor":23,"key":"Dexterity Potion"},{"floor":42,"key":"Adrenaline Potion"}],"is_trial":false,"path_per_floor":["M","M","?","?","$","E","R","E","T","E","M","R","?","E","R","B",null,"M","?","?","M","M","E","R","E","T","E","M","$","M","M","R","B",null,"M","?","?","?","$","E","R","E","T","R","M","M","R","AVR","R","B","B",null,"R","$","E","B",null],"character_chosen":"MARISA","items_purchased":["conspire:TreasureMap","DarkSpark+1","Blue Doll","HornCleat","Whetstone","Guide Book","AbsoluteMagnitude","Acceleration","ReplayTheSpireMod:CursedCoin","Membership Card","Gremlin Horn","Prayer Wheel","Art of War","GravityBeat","Snack Pack","OrrerysSun","TH:HealthInsurance","ReplayFunnel","PrismaticShard"],"campfire_rested":0,"item_purchase_floors":[0,0,0,0,5,29,29,29,39,39,39,39,39,39,54,54,54,54,54],"current_hp_per_floor":[63,60,60,60,60,55,64,21,21,12,31,46,51,37,52,45,74,67,67,34,40,38,48,69,50,50,55,30,30,45,58,88,50,85,76,76,76,76,76,88,98,93,95,102,87,95,102,102,102,35,43,87,102,102,104,51],"gold":72,"neow_bonus":"","is_daily":false,"chose_seed":false,"campfire_upgraded":8,"win_rate":0.0,"timestamp":1612816159,"path_taken":["M","M","?","?","$","E","R","E","T","E","?","R","?","E","R","BOSS","M","?","?","M","M","E","R","E","T","E","M","$","?","M","R","BOSS","M","?","?","?","$","E","R","E","T","R","M","?","R","AVR","R","BOSS","BOSS","R","$","E","BOSS"],"items_purchased_type":["Relic","Card","Relic","Relic","Relic","Relic","Card","Card","Relic","Relic","Relic","Relic","Relic","Card","Relic","Card","Relic","Relic","Relic"],"build_version":"2020-12-22","purchased_purges":2,"victory":true,"max_hp_per_floor":[70,70,70,70,70,70,70,70,70,70,83,83,83,83,83,83,83,83,83,83,83,83,83,83,83,83,85,85,85,88,91,91,96,96,96,96,96,96,96,98,98,100,102,102,102,102,102,102,102,102,102,102,102,102,104,107],"relic_stats":{"Blood Vial":30,"Busted Crown":86,"Shovel":1,"Gremlin Horn":[14,14],"counters":[90,350],"Eternal Feather":129,"Prayer Wheel":2,"Pen Nib":[18],"Art of War":[1],"Whetstone":["Strike_MRS","UpSweep"],"obtain_stats":[{"Gremlin Horn":39,"Vajra":55,"BloodWine":22,"MostiFishMod:AdaptiveDefenses":38,"EVO:Axolotl":0,"Whetstone":34,"Boot":26,"REME_IWantAll":27,"Blood Vial":63,"HornCleat":0,"GuanYuAspect":34,"DollysMirror":28,"HereWithMe":34,"Prayer Wheel":39,"Iron Hammer":10,"Necronomicon":19,"Kunai":28,"Jackal-EndForJourney":0,"Replay:Blank Codex":30,"aspiration:StickyExplosives":13,"conspire:TreasureMap":0,"Pear":28,"wanderingMiniBosses:ThiefScarf":42,"ReplayTheSpireMod:CursedCoin":0,"Replay:Grab Bag":17,"Oddly Smooth Stone":0,"Eternal Feather":6,"BreadOfAWashokuLover":9,"Pen Nib":8,"War Paint":7,"RhineCircuit":17,"infinitespire:EvilPickle":34,"OrangePellets":20,"Replay:Baseball":32,"Bottled Flame":12,"MutagenicStrength":20,"Molten Egg 2":25,"CultistMask":4,"ReplayTheSpireMod:TigerMarble":58,"MiniHakkero":37,"Grinning Jar":11,"hermit:Momento":42,"Darkstone Periapt":0,"ReplayFunnel":54,"Regal Pillow":44,"DaveBox":0,"Singing Bowl":9,"Blue Doll":0,"Bag of Preparation":27,"Smiling Mask":9,"PrismaticShard":54,"conspire:TopHat":22,"REME_DemonsWealth":17,"Nunchaku":26,"Chameleon Ring":0,"Shovel":33,"Red Mask":26,"Chemical X":36,"BewitchedHakkero":20,"Replay:Bottled Eggs":55,"wanderingMiniBosses:LockLocket":22,"BargainBundle":25,"MagicBroom":40,"NeowsBlessing":0,"Replay:Towering Pillar of Hats":47,"Golden Idol":3,"JellyFishMachine":37,"Guide Book":29,"PreservedInsect":24,"BrkXgEgg":3,"infinitespire:FocusingShard":48,"aspiration:HummingbirdHeart":29,"infinitespire:CheckeredPen":43,"infinitespire:Lucky Rock":14,"ThornShield":6,"MawBank":44,"aspiration:PocketMushroom":26,"ShroomBag":0,"SynthV:TestCard":1,"Busted Crown":17,"infinitespire:WardingShard":0,"ExperimentalFamiliar":48,"stsjorbsmod:BookOfTrialsRelic":0,"infinitespire:Satchel":9,"ChewingGum":17,"REME_HandOfSuture":28,"Coffee Dripper":49,"Art of War":39,"Snack Pack":54,"TH:HealthInsurance":54,"Membership Card":0,"ReplayTheSpireMod:Lightbulb":23,"Toy Ornithopter":28,"REME_ComplimentaryCards":0},{"Gremlin Horn":82,"Vajra":16,"BloodWine":6,"MostiFishMod:AdaptiveDefenses":38,"EVO:Axolotl":0,"Whetstone":11,"Boot":59,"REME_IWantAll":77,"Blood Vial":17,"HornCleat":62,"GuanYuAspect":37,"DollysMirror":33,"HereWithMe":81,"Prayer Wheel":82,"Iron Hammer":4,"Necronomicon":55,"Kunai":33,"Jackal-EndForJourney":0,"Replay:Blank Codex":10,"aspiration:StickyExplosives":5,"conspire:TreasureMap":18,"Pear":59,"wanderingMiniBosses:ThiefScarf":41,"ReplayTheSpireMod:CursedCoin":18,"Replay:Grab Bag":28,"Oddly Smooth Stone":18,"Eternal Feather":65,"BreadOfAWashokuLover":66,"Pen Nib":66,"War Paint":3,"RhineCircuit":28,"infinitespire:EvilPickle":37,"OrangePellets":55,"Replay:Baseball":10,"Bottled Flame":26,"MutagenicStrength":30,"Molten Egg 2":8,"CultistMask":48,"ReplayTheSpireMod:TigerMarble":16,"MiniHakkero":82,"Grinning Jar":26,"hermit:Momento":41,"Darkstone Periapt":42,"ReplayFunnel":88,"Regal Pillow":41,"DaveBox":0,"Singing Bowl":3,"Blue Doll":62,"Bag of Preparation":33,"Smiling Mask":50,"PrismaticShard":88,"conspire:TopHat":31,"REME_DemonsWealth":28,"Nunchaku":33,"Chameleon Ring":18,"Shovel":81,"Red Mask":9,"Chemical X":11,"BewitchedHakkero":55,"Replay:Bottled Eggs":89,"wanderingMiniBosses:LockLocket":57,"BargainBundle":8,"MagicBroom":83,"NeowsBlessing":0,"Replay:Towering Pillar of Hats":86,"Golden Idol":64,"JellyFishMachine":82,"Guide Book":78,"PreservedInsect":32,"BrkXgEgg":48,"infinitespire:FocusingShard":86,"aspiration:HummingbirdHeart":59,"infinitespire:CheckeredPen":41,"infinitespire:Lucky Rock":53,"ThornShield":24,"MawBank":41,"aspiration:PocketMushroom":76,"ShroomBag":42,"SynthV:TestCard":1,"Busted Crown":71,"infinitespire:WardingShard":42,"ExperimentalFamiliar":86,"stsjorbsmod:BookOfTrialsRelic":0,"infinitespire:Satchel":25,"ChewingGum":28,"REME_HandOfSuture":10,"Coffee Dripper":13,"Art of War":82,"Snack Pack":88,"TH:HealthInsurance":88,"Membership Card":18,"ReplayTheSpireMod:Lightbulb":75,"Toy Ornithopter":33,"REME_ComplimentaryCards":0},{"Gremlin Horn":320,"Vajra":44,"BloodWine":15,"MostiFishMod:AdaptiveDefenses":133,"EVO:Axolotl":0,"Whetstone":23,"Boot":225,"REME_IWantAll":291,"Blood Vial":49,"HornCleat":233,"GuanYuAspect":124,"DollysMirror":111,"HereWithMe":318,"Prayer Wheel":320,"Iron Hammer":7,"Necronomicon":212,"Kunai":111,"Jackal-EndForJourney":0,"Replay:Blank Codex":21,"aspiration:StickyExplosives":10,"conspire:TreasureMap":51,"Pear":225,"wanderingMiniBosses:ThiefScarf":149,"ReplayTheSpireMod:CursedCoin":51,"Replay:Grab Bag":93,"Oddly Smooth Stone":51,"Eternal Feather":242,"BreadOfAWashokuLover":246,"Pen Nib":246,"War Paint":4,"RhineCircuit":93,"infinitespire:EvilPickle":124,"OrangePellets":212,"Replay:Baseball":21,"Bottled Flame":81,"MutagenicStrength":99,"Molten Egg 2":17,"CultistMask":178,"ReplayTheSpireMod:TigerMarble":44,"MiniHakkero":320,"Grinning Jar":81,"hermit:Momento":149,"Darkstone Periapt":153,"ReplayFunnel":340,"Regal Pillow":149,"DaveBox":0,"Singing Bowl":4,"Blue Doll":233,"Bag of Preparation":111,"Smiling Mask":183,"PrismaticShard":340,"conspire:TopHat":105,"REME_DemonsWealth":93,"Nunchaku":111,"Chameleon Ring":51,"Shovel":318,"Red Mask":19,"Chemical X":23,"BewitchedHakkero":212,"Replay:Bottled Eggs":342,"wanderingMiniBosses:LockLocket":219,"BargainBundle":17,"MagicBroom":323,"NeowsBlessing":0,"Replay:Towering Pillar of Hats":329,"Golden Idol":238,"JellyFishMachine":320,"Guide Book":294,"PreservedInsect":107,"BrkXgEgg":178,"infinitespire:FocusingShard":329,"aspiration:HummingbirdHeart":225,"infinitespire:CheckeredPen":149,"infinitespire:Lucky Rock":191,"ThornShield":75,"MawBank":149,"aspiration:PocketMushroom":287,"ShroomBag":153,"SynthV:TestCard":1,"Busted Crown":268,"infinitespire:WardingShard":153,"ExperimentalFamiliar":329,"stsjorbsmod:BookOfTrialsRelic":0,"infinitespire:Satchel":78,"ChewingGum":93,"REME_HandOfSuture":21,"Coffee Dripper":37,"Art of War":320,"Snack Pack":340,"TH:HealthInsurance":340,"Membership Card":51,"ReplayTheSpireMod:Lightbulb":283,"Toy Ornithopter":111,"REME_ComplimentaryCards":0}]},"card_choices":[{"not_picked":["BlazeAway","UnstableBomb"],"picked":"MagicChant","floor":1},{"not_picked":["ShootingEcho","WitchOfGreed","GasGiant","IllusionStar"],"picked":"6A","floor":2},{"not_picked":["TH:CopperCoins","TH:ArmorSpikes","TH:TreasureMap"],"picked":"TH:CursedSword","floor":6},{"not_picked":["MilkyWay","MaximisePower","OortCloud","PropBag"],"picked":"SporeBomb","floor":6},{"not_picked":["TH:Mimic","TH:EnergyPotion","TH:PixieDust"],"picked":"TH:BikiniMail","floor":8},{"not_picked":["DoubleSpark","DC","UnstableBomb","ChargingUp"],"picked":"EarthLightRay","floor":8},{"not_picked":["TH:BikiniMail","TH:CopperCoins","TH:EnergyPotion"],"picked":"TH:CursedSword","floor":9},{"not_picked":["TH:ElvenBoots","TH:ArmorSpikes","TH:TreasureMap"],"picked":"TH:CopperCoins","floor":10},{"not_picked":["IllusionStar","MysteriousBeam","ChargingUp","SporeBomb"],"picked":"EarthLightRay","floor":10},{"not_picked":["DarkSpark","Singularity","StarBarrage","GravityBeat"],"picked":"DarkMatter","floor":11},{"not_picked":["NonDirectionalLaser","ShootingEcho","IllusionStar","CollectingQuirk"],"picked":"DeepEcoloBomb","floor":13},{"not_picked":["TH:DeckOfManyThings","TH:PixieDust","TH:EnergyPotion"],"picked":"TH:TreasureMap","floor":14},{"not_picked":["AlicesGift","Occultation","LuminesStrike","MeteoricShower"],"picked":"SprinkleStarSeal","floor":14},{"not_picked":["TH:TreasureMap","TH:Mimic","TH:CopperCoins"],"picked":"TH:ElvenBoots","floor":16},{"not_picked":["CasketOfStar","SuperNova","MillisecondPulsars","BigCrunch"],"picked":"MaximisePower","floor":16},{"not_picked":["SporeBomb","EnergyRecoil"],"picked":"NonDirectionalLaser","floor":18},{"not_picked":["Acceleration","SporeBomb"],"picked":"6A","floor":20},{"not_picked":["SporeBomb","SprinkleStarSeal+1"],"picked":"MysteriousBeam","floor":20},{"not_picked":["GalacticHalo","DoubleSpark"],"picked":"MaximisePower","floor":21},{"not_picked":["SprinkleStarSeal","WitchLeyline+1"],"picked":"DC","floor":22},{"not_picked":["TH:ArmorSpikes"],"picked":"TH:DeckOfManyThings","floor":23},{"not_picked":["DoubleSpark+1","BigCrunch"],"picked":"ShootingEcho","floor":23},{"not_picked":["TH:EnergyPotion"],"picked":"TH:TreasureMap","floor":25},{"not_picked":["DC+1","MilkyWay"],"picked":"Robbery+1","floor":25},{"not_picked":["TH:CopperCoins"],"picked":"TH:TreasureMap","floor":26},{"not_picked":["TH:EnergyPotion","TH:PixieDust"],"picked":"Singing Bowl","floor":27},{"not_picked":["GrandCross","GalacticHalo","RefractionSpark"],"picked":"SKIP","floor":27},{"not_picked":["DoubleSpark","WitchLeyline"],"picked":"MagicAbsorber","floor":28},{"not_picked":["CasketOfStar","PowerUp","MagicChant"],"picked":"Singing Bowl","floor":30},{"not_picked":["LuminesStrike","IllusionStar","StarBarrage"],"picked":"Singing Bowl","floor":31},{"not_picked":["TH:ElvenBoots","TH:DeckOfManyThings"],"picked":"Singing Bowl","floor":33},{"not_picked":["BinaryStars","ManaRampage","MillisecondPulsars"],"picked":"Singing Bowl","floor":33},{"not_picked":["WitchLeyline+1","Acceleration","AlicesGift"],"picked":"SKIP","floor":35},{"not_picked":["TH:ElvenBoots","TH:CopperCoins"],"picked":"Singing Bowl","floor":40},{"not_picked":["SporeBomb","GrandCross"],"picked":"CollectingQuirk","floor":40},{"not_picked":["TH:TreasureMap","TH:ArmorSpikes"],"picked":"Singing Bowl","floor":42},{"not_picked":["GalacticHalo","IllusionStar+1","EventHorizon"],"picked":"SKIP","floor":42},{"not_picked":["TH:CursedSword","TH:CopperCoins"],"picked":"Singing Bowl","floor":43},{"not_picked":["UnstableBomb","IllusionStar"],"picked":"GravityBeat","floor":45},{"not_picked":["AsteroidBelt","Acceleration"],"picked":"MagicAbsorber","floor":45},{"not_picked":["NonDirectionalLaser","LuminesStrike+1"],"picked":"ManaConvection+1","floor":46},{"not_picked":["MilkyWay+1","AsteroidBelt+1","GalacticHalo"],"picked":"SKIP","floor":46},{"not_picked":["TH:CursedSword","TH:ArmorSpikes"],"picked":"Singing Bowl","floor":55},{"not_picked":["MostiFishMod:Impulse","Compile Driver","stsjorbsmod:FracturedMind"],"picked":"SKIP","floor":55},{"not_picked":["UnstableBomb","EscapeVelocity","MysteriousBeam"],"picked":"Singing Bowl","floor":56}],"player_experience":578739,"relics_obtained":[{"floor":1,"key":"SynthV:TestCard"},{"floor":6,"key":"Eternal Feather"},{"floor":8,"key":"Pen Nib"},{"floor":9,"key":"BreadOfAWashokuLover"},{"floor":10,"key":"ShroomBag"},{"floor":13,"key":"aspiration:StickyExplosives"},{"floor":14,"key":"Blood Vial"},{"floor":20,"key":"Replay:Baseball"},{"floor":23,"key":"ReplayTheSpireMod:Lightbulb"},{"floor":25,"key":"infinitespire:Satchel"},{"floor":26,"key":"aspiration:PocketMushroom"},{"floor":27,"key":"REME_IWantAll"},{"floor":33,"key":"Shovel"},{"floor":40,"key":"MagicBroom"},{"floor":42,"key":"infinitespire:CheckeredPen"},{"floor":47,"key":"Replay:Towering Pillar of Hats"},{"floor":55,"key":"Replay:Bottled Eggs"}],"event_choices":[{"damage_healed":0,"gold_gain":0,"player_choice":"Take Wound","damage_taken":0,"relics_obtained":["Golden Idol"],"max_hp_gain":0,"max_hp_loss":0,"event_name":"Golden Idol","floor":3,"gold_loss":0,"cards_obtained":["Injury"]},{"damage_healed":0,"gold_gain":0,"player_choice":"Bought 1 Potion","damage_taken":0,"max_hp_gain":0,"max_hp_loss":0,"event_name":"The Woman in Blue","floor":4,"gold_loss":0},{"damage_healed":0,"gold_gain":0,"player_choice":"Ignored","damage_taken":0,"max_hp_gain":0,"max_hp_loss":0,"event_name":"Tomb of Lord Red Mask","floor":36,"gold_loss":0},{"damage_healed":0,"gold_gain":333,"player_choice":"Gave Idol","damage_taken":0,"max_hp_gain":0,"max_hp_loss":0,"event_name":"The Moai Head","floor":37,"relics_lost":["Golden Idol"],"gold_loss":0}],"is_beta":false,"boss_relics":[{"not_picked":["RhineCircuit","Cursed Key"],"picked":"Busted Crown"},{"not_picked":["aspiration:SecretTechniqueScroll","aspiration:RunicSpoon"],"picked":"HereWithMe"}],"items_purged_floors":[5,39],"is_endless":false,"potions_floor_spawned":[1,10,11,13,14,21,23,27,42,46],"ascension_level":20,"is_humility":true}}