{"host":"k919bq8mkuzdqhzi","time":1612810455,"event":{"mods":["AchievementEnabler","BaseMod","Colored Map","Colored Powertips","DeckTracker","Minty Spire (QoL Compilation)","Relic Sorter","SuperFastMode"],"gold_per_floor":[119,46,63,63,63,63,88,88,115,115,131,156,156,188,200,314,326,326,241,196,16,16,16,16,16,16,16,16,16,16,16,16,16,16,16,16,16,16,16,16,16,16,16,16,16,16,16,16,16,16],"floor_reached":51,"language":"ENG","playtime":3415,"items_purged":["Strike_B"],"score":672,"play_id":"092a2d15-11b1-4faf-a997-1abd1b8ff432","local_time":"20210208135415","is_ascension_mode":false,"campfire_choices":[{"data":"Zap","floor":6.0,"key":"SMITH"},{"data":"Redo","floor":8.0,"key":"SMITH"},{"data":"Dualcast","floor":10.0,"key":"SMITH"},{"data":"Defragment","floor":15.0,"key":"SMITH"},{"data":"Echo Form","floor":23.0,"key":"SMITH"},{"data":"Beam Cell","floor":28.0,"key":"SMITH"},{"data":"Glacier","floor":30.0,"key":"SMITH"},{"floor":32.0,"key":"REST"},{"data":"Conserve Battery","floor":40,"key":"SMITH"},{"data":"All For One","floor":47,"key":"SMITH"},{"data":"Leap","floor":49,"key":"SMITH"}],"circlet_count":0,"master_deck":["Strike_B","Strike_B","Strike_B","Defend_B","Defend_B","Defend_B","Defend_B","Zap+1","Dualcast+1","Cold Snap","Defragment+1","Self Repair","Redo+1","Steam","Ball Lightning","Beam Cell+1","Echo Form+1","Stack","Conserve Battery+1","Leap+1","Sweeping Beam","Glacier+1","All For One+1","Auto Shields+1","Thunder Strike","Chill+1","Go for the Eyes+1","Multi-Cast","Rebound+1","Redo+1","Blizzard+1","Defragment+1"],"relics":["Cracked Core","NeowsBlessing","Unceasing Top","Dream Catcher","Bronze Scales","Odd Mushroom","MawBank","Ectoplasm","Potion Belt","Pen Nib","Pear","Prayer Wheel","Pantograph","Inserter","Incense Burner","Kunai"],"acts_visited":["Exordium","TheCity","TheBeyond"],"potions_floor_usage":[37,45,46,50,50],"damage_taken":[{"damage":0.0,"enemies":"Small Slimes","floor":1.0,"turns":1.0},{"damage":0.0,"enemies":"Jaw Worm","floor":3.0,"turns":1.0},{"damage":0.0,"enemies":"3 Sentries","floor":7.0,"turns":1.0},{"damage":2.0,"enemies":"2 Louse","floor":11.0,"turns":2.0},{"damage":9.0,"enemies":"The Mushroom Lair","floor":12.0,"turns":4.0},{"damage":10.0,"enemies":"Blue Slaver","floor":14.0,"turns":2.0},{"damage":28.0,"enemies":"Hexaghost","floor":16.0,"turns":7.0},{"damage":0.0,"enemies":"Spheric Guardian","floor":18.0,"turns":4.0},{"damage":10.0,"enemies":"2 Thieves","floor":20.0,"turns":4.0},{"damage":14.0,"enemies":"Colosseum Slavers","floor":27.0,"turns":4.0},{"damage":15.0,"enemies":"Colosseum Nobs","floor":27.0,"turns":4.0},{"damage":23.0,"enemies":"Centurion and Healer","floor":29.0,"turns":8.0},{"damage":13.0,"enemies":"3 Cultists","floor":31.0,"turns":4.0},{"damage":25.0,"enemies":"Automaton","floor":33.0,"turns":13.0},{"damage":6,"enemies":"Orb Walker","floor":35,"turns":4},{"damage":25,"enemies":"3 Shapes","floor":36,"turns":6},{"damage":0,"enemies":"Mind Bloom Boss Battle","floor":37,"turns":4},{"damage":16,"enemies":"Jaw Worm Horde","floor":41,"turns":4},{"damage":2,"enemies":"3 Darklings","floor":42,"turns":4},{"damage":0,"enemies":"Maw","floor":44,"turns":10},{"damage":39,"enemies":"Sphere and 2 Shapes","floor":45,"turns":6},{"damage":0,"enemies":"Writhing Mass","floor":46,"turns":4},{"damage":5,"enemies":"3 Darklings","floor":48,"turns":4},{"damage":27,"enemies":"Time Eater","floor":50,"turns":14}],"seed_played":"3147794280669276009","potions_obtained":[{"floor":3.0,"key":"Swift Potion"},{"floor":14.0,"key":"Strength Potion"},{"floor":16.0,"key":"Fire Potion"},{"floor":18.0,"key":"PowerPotion"},{"floor":27.0,"key":"SmokeBomb"},{"floor":31.0,"key":"Regen Potion"},{"floor":33.0,"key":"FearPotion"},{"floor":37,"key":"Regen Potion"},{"floor":44,"key":"Ancient Potion"},{"floor":46,"key":"PotionOfCapacity"},{"floor":48,"key":"Swift Potion"}],"is_trial":false,"path_per_floor":["M","$","M","?","T","R","E","R","T","R","M","?","?","M","R","B",null,"M","?","M","$","?","R","T","?","T","?","R","M","R","M","R","B",null,"M","M","?","?","?","R","M","M","T","M","M","M","R","M","R","B",null],"character_chosen":"DEFECT","items_purchased":["Defragment","Leap","Sweeping Beam"],"campfire_rested":1,"item_purchase_floors":[2,21,21],"current_hp_per_floor":[75,75,75,80,80,80,80,80,80,80,78,76,69,66,66,45,80,80,80,77,77,77,77,77,77,87,65,65,49,49,36,63,70,90,84,73,90,90,90,90,81,86,86,90,67,79,79,74,74,63],"gold":16,"neow_bonus":"THREE_ENEMY_KILL","is_daily":false,"chose_seed":false,"campfire_upgraded":10,"win_rate":0.0,"timestamp":1612810455,"path_taken":["M","$","M","?","?","R","E","R","T","R","M","?","?","M","R","BOSS","M","?","M","$","?","R","?","?","T","?","R","M","R","M","R","BOSS","M","M","?","?","?","R","M","M","T","?","M","M","R","M","R","BOSS"],"items_purchased_type":["Card","Card","Card"],"build_version":"2020-12-22","purchased_purges":1,"victory":true,"max_hp_per_floor":[75,75,75,80,80,80,80,80,80,80,80,80,80,80,80,80,80,80,80,80,80,80,80,80,80,90,90,90,90,90,90,90,90,90,90,90,90,90,90,90,90,90,90,90,90,90,90,90,90,90],"card_choices":[{"not_picked":["Turbo","Hologram"],"picked":"Cold Snap","floor":1.0},{"not_picked":["Conserve Battery","Barrage"],"picked":"Self Repair","floor":3.0},{"not_picked":["Conserve Battery","Defragment"],"picked":"Redo","floor":7.0},{"not_picked":["Ball Lightning","Hologram"],"picked":"Steam","floor":11.0},{"not_picked":["Blizzard","Cold Snap"],"picked":"Ball Lightning","floor":12.0},{"not_picked":["Compile Driver","Coolheaded"],"picked":"Beam Cell","floor":14.0},{"not_picked":["Electrodynamics","Hyperbeam"],"picked":"Echo Form","floor":16.0},{"not_picked":["Steam+1","Redo"],"picked":"Stack","floor":18.0},{"not_picked":["Skim+1","Self Repair"],"picked":"Conserve Battery","floor":20.0},{"not_picked":["Barrage","Steam"],"picked":"All For One","floor":27.0},{"not_picked":["Barrage","Conserve Battery"],"picked":"Auto Shields+1","floor":29.0},{"not_picked":["Leap","Rebound","Thunder Strike"],"picked":"SKIP","floor":29.0},{"not_picked":["Leap","Rebound"],"picked":"Thunder Strike","floor":29.0},{"not_picked":["Streamline","Tempest"],"picked":"Chill+1","floor":31.0},{"not_picked":["Beam Cell","Auto Shields","Sweeping Beam"],"picked":"SKIP","floor":31.0},{"not_picked":["Stack","Conserve Battery"],"picked":"Go for the Eyes+1","floor":32.0},{"not_picked":["Echo Form","Electrodynamics"],"picked":"Multi-Cast","floor":33.0},{"not_picked":["Leap","Cold Snap+1"],"picked":"Rebound+1","floor":35},{"not_picked":["Beam Cell","Undo"],"picked":"Redo+1","floor":35},{"not_picked":["Stack+1","Auto Shields+1"],"picked":"Blizzard+1","floor":36},{"not_picked":["Beam Cell","Compile Driver","Streamline+1"],"picked":"SKIP","floor":36},{"not_picked":["White Noise","Turbo","Sunder+1"],"picked":"SKIP","floor":41},{"not_picked":["Ball Lightning+1","Capacitor","Turbo+1"],"picked":"SKIP","floor":41},{"not_picked":["Hologram+1","Steam","Beam Cell+1"],"picked":"SKIP","floor":42},{"not_picked":["Conserve Battery","Fusion+1","Static Discharge+1"],"picked":"SKIP","floor":42},{"not_picked":["Gash","Leap","Streamline+1"],"picked":"SKIP","floor":44},{"not_picked":["Reboot","Stack+1","Auto Shields"],"picked":"SKIP","floor":44},{"not_picked":["Steam","Conserve Battery","BootSequence+1"],"picked":"SKIP","floor":45},{"not_picked":["Lockon+1","Stack+1","Ball Lightning"],"picked":"SKIP","floor":45},{"not_picked":["Skim","Streamline","Redo"],"picked":"SKIP","floor":46},{"not_picked":["Rip and Tear+1","Blizzard+1","Barrage+1"],"picked":"SKIP","floor":46},{"not_picked":["Gash","Beam Cell+1"],"picked":"Defragment+1","floor":48},{"not_picked":["Ball Lightning","Undo","FTL"],"picked":"SKIP","floor":48}],"player_experience":135550,"relics_obtained":[{"floor":5.0,"key":"Unceasing Top"},{"floor":7.0,"key":"Dream Catcher"},{"floor":9.0,"key":"Bronze Scales"},{"floor":12.0,"key":"Odd Mushroom"},{"floor":24.0,"key":"Pen Nib"},{"floor":26.0,"key":"Pear"},{"floor":27.0,"key":"Prayer Wheel"},{"floor":27.0,"key":"Pantograph"},{"floor":37,"key":"Incense Burner"},{"floor":43,"key":"Kunai"}],"event_choices":[{"damage_healed":0.0,"max_hp_gain":5.0,"max_hp_loss":0.0,"gold_gain":0.0,"event_name":"Big Fish","player_choice":"Donut","floor":4.0,"gold_loss":0.0,"damage_taken":0.0},{"damage_healed":0.0,"max_hp_gain":0.0,"max_hp_loss":0.0,"gold_gain":0.0,"event_name":"Mushrooms","player_choice":"Fought Mushrooms","floor":12.0,"gold_loss":0.0,"damage_taken":0.0},{"damage_healed":0.0,"max_hp_gain":0.0,"max_hp_loss":0.0,"gold_gain":0.0,"event_name":"Scrap Ooze","player_choice":"Success","floor":13.0,"gold_loss":0.0,"damage_taken":7.0,"relics_obtained":["MawBank"]},{"damage_healed":0.0,"max_hp_gain":0.0,"max_hp_loss":0.0,"gold_gain":0.0,"event_name":"Addict","player_choice":"Obtained Relic","floor":19.0,"gold_loss":85.0,"damage_taken":0.0,"relics_obtained":["Potion Belt"]},{"damage_healed":0.0,"max_hp_gain":0.0,"max_hp_loss":0.0,"gold_gain":0.0,"event_name":"The Library","player_choice":"Read","floor":22.0,"gold_loss":0.0,"damage_taken":0.0,"cards_obtained":["Glacier"]},{"damage_healed":0.0,"max_hp_gain":0.0,"max_hp_loss":0.0,"gold_gain":0.0,"event_name":"Ghosts","player_choice":"Ignored","floor":25.0,"gold_loss":0.0,"damage_taken":0.0},{"damage_healed":0.0,"max_hp_gain":0.0,"max_hp_loss":0.0,"gold_gain":0.0,"event_name":"Colosseum","player_choice":"Fight","floor":27.0,"gold_loss":0.0,"damage_taken":0.0},{"damage_healed":0.0,"max_hp_gain":0.0,"max_hp_loss":0.0,"gold_gain":0.0,"event_name":"Colosseum","player_choice":"Fought Nobs","floor":27.0,"gold_loss":0.0,"damage_taken":0.0},{"damage_healed":0,"gold_gain":0,"player_choice":"Fight","damage_taken":0,"max_hp_gain":0,"max_hp_loss":0,"event_name":"MindBloom","floor":37,"gold_loss":0},{"damage_healed":0,"gold_gain":0,"player_choice":"Memory 1","damage_taken":0,"max_hp_gain":0,"max_hp_loss":0,"event_name":"SensoryStone","floor":38,"gold_loss":0},{"damage_healed":0,"gold_gain":100,"player_choice":"Pray","damage_taken":0,"max_hp_gain":0,"max_hp_loss":0,"event_name":"Golden Shrine","floor":39,"gold_loss":0}],"is_beta":false,"boss_relics":[{"not_picked":["Runic Dome","Calling Bell"],"picked":"Ectoplasm"},{"not_picked":["SlaversCollar","Snecko Eye"],"picked":"Inserter"}],"items_purged_floors":[21],"is_endless":false,"potions_floor_spawned":[3,14,16,18,27,31,33,37,44,46,48],"ascension_level":0}}