{"host":"8is2j71l4wmybkoi","time":1612757964,"event":{"mods":["AchievementEnabler","BaseMod","Colored Map","Minty Spire (QoL Compilation)","Rare Cards Sparkle","StSLib","SuperFastMode"],"gold_per_floor":[114,125,136,136,150,150,165,194,242,242,269,344,344,26,26,104,104,124,142,142,157,157,157,157,157],"floor_reached":24,"language":"KOR","playtime":848,"items_purged":["Parasite"],"score":361,"play_id":"5ab52cb8-ce6b-4c79-a4f2-85f8d0a66675","local_time":"20210208131924","is_ascension_mode":true,"campfire_choices":[{"data":"Meditate","floor":6.0,"key":"SMITH"},{"floor":10,"key":"REST"},{"data":"TalkToTheHand","floor":15,"key":"SMITH"},{"floor":23,"key":"REST"}],"circlet_count":0,"master_deck":["AscendersBane","Strike_P","Strike_P","Strike_P","Defend_P","Defend_P","Defend_P","Eruption+1","Vigilance","FlurryOfBlows","Meditate+1","DeusExMachina","Prostrate","TalkToTheHand+1","BowlingBash","Vault","CrushJoints","Ragnarok","Necronomicurse"],"relics":["PureWater","Happy Flower","Potion Belt","InkBottle","Pantograph","SlaversCollar","Necronomicon"],"acts_visited":["Exordium","TheCity"],"potions_floor_usage":[7,11,19,21,24],"damage_taken":[{"damage":7.0,"enemies":"Jaw Worm","floor":1.0,"turns":4.0},{"damage":0.0,"enemies":"Cultist","floor":2.0,"turns":2.0},{"damage":2.0,"enemies":"2 Louse","floor":3.0,"turns":3.0},{"damage":10.0,"enemies":"Large Slime","floor":5.0,"turns":5.0},{"damage":1,"enemies":"3 Louse","floor":7,"turns":3},{"damage":20,"enemies":"Lagavulin","floor":8,"turns":6},{"damage":16,"enemies":"3 Sentries","floor":11,"turns":6},{"damage":2,"enemies":"Slime Boss","floor":16,"turns":8},{"damage":8,"enemies":"Chosen","floor":18,"turns":4},{"damage":14,"enemies":"2 Thieves","floor":19,"turns":5},{"damage":18,"enemies":"Centurion and Healer","floor":21,"turns":4},{"damage":20,"enemies":"Slavers","floor":24,"turns":2}],"seed_played":"2574265726601135319","potions_obtained":[{"floor":2.0,"key":"Ambrosia"},{"floor":5.0,"key":"Block Potion"},{"floor":7,"key":"Ambrosia"},{"floor":11,"key":"Ambrosia"},{"floor":16,"key":"CultistPotion"},{"floor":18,"key":"SteroidPotion"},{"floor":19,"key":"Dexterity Potion"}],"is_trial":false,"path_per_floor":["M","M","M","?","M","R","M","E","T","R","E","?","?","$","R","B",null,"M","M","?","M","?","R","E"],"character_chosen":"WATCHER","items_purchased":["Pantograph"],"campfire_rested":2,"item_purchase_floors":[14],"current_hp_per_floor":[54,54,52,52,42,42,41,21,21,41,25,14,31,31,31,54,62,54,40,40,22,1,20,0,0],"gold":157,"neow_bonus":"REMOVE_CARD","is_daily":false,"chose_seed":false,"campfire_upgraded":2,"win_rate":0.0,"timestamp":1612757964,"path_taken":["M","M","M","?","?","R","M","E","T","R","E","?","?","$","R","BOSS","M","M","?","M","?","R","E"],"items_purchased_type":["Relic"],"build_version":"2020-12-22","purchased_purges":1,"victory":false,"max_hp_per_floor":[68,68,68,68,68,68,68,68,68,68,68,68,68,65,65,65,65,65,65,65,65,65,65,65,65],"card_choices":[{"not_picked":["ClearTheMind","CrushJoints","WindmillStrike"],"picked":"SKIP","floor":1.0},{"not_picked":["EmptyMind","PathToVictory"],"picked":"FlurryOfBlows","floor":2.0},{"not_picked":["CrushJoints","EmptyFist"],"picked":"Meditate","floor":3.0},{"not_picked":["Consecrate","Crescendo"],"picked":"DeusExMachina","floor":5.0},{"not_picked":["WreathOfFlame","Evaluate"],"picked":"Prostrate","floor":7},{"not_picked":["LikeWater","FlurryOfBlows"],"picked":"TalkToTheHand","floor":8},{"not_picked":["Nirvana","WreathOfFlame"],"picked":"BowlingBash","floor":11},{"not_picked":["Wish","LessonLearned"],"picked":"Vault","floor":16},{"not_picked":["FlurryOfBlows","CutThroughFate","Protect"],"picked":"SKIP","floor":18},{"not_picked":["ThirdEye","Protect"],"picked":"CrushJoints","floor":19},{"not_picked":["WheelKick","EmptyBody"],"picked":"Ragnarok","floor":21}],"player_experience":1045725,"relics_obtained":[{"floor":8,"key":"Happy Flower"},{"floor":9,"key":"Potion Belt"},{"floor":11,"key":"InkBottle"},{"floor":22,"key":"Necronomicon"}],"event_choices":[{"damage_healed":0.0,"max_hp_gain":0.0,"max_hp_loss":0.0,"gold_gain":0.0,"event_name":"Accursed Blacksmith","player_choice":"Forge","floor":4.0,"gold_loss":0.0,"damage_taken":0.0,"cards_upgraded":["Eruption"]},{"damage_healed":0,"gold_gain":75,"player_choice":"Gather Gold","damage_taken":11,"max_hp_gain":0,"max_hp_loss":0,"event_name":"World of Goop","floor":12,"gold_loss":0},{"damage_healed":17,"gold_gain":0,"player_choice":"Healed and dodged fight","damage_taken":0,"max_hp_gain":0,"max_hp_loss":0,"event_name":"Mushrooms","floor":13,"gold_loss":0,"cards_obtained":["Parasite"]},{"cards_removed":["Strike_P"],"damage_healed":0,"gold_gain":0,"player_choice":"Elegance","damage_taken":0,"max_hp_gain":0,"max_hp_loss":0,"event_name":"Back to Basics","floor":20,"gold_loss":0},{"damage_healed":0,"gold_gain":0,"player_choice":"Obtained Book","damage_taken":21,"max_hp_gain":0,"max_hp_loss":0,"event_name":"Cursed Tome","floor":22,"gold_loss":0}],"is_beta":false,"boss_relics":[{"not_picked":["Philosopher\u0027s Stone","Busted Crown"],"picked":"SlaversCollar"}],"items_purged_floors":[14],"is_endless":false,"potions_floor_spawned":[2,5,7,11,16,18,19],"killed_by":"Slavers","ascension_level":15}}