{"host":"j0jjxssq479ixm8e","time":1612804179,"event":{"mods":["BaseMod","Better Note","Block Reminder","Minty Spire (QoL Compilation)","Rare Cards Sparkle","Relic Filter Mod","Reliquary","Replay The Spire","StSLib"],"gold_per_floor":[109,109,121,137,154,154,36,49,49,69,87,104,104,104,104,207,207,226,245,260,260,65,65,75,86,86,86,100,100,28,41,41,41,41],"floor_reached":33,"language":"ENG","playtime":2246,"items_purged":[],"score":245,"play_id":"9b4b6154-8bb7-4f90-a4e0-54ddd6b6b934","local_time":"20210208120939","is_ascension_mode":false,"campfire_choices":[{"data":"Genetic Algorithm","floor":6,"key":"SMITH"},{"floor":15,"key":"REST"},{"floor":23,"key":"REST"},{"floor":27,"key":"REST"},{"floor":29,"key":"REST"},{"data":"Electrodynamics","floor":32,"key":"SMITH"}],"circlet_count":0,"master_deck":["Strike_B","Strike_B","Strike_B","Strike_B","Defend_B","Defend_B+1","Defend_B","Defend_B","Forethought","Lockon","Decay","White Noise","Beam Cell","Genetic Algorithm+1","Scrape","Leap","Biased Cognition","BootSequence","Conserve Battery","Stack","Vigilance","Eruption","Electrodynamics+1","Sweeping Beam+1","Ball Lightning+1","Rip and Tear+1","Zap+1","Gash","Steam+1","Go for the Eyes","Defragment","Melter","Gash"],"relics":["Cracked Core","Replay:PocketPolymizer","Philosopher\u0027s Stone","reliquary:PorcupineQuills","ReplayTheSpireMod:Shallot"],"acts_visited":["Exordium","TheCity"],"potions_floor_usage":[16,16,16,20,24,25,31],"damage_taken":[{"damage":0,"enemies":"Small Slimes","floor":1,"turns":4},{"damage":0,"enemies":"Cultist","floor":3,"turns":3},{"damage":6,"enemies":"Jaw Worm","floor":4,"turns":3},{"damage":9,"enemies":"Blue Slaver","floor":5,"turns":3},{"damage":15,"enemies":"3 Louse","floor":8,"turns":4},{"damage":3,"enemies":"Exordium Wildlife","floor":10,"turns":4},{"damage":14,"enemies":"Exordium Thugs","floor":11,"turns":4},{"damage":11,"enemies":"2 Fungi Beasts","floor":12,"turns":3},{"damage":43,"enemies":"Fading Forest","floor":16,"turns":11},{"damage":7,"enemies":"Chosen","floor":18,"turns":5},{"damage":13,"enemies":"Spheric Guardian","floor":19,"turns":4},{"damage":28,"enemies":"Snecko","floor":20,"turns":5},{"damage":16,"enemies":"3 Cultists","floor":24,"turns":4},{"damage":15,"enemies":"Shelled Parasite and Fungi","floor":25,"turns":4},{"damage":4,"enemies":"Cultist and Chosen","floor":28,"turns":6},{"damage":0,"enemies":"Snake Plant","floor":31,"turns":4},{"damage":73,"enemies":"Automaton","floor":33,"turns":6}],"seed_played":"-2572636289098522233","potions_obtained":[{"floor":1,"key":"Dexterity Potion"},{"floor":8,"key":"SpeedPotion"},{"floor":12,"key":"Milkshake"},{"floor":16,"key":"Swift Potion"},{"floor":18,"key":"LiquidMemories"},{"floor":24,"key":"Block Potion"},{"floor":28,"key":"Adrenaline Potion"}],"is_trial":false,"path_per_floor":["M","?","M","M","M","R","$","M","T","M","M","M","?","?","R","B",null,"M","M","M","?","$","R","M","M","T","R","M","R","$","M","R","B"],"character_chosen":"DEFECT","items_purchased":["Scrape","Leap","reliquary:PorcupineQuills","Gash","Melter"],"campfire_rested":4,"item_purchase_floors":[7,7,22,22,30],"current_hp_per_floor":[75,75,75,69,60,60,60,45,45,42,28,17,17,17,39,6,75,68,55,27,27,27,49,33,18,18,40,36,58,58,58,58,0,0],"gold":41,"neow_bonus":"RANDOM_COLORLESS","is_daily":false,"chose_seed":false,"campfire_upgraded":2,"win_rate":0.0,"timestamp":1612804179,"path_taken":["M","?","?","?","M","R","$","M","T","M","M","M","?","?","R","BOSS","M","M","M","?","$","R","M","M","T","R","M","R","$","?","R","BOSS"],"items_purchased_type":["Card","Card","Relic","Card","Card"],"build_version":"2020-12-22","purchased_purges":0,"victory":false,"max_hp_per_floor":[75,75,75,75,75,75,75,75,75,75,75,75,75,75,75,75,75,75,75,75,75,75,75,75,75,75,75,75,75,75,75,75,75,75],"card_choices":[{"not_picked":["Impatience","Finesse"],"picked":"Forethought","floor":0},{"not_picked":["Go for the Eyes","Cold Snap"],"picked":"Lockon","floor":1},{"not_picked":["Beam Cell","Stack"],"picked":"White Noise","floor":3},{"not_picked":["Undo","Steam Power"],"picked":"Beam Cell","floor":4},{"not_picked":["Steam","Coolheaded"],"picked":"Genetic Algorithm","floor":5},{"not_picked":["Stack","Hologram"],"picked":"Biased Cognition","floor":8},{"not_picked":["BasicCrystalCard","Self Repair"],"picked":"BootSequence","floor":10},{"not_picked":["Barrage","Stack"],"picked":"Conserve Battery","floor":11},{"not_picked":["Barrage","ReplayTheSpireMod:Repulse"],"picked":"Stack","floor":12},{"not_picked":["Core Surge","Reboot"],"picked":"Electrodynamics","floor":16},{"not_picked":["Self Repair+1","Barrage"],"picked":"Sweeping Beam+1","floor":18},{"not_picked":["Reprogram","White Noise"],"picked":"Ball Lightning+1","floor":19},{"not_picked":["Rebound","Chaos"],"picked":"Rip and Tear+1","floor":20},{"not_picked":["Force Field","Coolheaded"],"picked":"Steam+1","floor":24},{"not_picked":["Rebound","ReplayTheSpireMod:System Scan"],"picked":"Go for the Eyes","floor":25},{"not_picked":["Loop","BasicCrystalCard"],"picked":"Defragment","floor":28},{"not_picked":["Compile Driver","Ball Lightning"],"picked":"Gash","floor":31}],"player_experience":256343,"relics_obtained":[{"floor":9,"key":"Replay:PocketPolymizer"},{"floor":26,"key":"ReplayTheSpireMod:Shallot"}],"event_choices":[{"damage_healed":0,"gold_gain":0,"player_choice":"Cursed","damage_taken":0,"max_hp_gain":0,"max_hp_loss":0,"event_name":"Wheel of Change","floor":2,"gold_loss":0,"cards_obtained":["Decay"]},{"cards_removed":["Electrodynamics"],"damage_healed":0,"gold_gain":0,"player_choice":"Take \u0026 Give","damage_taken":0,"max_hp_gain":0,"max_hp_loss":0,"event_name":"betterNote:BetterNote","floor":21,"gold_loss":0,"cards_obtained":["Zap"]}],"is_beta":false,"boss_relics":[{"not_picked":["Empty Cage","Velvet Choker"],"picked":"Philosopher\u0027s Stone"}],"items_purged_floors":[],"is_endless":false,"potions_floor_spawned":[1,8,12,16,18,24,28],"killed_by":"Automaton","ascension_level":0}}