{"host":"36t3qd3wjvajtu1z","time":1612764452,"event":{"mods":["2.2 Compatiblity","AchievementEnabler","BaseMod","Block Reminder","Colored Powertips","Minty Spire (QoL Compilation)","Permanent Neow","Quick Restart","Random Character Button","Rare Cards Sparkle","Relic Stats","Slay-I","StSLib"],"gold_per_floor":[363,383,383,43,58,58,87,87,110,121,121,155,172,197,197,274,274,244,256,273,273,291,291,291],"floor_reached":23,"language":"ENG","playtime":1482,"items_purged":["Strike_G"],"score":394,"play_id":"2675c80c-f284-4195-96cf-2d8a891467ec","local_time":"20210207220732","is_ascension_mode":true,"campfire_choices":[{"data":"Cloak And Dagger","floor":6.0,"key":"SMITH"},{"data":"Deadly Poison","floor":8,"key":"SMITH"},{"data":"Survivor","floor":11,"key":"SMITH"},{"data":"Envenom","floor":15,"key":"SMITH"}],"circlet_count":0,"master_deck":["AscendersBane","Strike_G","Strike_G","Strike_G","Strike_G","Defend_G","Defend_G","Defend_G","Defend_G","Defend_G","Survivor+1","Neutralize+1","Cloak And Dagger+1","Blade Dance","Well Laid Plans","Deadly Poison+1","Bouncing Flask","Envenom+1","Bullet Time","Dagger Spray","Escape Plan+1","Dagger Throw+1","Ghostly","Ghostly","Ghostly","Crippling Poison"],"relics":["Ring of the Snake","Medical Kit","Boot","Orichalcum","Tiny Chest","Ancient Tea Set","HoveringKite"],"acts_visited":["Exordium","TheCity"],"potions_floor_usage":[7,16,16,20,23,23],"damage_taken":[{"damage":0.0,"enemies":"2 Louse","floor":1.0,"turns":4.0},{"damage":8.0,"enemies":"Cultist","floor":2.0,"turns":4.0},{"damage":2.0,"enemies":"Small Slimes","floor":5.0,"turns":4.0},{"damage":14,"enemies":"Gremlin Nob","floor":7,"turns":4},{"damage":0,"enemies":"Exordium Thugs","floor":10,"turns":5},{"damage":4,"enemies":"3 Sentries","floor":12,"turns":8},{"damage":5,"enemies":"Large Slime","floor":13,"turns":6},{"damage":14,"enemies":"Lagavulin","floor":14,"turns":6},{"damage":8,"enemies":"The Guardian","floor":16,"turns":9},{"damage":20,"enemies":"2 Thieves","floor":18,"turns":4},{"damage":8,"enemies":"Chosen","floor":19,"turns":4},{"damage":13,"enemies":"Snake Plant","floor":20,"turns":5},{"damage":0,"enemies":"Centurion and Healer","floor":22,"turns":8},{"damage":6,"enemies":"Book of Stabbing","floor":23,"turns":5}],"seed_played":"6016766861958277178","potions_obtained":[{"floor":10,"key":"GhostInAJar"},{"floor":12,"key":"Energy Potion"},{"floor":16,"key":"Strength Potion"},{"floor":19,"key":"ColorlessPotion"},{"floor":22,"key":"Poison Potion"}],"is_trial":false,"path_per_floor":["M","M","?","$","M","R","E","R","T","M","R","E","M","E","R","B",null,"M","M","M","?","M","E"],"character_chosen":"THE_SILENT","items_purchased":["Well Laid Plans","Medical Kit","AttackPotion"],"campfire_rested":0,"item_purchase_floors":[4,4,4],"current_hp_per_floor":[59,51,51,51,49,49,35,35,35,35,35,31,26,12,12,4,46,26,18,5,5,5,0,0],"gold":291,"neow_bonus":"TWO_FIFTY_GOLD","is_daily":false,"chose_seed":false,"campfire_upgraded":4,"win_rate":0.0,"timestamp":1612764452,"path_taken":["M","M","?","$","M","R","E","R","T","M","R","E","M","E","R","BOSS","M","?","M","?","M","E"],"items_purchased_type":["Card","Relic","Potion"],"build_version":"2020-12-22","purchased_purges":1,"victory":false,"max_hp_per_floor":[60,60,60,60,60,60,60,60,60,60,60,60,60,60,60,60,60,60,60,60,30,30,30,30],"relic_stats":{"counters":[14,76],"HoveringKite":[7],"Tiny Chest":0,"Orichalcum":[120],"Medical Kit":[0],"Boot":[104],"obtain_stats":[{"HoveringKite":17,"Tiny Chest":12,"Orichalcum":9,"Medical Kit":4,"Boot":7,"Ancient Tea Set":14,"Ring of the Snake":0},{"HoveringKite":9,"Tiny Chest":6,"Orichalcum":4,"Medical Kit":2,"Boot":4,"Ancient Tea Set":8,"Ring of the Snake":0},{"HoveringKite":50,"Tiny Chest":29,"Orichalcum":16,"Medical Kit":8,"Boot":16,"Ancient Tea Set":41,"Ring of the Snake":0}],"Ring of the Snake":[28]},"card_choices":[{"not_picked":["Quick Slash","Setup"],"picked":"Cloak And Dagger","floor":1.0},{"not_picked":["Flying Knee","PiercingWail"],"picked":"Blade Dance","floor":2.0},{"not_picked":["Well Laid Plans","Bane","Dagger Spray"],"picked":"SKIP","floor":5.0},{"not_picked":["Calculated Gamble","Dagger Spray"],"picked":"Deadly Poison","floor":7},{"not_picked":["Blade Dance","Prepared","Tactician"],"picked":"SKIP","floor":10},{"not_picked":["Endless Agony","Heel Hook","Expertise"],"picked":"SKIP","floor":12},{"not_picked":["Outmaneuver","Dodge and Roll"],"picked":"Bouncing Flask","floor":13},{"not_picked":["Eviscerate","Prepared"],"picked":"Envenom","floor":14},{"not_picked":["Grand Finale","Tools of the Trade"],"picked":"Bullet Time","floor":16},{"not_picked":["PiercingWail","Sucker Punch"],"picked":"Dagger Spray","floor":18},{"not_picked":["Dash","All Out Attack+1"],"picked":"Escape Plan+1","floor":19},{"not_picked":["Caltrops","Doppelganger"],"picked":"Dagger Throw+1","floor":20},{"not_picked":["Deadly Poison","Sucker Punch"],"picked":"Crippling Poison","floor":22}],"player_experience":429780,"relics_obtained":[{"floor":7,"key":"Boot"},{"floor":9,"key":"Orichalcum"},{"floor":12,"key":"Tiny Chest"},{"floor":14,"key":"Ancient Tea Set"}],"event_choices":[{"damage_healed":0.0,"max_hp_gain":0.0,"max_hp_loss":0.0,"gold_gain":0.0,"event_name":"Upgrade Shrine","player_choice":"Upgraded","floor":3.0,"gold_loss":0.0,"damage_taken":0.0,"cards_upgraded":["Neutralize"]},{"damage_healed":0,"gold_gain":0,"player_choice":"Became a Ghost","damage_taken":0,"max_hp_gain":0,"max_hp_loss":30,"event_name":"Ghosts","floor":21,"gold_loss":0,"cards_obtained":["Ghostly","Ghostly","Ghostly"]}],"is_beta":false,"boss_relics":[{"not_picked":["SlaversCollar","Coffee Dripper"],"picked":"HoveringKite"}],"items_purged_floors":[4],"is_endless":false,"potions_floor_spawned":[10,12,13,16,19,22],"killed_by":"Book of Stabbing","ascension_level":17}}