{"host":"vumwfieg2b2mnrfl","time":1612821122,"event":{"mods":["AchievementEnabler","BaseMod","Minty Spire (QoL Compilation)","Rare Cards Sparkle","Relic Stats"],"gold_per_floor":[109,124,124,136,147,147,181,181,181,206,267,71,87,87,87,164,164,179,194,103,103,103],"floor_reached":21,"language":"ENG","playtime":798,"items_purged":["Strike_G","Decay"],"score":428,"play_id":"ff1db818-5f3d-4ffe-aa9b-49c0f1dc72c8","local_time":"20210208155202","is_ascension_mode":true,"campfire_choices":[{"floor":6,"key":"REST"},{"floor":8,"key":"REST"},{"data":"Bouncing Flask","floor":15,"key":"SMITH"}],"circlet_count":0,"master_deck":["AscendersBane","Strike_G","Strike_G","Strike_G","Strike_G","Defend_G","Defend_G","Defend_G","Defend_G","Defend_G","Survivor","Neutralize","Die Die Die","Terror","Prepared","Blade Dance","Bouncing Flask+1","Tactician","Heel Hook","Backflip","Storm of Steel","Tactician","Footwork"],"relics":["Ring of the Snake","FossilizedHelix","Paper Crane","Pear","Snake Skull","Membership Card","Black Star"],"acts_visited":["Exordium","TheCity"],"potions_floor_usage":[7,7,16,17,19],"damage_taken":[{"damage":1,"enemies":"Small Slimes","floor":1,"turns":4},{"damage":0,"enemies":"2 Louse","floor":2,"turns":2},{"damage":0,"enemies":"Cultist","floor":4,"turns":3},{"damage":27,"enemies":"Gremlin Gang","floor":5,"turns":5},{"damage":15,"enemies":"3 Sentries","floor":7,"turns":5},{"damage":0,"enemies":"Gremlin Nob","floor":10,"turns":3},{"damage":0,"enemies":"Gremlin Nob","floor":11,"turns":3},{"damage":0,"enemies":"2 Fungi Beasts","floor":13,"turns":2},{"damage":38,"enemies":"The Guardian","floor":16,"turns":8},{"damage":16,"enemies":"Shell Parasite","floor":18,"turns":7},{"damage":11,"enemies":"2 Thieves","floor":19,"turns":5},{"damage":38,"enemies":"Centurion and Healer","floor":21,"turns":10}],"seed_played":"827539214316624241","potions_obtained":[{"floor":1,"key":"Explosive Potion"},{"floor":5,"key":"AttackPotion"},{"floor":7,"key":"Poison Potion"},{"floor":13,"key":"BlessingOfTheForge"},{"floor":16,"key":"Fruit Juice"}],"is_trial":false,"path_per_floor":["M","M","$","M","M","R","E","R","T","E","?","$","M","?","R","B",null,"M","M","$","M"],"character_chosen":"THE_SILENT","items_purchased":["Membership Card","Footwork"],"campfire_rested":2,"item_purchase_floors":[12,20],"current_hp_per_floor":[43,43,43,43,16,35,20,39,39,49,49,49,49,49,49,11,65,49,38,38,0,0],"gold":103,"neow_bonus":"THREE_RARE_CARDS","is_daily":false,"chose_seed":false,"campfire_upgraded":1,"win_rate":0.0,"timestamp":1612821122,"path_taken":["M","M","$","M","M","R","E","R","T","E","?","$","M","?","R","BOSS","M","M","$","M"],"items_purchased_type":["Relic","Card"],"build_version":"2020-12-22","purchased_purges":2,"victory":false,"max_hp_per_floor":[66,66,66,66,66,66,66,66,66,76,76,76,76,76,76,76,81,81,81,81,81,81],"relic_stats":{"counters":[12,57],"Snake Skull":[21],"Black Star":0,"obtain_stats":[{"Pear":10,"Snake Skull":11,"Black Star":17,"Membership Card":12,"Paper Crane":9,"FossilizedHelix":7,"Ring of the Snake":0},{"Pear":6,"Snake Skull":7,"Black Star":9,"Membership Card":7,"Paper Crane":5,"FossilizedHelix":5,"Ring of the Snake":0},{"Pear":22,"Snake Skull":25,"Black Star":35,"Membership Card":25,"Paper Crane":19,"FossilizedHelix":19,"Ring of the Snake":0}],"Ring of the Snake":[24]},"card_choices":[{"not_picked":["Envenom","A Thousand Cuts"],"picked":"Die Die Die","floor":0},{"not_picked":["Backstab","PiercingWail"],"picked":"Terror","floor":1},{"not_picked":["Underhanded Strike","Quick Slash"],"picked":"Prepared","floor":2},{"not_picked":["Slice","Infinite Blades"],"picked":"Blade Dance","floor":4},{"not_picked":["Choke","Bane"],"picked":"Bouncing Flask","floor":5},{"not_picked":["Underhanded Strike","Prepared"],"picked":"Tactician","floor":7},{"not_picked":["Glass Knife","Dagger Spray"],"picked":"Heel Hook","floor":10},{"not_picked":["Sucker Punch","Flying Knee"],"picked":"Backflip","floor":11},{"not_picked":["Prepared","Concentrate","Quick Slash"],"picked":"SKIP","floor":13},{"not_picked":["Die Die Die","Grand Finale"],"picked":"Storm of Steel","floor":16},{"not_picked":["Acrobatics","Dodge and Roll"],"picked":"Tactician","floor":18},{"not_picked":["Blur","Deflect","Prepared"],"picked":"SKIP","floor":19}],"player_experience":537948,"relics_obtained":[{"floor":7,"key":"FossilizedHelix"},{"floor":9,"key":"Paper Crane"},{"floor":10,"key":"Pear"},{"floor":11,"key":"Snake Skull"}],"event_choices":[{"damage_healed":0,"gold_gain":0,"player_choice":"Searched \u00272\u0027 times","damage_taken":0,"max_hp_gain":0,"max_hp_loss":0,"event_name":"Dead Adventurer","floor":11,"gold_loss":0},{"damage_healed":0,"gold_gain":0,"player_choice":"Cursed","damage_taken":0,"max_hp_gain":0,"max_hp_loss":0,"event_name":"Wheel of Change","floor":14,"gold_loss":0,"cards_obtained":["Decay"]}],"is_beta":false,"boss_relics":[{"not_picked":["Empty Cage","Fusion Hammer"],"picked":"Black Star"}],"items_purged_floors":[12,20],"is_endless":false,"potions_floor_spawned":[1,5,7,13,16],"killed_by":"Centurion and Healer","ascension_level":20}}