{"host":"8is2j71l4wmybkoi","time":1612789965,"event":{"mods":["AchievementEnabler","BaseMod","Colored Map","Minty Spire (QoL Compilation)","Rare Cards Sparkle","StSLib","SuperFastMode"],"gold_per_floor":[114,39,52,52,52,52,81,81,81,110,133,178,209,236,248,336,348,373,395,422,449,230,230,261,261,288,178,213,113,138,153,153,153,153],"floor_reached":33,"language":"KOR","playtime":1521,"items_purged":["Defend_R","Defend_R"],"score":555,"play_id":"a94248d0-44cb-4cd7-be88-314dc78f72a2","local_time":"20210208221245","is_ascension_mode":true,"campfire_choices":[{"data":"Bash","floor":6.0,"key":"SMITH"},{"data":"Power Through","floor":8,"key":"SMITH"},{"data":"Body Slam","floor":15,"key":"SMITH"},{"data":"Armaments","floor":23,"key":"SMITH"},{"data":"Second Wind","floor":25,"key":"SMITH"},{"data":"Shrug It Off","floor":32,"key":"SMITH"}],"circlet_count":0,"master_deck":["AscendersBane","Defend_R","Bash+1","Thunderclap+1","Power Through+1","Armaments+1","Body Slam+1","Fire Breathing+1","Disarm","Second Wind+1","Impervious","Pommel Strike+1","Exhume","Shrug It Off+1"],"relics":["Burning Blood","Bottled Flame","MawBank","Blue Candle","Empty Cage","Bag of Preparation","Magic Flower","Self Forming Clay","The Courier"],"acts_visited":["Exordium","TheCity"],"potions_floor_usage":[7,12,19,20,21,33],"damage_taken":[{"damage":2.0,"enemies":"2 Louse","floor":1.0,"turns":4.0},{"damage":18.0,"enemies":"Jaw Worm","floor":3.0,"turns":4.0},{"damage":28,"enemies":"3 Sentries","floor":7,"turns":7},{"damage":0,"enemies":"Cultist","floor":10,"turns":3},{"damage":1,"enemies":"Exordium Wildlife","floor":11,"turns":4},{"damage":17,"enemies":"Lagavulin","floor":12,"turns":7},{"damage":10,"enemies":"Gremlin Gang","floor":13,"turns":4},{"damage":4,"enemies":"Looter","floor":14,"turns":4},{"damage":16,"enemies":"The Guardian","floor":16,"turns":12},{"damage":0,"enemies":"Shell Parasite","floor":18,"turns":5},{"damage":6,"enemies":"Spheric Guardian","floor":19,"turns":5},{"damage":9,"enemies":"Centurion and Healer","floor":20,"turns":10},{"damage":1,"enemies":"Snecko","floor":21,"turns":6},{"damage":8,"enemies":"Slavers","floor":24,"turns":6},{"damage":17,"enemies":"Book of Stabbing","floor":28,"turns":7},{"damage":20,"enemies":"Gremlin Leader","floor":30,"turns":8},{"damage":0,"enemies":"3 Cultists","floor":31,"turns":4},{"damage":90,"enemies":"Automaton","floor":33,"turns":12}],"seed_played":"-7699305845997789853","potions_obtained":[{"floor":1.0,"key":"Dexterity Potion"},{"floor":3.0,"key":"EssenceOfSteel"},{"floor":12,"key":"SteroidPotion"},{"floor":14,"key":"Dexterity Potion"},{"floor":19,"key":"Weak Potion"},{"floor":20,"key":"Regen Potion"},{"floor":24,"key":"BloodPotion"}],"is_trial":false,"path_per_floor":["M","?","M","?","?","R","E","R","T","M","M","E","M","M","R","B",null,"M","M","M","M","$","R","E","R","T","?","E","$","E","M","R","B"],"character_chosen":"IRONCLAD","items_purchased":["Bag of Preparation"],"campfire_rested":0,"item_purchase_floors":[22],"current_hp_per_floor":[72,72,60,53,53,53,31,31,31,37,42,31,27,29,29,19,61,67,67,64,75,75,75,73,73,73,73,65,65,54,63,63,0,0],"gold":153,"neow_bonus":"REMOVE_CARD","is_daily":false,"chose_seed":false,"campfire_upgraded":6,"win_rate":0.0,"timestamp":1612789965,"path_taken":["M","?","M","?","?","R","E","R","T","M","M","E","?","M","R","BOSS","M","M","M","M","$","R","E","R","T","?","E","$","E","M","R","BOSS"],"items_purchased_type":["Relic"],"build_version":"2020-12-22","purchased_purges":2,"victory":false,"max_hp_per_floor":[75,75,75,75,75,75,75,75,75,75,75,75,75,75,75,75,75,75,75,75,75,75,75,75,75,75,75,75,75,75,75,75,75,75],"card_choices":[{"not_picked":["Body Slam","Perfected Strike"],"picked":"Thunderclap","floor":1.0},{"not_picked":["Body Slam","Rupture","Armaments"],"picked":"SKIP","floor":3.0},{"not_picked":["Body Slam","Rupture","Armaments"],"picked":"SKIP","floor":3.0},{"not_picked":["Exhume","Clash"],"picked":"Power Through","floor":7},{"not_picked":["Havoc","Thunderclap"],"picked":"Armaments","floor":10},{"not_picked":["Ghostly Armor","Anger"],"picked":"Body Slam","floor":11},{"not_picked":["Shrug It Off","Ghostly Armor"],"picked":"Fire Breathing","floor":12},{"not_picked":["Dark Embrace","Armaments"],"picked":"Disarm","floor":13},{"not_picked":["True Grit","Cleave"],"picked":"Second Wind","floor":14},{"not_picked":["Fiend Fire","Limit Break"],"picked":"Impervious","floor":16},{"not_picked":["Searing Blow","True Grit","Sword Boomerang"],"picked":"SKIP","floor":18},{"not_picked":["Perfected Strike","Iron Wave","Pummel"],"picked":"SKIP","floor":19},{"not_picked":["Iron Wave","True Grit","Clash"],"picked":"SKIP","floor":20},{"not_picked":["Searing Blow","True Grit"],"picked":"Pommel Strike+1","floor":21},{"not_picked":["Whirlwind","Searing Blow"],"picked":"Exhume","floor":24},{"not_picked":["Cleave","Clothesline","Blood for Blood"],"picked":"SKIP","floor":28},{"not_picked":["Sword Boomerang","Fiend Fire"],"picked":"Shrug It Off","floor":30},{"not_picked":["Heavy Blade","Perfected Strike","Twin Strike"],"picked":"SKIP","floor":31}],"player_experience":1074052,"relics_obtained":[{"floor":7,"key":"Bottled Flame"},{"floor":9,"key":"MawBank"},{"floor":12,"key":"Blue Candle"},{"floor":24,"key":"Magic Flower"},{"floor":28,"key":"Self Forming Clay"},{"floor":30,"key":"The Courier"}],"event_choices":[{"cards_removed":["Strike_R"],"damage_healed":0.0,"max_hp_gain":0.0,"max_hp_loss":0.0,"gold_gain":0.0,"event_name":"The Cleric","player_choice":"Card Removal","floor":2.0,"gold_loss":75.0,"damage_taken":0.0},{"cards_removed":["Strike_R"],"damage_healed":0.0,"max_hp_gain":0.0,"max_hp_loss":0.0,"gold_gain":0.0,"event_name":"Golden Wing","player_choice":"Card Removal","floor":4.0,"gold_loss":0.0,"damage_taken":7.0},{"damage_healed":0.0,"max_hp_gain":0.0,"max_hp_loss":0.0,"gold_gain":0.0,"event_name":"Upgrade Shrine","player_choice":"Upgraded","floor":5.0,"gold_loss":0.0,"damage_taken":0.0,"cards_upgraded":["Thunderclap"]},{"cards_removed":["Defend_R"],"damage_healed":0,"gold_gain":0,"player_choice":"Upgrade and Remove","damage_taken":0,"max_hp_gain":0,"max_hp_loss":0,"event_name":"Designer","floor":27,"gold_loss":110,"cards_upgraded":["Fire Breathing"]}],"is_beta":false,"boss_relics":[{"not_picked":["SacredBark","Black Blood"],"picked":"Empty Cage"}],"items_purged_floors":[22,29],"is_endless":false,"potions_floor_spawned":[1,3,12,14,19,20,24],"killed_by":"Automaton","ascension_level":15}}