{"host":"17xjy7b7ubl548g2","time":1612766805,"event":{"mods":["2.2 Compatiblity","Act Like it!","Aspiration","Astrologer","Bard","BaseMod","Challenge The Spire","ChefMod","Colored Map","Colored Powertips","Conspire","Elementarium","Energized Spire","Gensokyo","GifTheSpireLib","Halation","Hallownest","Hermit","Hubris","Infinite Spire","Jedi Mod","Jorbs\u0027s Wanderer Trilogy","Marisa（霧雨　魔理沙）","Marked Mod","Menagerie","Minty Spire (QoL Compilation)","Permanent Neow","Reliquary","Replay The Spire","Robot Space Explorer","Spicy Shops","Spire Arcade","StSLib","Stuff the Spire","The Blue Laboratory","The Bug Knight","The Construct","The Disciple","The Hayseed","The Hierophant","The Marked","The Runesmith","The Sage","TheFirefly"],"gold_per_floor":[113,128,49,49,78,78,98,98,98,98,112,140,158,192,192,293,293,311,18,18,33,53,53,85,85,85,105,105,119,175,205,205,205,205],"floor_reached":33,"language":"ENG","playtime":3635,"items_purged":[],"score":426,"play_id":"60942f67-03a7-4050-8738-981fc7da9499","local_time":"20210208014645","is_ascension_mode":true,"campfire_choices":[{"data":"SprinkleStarSeal","floor":6.0,"key":"SMITH"},{"data":"MasterSpark","floor":8.0,"key":"SMITH"},{"data":"StarBarrage","floor":10.0,"key":"SMITH"},{"data":"UpSweep","floor":15.0,"key":"SMITH"},{"data":"OrrerysSun","floor":23.0,"key":"SMITH"},{"floor":25.0,"key":"REST"},{"data":"Sucker Punch","floor":28.0,"key":"SMITH"},{"data":"6A","floor":32.0,"key":"SMITH"}],"circlet_count":0,"master_deck":["AscendersBane","Strike_MRS","Defend_MRS","Defend_MRS","Defend_MRS","Defend_MRS","MasterSpark+1","UpSweep+1","6A+1","FairyDestructionRay","StarBarrage+1","SporeBomb","OrrerysSun+1","SprinkleStarSeal+1","NonDirectionalLaser","MagicAbsorber","WitchLeyline","AsteroidBelt","AlicesGift","TreasureHunter+1","ShootingEcho","hubris:Counter","Unload+1","Sucker Punch+1","GalacticHalo+1","WitchOfGreed","MysteriousBeam+1","SuperNova+1"],"relics":["MiniHakkero","Incense Burner","Golden Egg","reliquary:PrincelyHelmet","Ancient Tea Set","HandmadeGrimoire","jedi:paperlyon","Bird Faced Urn","aspiration:HiddenCompartment","halation:AfternoonTea","StuffTheSpire:ForceGauntlet","halation:PromiseList","infinitespire:Lucky Rock"],"acts_visited":["Exordium","Gensokyo:Gensokyo"],"potions_floor_usage":[33,33],"damage_taken":[{"damage":9.0,"enemies":"Gensokyo:Gryphon","floor":1.0,"turns":4.0},{"damage":0.0,"enemies":"Gensokyo:Python","floor":2.0,"turns":3.0},{"damage":5.0,"enemies":"Gensokyo:Mamizou","floor":5.0,"turns":6.0},{"damage":0.0,"enemies":"Gensokyo:3_Fairies","floor":7.0,"turns":3.0},{"damage":0.0,"enemies":"Gensokyo:LivingMonolith","floor":11.0,"turns":2.0},{"damage":10.0,"enemies":"Gensokyo:Mamizou","floor":12.0,"turns":6.0},{"damage":10.0,"enemies":"Gensokyo:Gryphon_and_Rabbit","floor":13.0,"turns":4.0},{"damage":6.0,"enemies":"Gensokyo:Cirno","floor":14.0,"turns":5.0},{"damage":18.0,"enemies":"Gensokyo:Yukari","floor":16.0,"turns":10.0},{"damage":0.0,"enemies":"Gensokyo:AngelMirror","floor":18.0,"turns":2.0},{"damage":0.0,"enemies":"Gensokyo:Chomper","floor":21.0,"turns":3.0},{"damage":26.0,"enemies":"Gensokyo:Slime_Group","floor":22.0,"turns":4.0},{"damage":22.0,"enemies":"Gensokyo:Koishi","floor":24.0,"turns":6.0},{"damage":4.0,"enemies":"Gensokyo:Wraith","floor":27.0,"turns":4.0},{"damage":7.0,"enemies":"Gensokyo:Swordslinger","floor":29.0,"turns":2.0},{"damage":11.0,"enemies":"Gensokyo:Reisen","floor":30.0,"turns":11.0},{"damage":0.0,"enemies":"Gensokyo:3_Gloops","floor":31.0,"turns":4.0},{"damage":0,"enemies":"Gensokyo:Eternal_Rivals","floor":33,"turns":3}],"seed_played":"461650070785694577","potions_obtained":[{"floor":2.0,"key":"SneckoOil"},{"floor":5.0,"key":"Adrenaline Potion"},{"floor":11.0,"key":"Energy Potion"},{"floor":16.0,"key":"blueLaboratory:RememoryPotion"},{"floor":18.0,"key":"jedi:tentaclejuice"},{"floor":22.0,"key":"LiquidBronze"},{"floor":30.0,"key":"blueLaboratory:PyrophylliteBrew"},{"floor":30.0,"key":"blueLaboratory:BottledHope"},{"floor":30.0,"key":"Energy Potion"}],"is_trial":false,"path_per_floor":["M","M","$","?","?","R","M","R","T","R","M","E","M","E","R","B",null,"M","$","?","M","M","R","E","R","T","M","R","M","E","M","R","B"],"character_chosen":"MARISA","items_purchased":["StarBarrage","Bird Faced Urn"],"campfire_rested":1,"item_purchase_floors":[3,19],"current_hp_per_floor":[59,59,59,59,54,54,54,54,54,54,54,44,34,28,28,10,54,54,54,54,56,32,32,12,32,32,40,40,35,30,36,36,38,38],"gold":205,"neow_bonus":"ONE_RARE_RELIC","is_daily":false,"chose_seed":false,"campfire_upgraded":7,"win_rate":0.0,"timestamp":1612766805,"path_taken":["M","M","$","?","?","R","M","R","T","R","M","E","?","E","R","BOSS","M","$","?","M","?","R","E","R","T","M","R","M","E","M","R","BOSS"],"items_purchased_type":["Card","Relic"],"build_version":"2020-12-22","purchased_purges":0,"victory":false,"max_hp_per_floor":[68,68,68,68,68,68,68,68,68,68,68,68,68,68,68,68,68,68,68,68,68,68,68,68,68,68,68,68,68,68,68,68,68,68],"card_choices":[{"not_picked":["NonDirectionalLaser","EnergyRecoil"],"picked":"6A","floor":1.0},{"not_picked":["MilkyWay","GrandCross"],"picked":"FairyDestructionRay","floor":2.0},{"not_picked":["ChargeUpSpray","GrandCross"],"picked":"SporeBomb","floor":4.0},{"not_picked":["WitchOfGreed","ShootTheMoon"],"picked":"OrrerysSun","floor":4.0},{"not_picked":["SporeBomb","PropBag"],"picked":"SprinkleStarSeal","floor":5.0},{"not_picked":["PowerUp","GrandCross"],"picked":"NonDirectionalLaser","floor":7.0},{"not_picked":["AsteroidBelt","UnstableBomb"],"picked":"MagicAbsorber","floor":11.0},{"not_picked":["UnstableBomb","BlazingStar"],"picked":"WitchLeyline","floor":12.0},{"not_picked":["MysteriousBeam","NonDirectionalLaser"],"picked":"AsteroidBelt","floor":13.0},{"not_picked":["OneTimeOff","DeepEcoloBomb"],"picked":"AlicesGift","floor":14.0},{"not_picked":["SatelliteIllusion","SuperNova"],"picked":"TreasureHunter","floor":16.0},{"not_picked":["GrandCross","ShootingEcho","MysteriousBeam"],"picked":"SKIP","floor":18.0},{"not_picked":["GrandCross","MysteriousBeam"],"picked":"ShootingEcho","floor":18.0},{"not_picked":["GrandCross","Acceleration","WitchLeyline"],"picked":"SKIP","floor":21.0},{"not_picked":["MilkyWay","OrrerysSun+1"],"picked":"GalacticHalo+1","floor":22.0},{"not_picked":["LuminesStrike","UnstableBomb","WitchLeyline"],"picked":"SKIP","floor":24.0},{"not_picked":["Occultation","GalacticHalo"],"picked":"WitchOfGreed","floor":27.0},{"not_picked":["BlazingStar","UnstableBomb+1"],"picked":"MysteriousBeam+1","floor":29.0},{"not_picked":["GalacticHalo","ShootingEcho+1"],"picked":"SuperNova","floor":30.0},{"not_picked":["SprinkleStarSeal","RefractionSpark","Acceleration"],"picked":"SKIP","floor":31.0}],"player_experience":2095584,"relics_obtained":[{"floor":5.0,"key":"Golden Egg"},{"floor":9.0,"key":"reliquary:PrincelyHelmet"},{"floor":12.0,"key":"Ancient Tea Set"},{"floor":14.0,"key":"HandmadeGrimoire"},{"floor":24.0,"key":"aspiration:HiddenCompartment"},{"floor":24.0,"key":"halation:AfternoonTea"},{"floor":26.0,"key":"StuffTheSpire:ForceGauntlet"},{"floor":30.0,"key":"halation:PromiseList"},{"floor":30.0,"key":"infinitespire:Lucky Rock"}],"event_choices":[],"is_beta":false,"boss_relics":[{"not_picked":["hubris:BlackHole","Snecko Heart"],"picked":"jedi:paperlyon"}],"items_purged_floors":[],"is_endless":false,"potions_floor_spawned":[2,5,11,16,18,22,30],"killed_by":"Gensokyo:Eternal_Rivals","ascension_level":10}}