{"host":"49pjgf1q9ev52n8z","time":1612817040,"event":{"mods":["BaseMod","Bestiary","Colored Map","Keyboard Shortcuts","Minty Spire (QoL Compilation)","Practice Mode","Relic Stats","StSLib"],"gold_per_floor":[118,133,147,24,42,67,67,101,101,129,140,140,140,199,199,299,299,348,273,291,301,216,242,242,292,292,33,44,44,44,60,60,157,157,228,247,247,297,297,297,324,324,324,341,30,30,30],"floor_reached":46,"language":"ENG","playtime":7302,"items_purged":["Doubt"],"score":628,"play_id":"9da989fe-7aa3-4ee7-882e-51ec7704b0aa","local_time":"20210208124400","is_ascension_mode":true,"campfire_choices":[{"data":"Wish","floor":7.0,"key":"SMITH"},{"floor":13.0,"key":"REST"},{"floor":15.0,"key":"REST"},{"floor":24.0,"key":"REST"},{"floor":30.0,"key":"REST"},{"floor":32.0,"key":"REST"},{"floor":40,"key":"REST"},{"floor":42,"key":"REST"}],"circlet_count":0,"master_deck":["Strike_P+1","Strike_P+1","Defend_P+1","Defend_P+1","Defend_P+1","Defend_P+1","Eruption+1","Vigilance","Judgement+1","EmptyFist","MentalFortress","FollowUp+1","EmptyBody+1","Scrawl","SashWhip","TalkToTheHand","LessonLearned","Adaptation","ClearTheMind+1","BowlingBash+1","Wireheading+1","Wireheading+1","Omniscience","Crescendo+1","Wallop+1","Tantrum+1","Devotion+1"],"relics":["HolyWater","The Courier","Orichalcum","Darkstone Periapt","StoneCalendar","Strawberry","Frozen Egg 2","Blood Vial","WingedGreaves","TeardropLocket","Velvet Choker","Ginger","Bottled Tornado","Pen Nib","Kunai"],"acts_visited":["Exordium","TheCity","TheBeyond"],"potions_floor_usage":[36],"damage_taken":[{"damage":2.0,"enemies":"Jaw Worm","floor":1.0,"turns":3.0},{"damage":3.0,"enemies":"Small Slimes","floor":2.0,"turns":3.0},{"damage":2.0,"enemies":"2 Louse","floor":3.0,"turns":2.0},{"damage":4.0,"enemies":"Looter","floor":5.0,"turns":3.0},{"damage":0.0,"enemies":"Lagavulin","floor":6.0,"turns":4.0},{"damage":0.0,"enemies":"Gremlin Nob","floor":8.0,"turns":2.0},{"damage":27.0,"enemies":"Lagavulin","floor":10.0,"turns":6.0},{"damage":4.0,"enemies":"Red Slaver","floor":11.0,"turns":4.0},{"damage":8.0,"enemies":"3 Sentries","floor":14.0,"turns":7.0},{"damage":27.0,"enemies":"Slime Boss","floor":16.0,"turns":7.0},{"damage":21.0,"enemies":"Chosen","floor":18.0,"turns":8.0},{"damage":6.0,"enemies":"3 Byrds","floor":20.0,"turns":6.0},{"damage":15.0,"enemies":"Snake Plant","floor":21.0,"turns":6.0},{"damage":32.0,"enemies":"Book of Stabbing","floor":23.0,"turns":7.0},{"damage":49.0,"enemies":"Snecko","floor":28.0,"turns":7.0},{"damage":6.0,"enemies":"Centurion and Healer","floor":31.0,"turns":7.0},{"damage":64.0,"enemies":"Collector","floor":33.0,"turns":11.0},{"damage":12.0,"enemies":"3 Shapes","floor":35.0,"turns":5.0},{"damage":9,"enemies":"Orb Walker","floor":36,"turns":3},{"damage":25,"enemies":"Mind Bloom Boss Battle","floor":38,"turns":5},{"damage":54,"enemies":"Reptomancer","floor":41,"turns":7},{"damage":22,"enemies":"3 Darklings","floor":44,"turns":5},{"damage":17,"enemies":"Jaw Worm Horde","floor":46,"turns":2}],"seed_played":"-5779186353859574936","potions_obtained":[{"floor":1.0,"key":"FairyPotion"},{"floor":6.0,"key":"AttackPotion"},{"floor":10.0,"key":"DistilledChaos"},{"floor":16.0,"key":"SteroidPotion"},{"floor":18.0,"key":"SkillPotion"},{"floor":20.0,"key":"Dexterity Potion"},{"floor":28.0,"key":"GamblersBrew"},{"floor":31.0,"key":"GamblersBrew"},{"floor":35.0,"key":"FearPotion"},{"floor":44,"key":"LiquidBronze"}],"is_trial":false,"path_per_floor":["M","M","M","$","M","E","R","E","T","E","M","?","R","E","R","B",null,"M","?","M","M","?","E","R","?","T","$","M","?","R","M","R","B",null,"M","M","?","?","?","R","E","R","T","M","$","M"],"character_chosen":"WATCHER","items_purchased":["Fire Potion","Wireheading+1","TeardropLocket","Devotion+1","Kunai"],"campfire_rested":7,"item_purchase_floors":[4,27,27,45,45],"current_hp_per_floor":[70,67,65,65,61,61,61,61,61,34,30,23,44,43,66,39,79,58,58,52,37,37,5,28,28,28,28,23,23,46,42,65,3,79,67,60,60,37,37,60,8,31,31,11,11,0,0],"gold":30,"neow_bonus":"THREE_RARE_CARDS","is_daily":false,"chose_seed":false,"campfire_upgraded":1,"win_rate":0.0,"timestamp":1612817040,"path_taken":["M","M","M","$","M","E","R","E","T","E","M","?","R","E","R","BOSS","M","?","M","M","?","E","R","?","T","$","?","?","R","M","R","BOSS","BOSS","M","M","?","?","?","R","E","R","T","M","$","M"],"items_purchased_type":["Potion","Card","Relic","Card","Relic"],"build_version":"2020-12-22","purchased_purges":1,"victory":false,"max_hp_per_floor":[72,72,72,72,72,72,72,72,72,72,72,72,72,79,79,79,79,79,79,79,79,79,79,79,79,79,79,79,79,79,79,79,79,79,79,79,79,79,79,79,79,79,79,79,79,79,79],"relic_stats":{"Darkstone Periapt":0,"Blood Vial":16,"counters":[23,120],"StoneCalendar":[328],"Pen Nib":[1],"Ginger":[2],"Kunai":[0],"Orichalcum":[138],"obtain_stats":[{"Darkstone Periapt":9,"Velvet Choker":34,"StoneCalendar":10,"The Courier":6,"Pen Nib":43,"TeardropLocket":27,"Ginger":38,"Orichalcum":8,"Frozen Egg 2":22,"Bottled Tornado":41,"Blood Vial":23,"Strawberry":14,"HolyWater":17,"WingedGreaves":26,"Kunai":45,"PureWater":0},{"Darkstone Periapt":6,"Velvet Choker":17,"StoneCalendar":7,"The Courier":5,"Pen Nib":21,"TeardropLocket":14,"Ginger":20,"Orichalcum":6,"Frozen Egg 2":13,"Bottled Tornado":21,"Blood Vial":14,"Strawberry":9,"HolyWater":10,"WingedGreaves":14,"Kunai":22,"PureWater":0},{"Darkstone Periapt":17,"Velvet Choker":93,"StoneCalendar":23,"The Courier":15,"Pen Nib":113,"TeardropLocket":68,"Ginger":106,"Orichalcum":17,"Frozen Egg 2":61,"Bottled Tornado":113,"Blood Vial":68,"Strawberry":34,"HolyWater":41,"WingedGreaves":68,"Kunai":118,"PureWater":0}]},"card_choices":[{"not_picked":["Establishment","MasterReality"],"picked":"Judgement","floor":0.0},{"not_picked":["Halt","Prostrate"],"picked":"EmptyFist","floor":1.0},{"not_picked":["EmptyFist","FlyingSleeves"],"picked":"MentalFortress","floor":2.0},{"not_picked":["SashWhip","Protect"],"picked":"FollowUp","floor":3.0},{"not_picked":["BowlingBash","JustLucky"],"picked":"Wish","floor":5.0},{"not_picked":["Prostrate","ThirdEye","Halt"],"picked":"SKIP","floor":6.0},{"not_picked":["Prostrate","CarveReality"],"picked":"EmptyBody","floor":8.0},{"not_picked":["JustLucky","ThirdEye"],"picked":"Scrawl","floor":10.0},{"not_picked":["FollowUp","Worship"],"picked":"SashWhip","floor":11.0},{"not_picked":["CutThroughFate","Establishment"],"picked":"TalkToTheHand","floor":14.0},{"not_picked":["Blasphemy","MasterReality"],"picked":"LessonLearned","floor":16.0},{"not_picked":["ClearTheMind","Halt"],"picked":"Adaptation","floor":18.0},{"not_picked":["Indignation","Collect"],"picked":"ClearTheMind+1","floor":20.0},{"not_picked":["PathToVictory+1","SignatureMove","Protect"],"picked":"SKIP","floor":21.0},{"not_picked":["MentalFortress+1","ThirdEye+1"],"picked":"BowlingBash+1","floor":23.0},{"not_picked":["Indignation","PathToVictory"],"picked":"Wireheading+1","floor":28.0},{"not_picked":["Wallop","ThirdEye","ClearTheMind+1"],"picked":"SKIP","floor":31.0},{"not_picked":["Alpha","Judgement"],"picked":"Omniscience","floor":33.0},{"not_picked":["ReachHeaven+1","FlyingSleeves+1"],"picked":"Crescendo+1","floor":35.0},{"not_picked":["BowlingBash","Study+1","Crescendo+1"],"picked":"SKIP","floor":36},{"not_picked":["Perseverance+1","ClearTheMind+1"],"picked":"Wallop+1","floor":38},{"not_picked":["FlyingSleeves+1","CrushJoints","Wallop"],"picked":"SKIP","floor":41},{"not_picked":["EmptyBody+1","SashWhip+1"],"picked":"Tantrum+1","floor":44}],"player_experience":773188,"relics_obtained":[{"floor":6.0,"key":"The Courier"},{"floor":8.0,"key":"Orichalcum"},{"floor":9.0,"key":"Darkstone Periapt"},{"floor":10.0,"key":"StoneCalendar"},{"floor":14.0,"key":"Strawberry"},{"floor":23.0,"key":"Blood Vial"},{"floor":26.0,"key":"WingedGreaves"},{"floor":38,"key":"Ginger"},{"floor":41,"key":"Bottled Tornado"},{"floor":43,"key":"Pen Nib"}],"event_choices":[{"cards_removed":["Strike_P"],"damage_healed":0.0,"max_hp_gain":0.0,"max_hp_loss":0.0,"gold_gain":0.0,"event_name":"Golden Wing","player_choice":"Card Removal","floor":12.0,"gold_loss":0.0,"damage_taken":7.0},{"cards_removed":["Strike_P"],"damage_healed":0.0,"max_hp_gain":0.0,"max_hp_loss":0.0,"gold_gain":0.0,"event_name":"Beggar","player_choice":"Gave Gold","floor":19.0,"gold_loss":75.0,"damage_taken":0.0},{"damage_healed":0.0,"max_hp_gain":0.0,"max_hp_loss":0.0,"gold_gain":0.0,"event_name":"Addict","player_choice":"Obtained Relic","floor":22.0,"gold_loss":85.0,"damage_taken":0.0,"relics_obtained":["Frozen Egg 2"]},{"damage_healed":0.0,"max_hp_gain":0.0,"max_hp_loss":0.0,"gold_gain":100.0,"event_name":"The Joust","player_choice":"Bet on Murderer","floor":25.0,"gold_loss":50.0,"damage_taken":0.0},{"damage_healed":0.0,"max_hp_gain":0.0,"max_hp_loss":0.0,"gold_gain":0.0,"event_name":"Back to Basics","player_choice":"Simplicity","floor":29.0,"gold_loss":0.0,"damage_taken":0.0,"cards_upgraded":["Strike_P","Defend_P","Defend_P","Defend_P","Defend_P"]},{"cards_removed":["Wish"],"damage_healed":0,"gold_gain":0,"player_choice":"Removed Skill","damage_taken":0,"max_hp_gain":0,"max_hp_loss":0,"event_name":"Falling","floor":37,"gold_loss":0},{"damage_healed":0,"gold_gain":0,"player_choice":"Fight","damage_taken":0,"max_hp_gain":0,"max_hp_loss":0,"event_name":"MindBloom","floor":38,"gold_loss":0},{"damage_healed":0,"gold_gain":0,"player_choice":"Ignored","damage_taken":0,"max_hp_gain":0,"max_hp_loss":0,"event_name":"SecretPortal","floor":39,"gold_loss":0}],"is_beta":false,"boss_relics":[{"not_picked":["SacredBark","Sozu"],"picked":"HolyWater"},{"not_picked":["Calling Bell","Empty Cage"],"picked":"Velvet Choker"}],"items_purged_floors":[4],"is_endless":false,"potions_floor_spawned":[1,6,10,16,18,20,28,31,35,44],"killed_by":"Jaw Worm Horde","ascension_level":3}}