{"host":"rw1trt79hfpl7pom","time":1612781319,"event":{"mods":["BaseMod","Bestiary","Colored Map","Minty Spire (QoL Compilation)","Relic Stats","StSLib","SuperFastMode"],"gold_per_floor":[112,122,140,215,215,215,249,274,274,318,333,353,353,387,387,476,476,492,510,510,223,239,279,303,318,343,367,367,367],"floor_reached":28,"language":"ENG","playtime":2222,"items_purged":["Strike_P"],"score":578,"play_id":"54591e86-534f-4358-9325-a43db17f231e","local_time":"20210208024839","is_ascension_mode":true,"campfire_choices":[{"data":"Vigilance","floor":6.0,"key":"SMITH"},{"floor":13.0,"key":"REST"},{"data":"Eruption","floor":15.0,"key":"SMITH"}],"circlet_count":0,"master_deck":["AscendersBane","Strike_P","Strike_P","Strike_P","Defend_P","Defend_P","Defend_P","Defend_P","Eruption+1","Vigilance+1","FearNoEvil","EmptyMind","Tantrum","Meditate","FlurryOfBlows","SpiritShield","EmptyBody","Halt","MentalFortress","Halt+1","JustLucky+1","ThirdEye","FearNoEvil"],"relics":["Runic Pyramid","Golden Idol","PreservedInsect","Blood Vial","Sundial","Pear","SlaversCollar","Membership Card","Lantern","Pen Nib"],"acts_visited":["Exordium","TheCity"],"potions_floor_usage":[24,28,28],"damage_taken":[{"damage":0.0,"enemies":"Cultist","floor":1.0,"turns":2.0},{"damage":8.0,"enemies":"2 Louse","floor":2.0,"turns":3.0},{"damage":1.0,"enemies":"Small Slimes","floor":3.0,"turns":3.0},{"damage":6.0,"enemies":"Lagavulin","floor":7.0,"turns":5.0},{"damage":9.0,"enemies":"Exordium Thugs","floor":8.0,"turns":4.0},{"damage":5.0,"enemies":"3 Sentries","floor":10.0,"turns":4.0},{"damage":16.0,"enemies":"Lots of Slimes","floor":11.0,"turns":3.0},{"damage":4.0,"enemies":"Gremlin Gang","floor":12.0,"turns":5.0},{"damage":0.0,"enemies":"Gremlin Nob","floor":14.0,"turns":3.0},{"damage":13.0,"enemies":"Hexaghost","floor":16.0,"turns":8.0},{"damage":10.0,"enemies":"Spheric Guardian","floor":18.0,"turns":4.0},{"damage":5.0,"enemies":"Chosen","floor":19.0,"turns":6.0},{"damage":0.0,"enemies":"3 Cultists","floor":22.0,"turns":5.0},{"damage":19.0,"enemies":"Book of Stabbing","floor":23.0,"turns":5.0},{"damage":9,"enemies":"Snake Plant","floor":24,"turns":4},{"damage":0,"enemies":"Centurion and Healer","floor":25,"turns":6},{"damage":21,"enemies":"Shelled Parasite and Fungi","floor":27,"turns":5},{"damage":19,"enemies":"Slavers","floor":28,"turns":1}],"seed_played":"6847363326181979788","potions_obtained":[{"floor":1.0,"key":"SkillPotion"},{"floor":3.0,"key":"SkillPotion"},{"floor":8.0,"key":"ColorlessPotion"},{"floor":12.0,"key":"Strength Potion"},{"floor":14.0,"key":"FairyPotion"},{"floor":19.0,"key":"DistilledChaos"},{"floor":23.0,"key":"LiquidBronze"},{"floor":25,"key":"BottledMiracle"}],"is_trial":false,"path_per_floor":["M","M","M","?","?","R","E","M","T","E","M","M","R","E","R","B",null,"M","M","?","$","M","E","M","M","T","M","E"],"character_chosen":"WATCHER","items_purchased":["Membership Card","Lantern"],"campfire_rested":1,"item_purchase_floors":[21,21],"current_hp_per_floor":[61,53,52,41,41,41,35,26,26,23,9,7,25,37,37,26,61,53,50,50,50,52,35,28,30,30,11,0,0],"gold":367,"neow_bonus":"BOSS_RELIC","is_daily":false,"chose_seed":false,"campfire_upgraded":2,"win_rate":0.0,"timestamp":1612781319,"path_taken":["M","?","?","?","?","R","E","?","T","E","?","M","R","E","R","BOSS","M","?","?","?","M","E","M","M","T","M","E"],"items_purchased_type":["Relic","Relic"],"build_version":"2020-12-22","purchased_purges":1,"victory":false,"max_hp_per_floor":[68,68,68,68,62,62,62,62,62,62,62,62,62,72,72,72,72,72,72,72,72,72,72,72,72,72,72,72,72],"relic_stats":{"Blood Vial":26,"counters":[18,76],"Golden Idol":84,"Sundial":[6],"PreservedInsect":139,"Pen Nib":[4],"obtain_stats":[{"Blood Vial":9,"SlaversCollar":17,"Lantern":21,"Pear":14,"Golden Idol":5,"Sundial":10,"PreservedInsect":7,"Pen Nib":23,"Membership Card":21,"PureWater":0,"Runic Pyramid":0},{"Blood Vial":5,"SlaversCollar":10,"Lantern":12,"Pear":9,"Golden Idol":3,"Sundial":6,"PreservedInsect":4,"Pen Nib":14,"Membership Card":12,"PureWater":0,"Runic Pyramid":0},{"Blood Vial":17,"SlaversCollar":40,"Lantern":50,"Pear":32,"Golden Idol":8,"Sundial":21,"PreservedInsect":13,"Pen Nib":60,"Membership Card":50,"PureWater":0,"Runic Pyramid":0}]},"card_choices":[{"not_picked":["DeceiveReality","Protect"],"picked":"FearNoEvil","floor":1.0},{"not_picked":["FlyingSleeves","Protect"],"picked":"EmptyMind","floor":2.0},{"not_picked":["FearNoEvil","Protect"],"picked":"Tantrum","floor":3.0},{"not_picked":["Protect","Evaluate","FlyingSleeves"],"picked":"SKIP","floor":7.0},{"not_picked":["ReachHeaven","Prostrate"],"picked":"Meditate","floor":8.0},{"not_picked":["ClearTheMind","SashWhip","Devotion"],"picked":"SKIP","floor":10.0},{"not_picked":["FlyingSleeves","Evaluate","ClearTheMind"],"picked":"SKIP","floor":11.0},{"not_picked":["ThirdEye","WreathOfFlame"],"picked":"FlurryOfBlows","floor":12.0},{"not_picked":["Pray","PathToVictory","Study"],"picked":"SKIP","floor":14.0},{"not_picked":["Omniscience","MasterReality"],"picked":"SpiritShield","floor":16.0},{"not_picked":["LikeWater","Consecrate"],"picked":"EmptyBody","floor":18.0},{"not_picked":["Fasting2","WheelKick"],"picked":"Halt","floor":19.0},{"not_picked":["SandsOfTime","Meditate"],"picked":"Halt+1","floor":22.0},{"not_picked":["Protect","SashWhip","Crescendo"],"picked":"SKIP","floor":23.0},{"not_picked":["FollowUp","SashWhip"],"picked":"JustLucky+1","floor":24},{"not_picked":["ClearTheMind","Nirvana"],"picked":"ThirdEye","floor":25},{"not_picked":["MasterReality","Crescendo"],"picked":"FearNoEvil","floor":27}],"player_experience":2640320,"relics_obtained":[{"floor":7.0,"key":"PreservedInsect"},{"floor":9.0,"key":"Blood Vial"},{"floor":10.0,"key":"Sundial"},{"floor":14.0,"key":"Pear"},{"floor":23.0,"key":"Pen Nib"}],"event_choices":[{"damage_healed":0.0,"max_hp_gain":0.0,"max_hp_loss":0.0,"gold_gain":75.0,"event_name":"World of Goop","player_choice":"Gather Gold","floor":4.0,"gold_loss":0.0,"damage_taken":11.0},{"damage_healed":0.0,"max_hp_gain":0.0,"max_hp_loss":6.0,"gold_gain":0.0,"event_name":"Golden Idol","player_choice":"Lose Max HP","floor":5.0,"gold_loss":0.0,"damage_taken":0.0,"relics_obtained":["Golden Idol"]},{"damage_healed":0.0,"max_hp_gain":0.0,"max_hp_loss":0.0,"gold_gain":0.0,"event_name":"The Library","player_choice":"Read","floor":20.0,"gold_loss":0.0,"damage_taken":0.0,"cards_obtained":["MentalFortress"]}],"is_beta":false,"boss_relics":[{"not_picked":["Runic Dome","Ectoplasm"],"picked":"SlaversCollar"}],"items_purged_floors":[21],"is_endless":false,"potions_floor_spawned":[1,3,8,12,14,19,23,25],"killed_by":"Slavers","ascension_level":20}}