{"host":"0u8wq8q0l49hd262","time":1612776887,"event":{"mods":["2.2 Compatiblity","AchievementEnabler","Act Like it!","BaseMod","Better Note","Better Third Choice","Block Reminder","Colored Map","Colored Powertips","GifTheSpireLib","Highlight Path","Minty Spire (QoL Compilation)","Pale of the Ancients","Permanent Neow","Quick Restart","Rare Cards Sparkle","Relic Sorter","Relic Stats","StSLib","Transform Curses","egg","everything is the same but u backflip on backflip"],"gold_per_floor":[114,125,125,138,138,174,174,218,244,244,275,56,74,89,89,219,219,234,20,20,41,61,105,105,5,28,28,63,88,124,138,138,269,269,285,285,160,183,198,198,198,198],"floor_reached":41,"language":"ENG","playtime":4482,"items_purged":["Strike_G","Defend_G","Strike_G"],"score":676,"play_id":"4351839a-1e02-45d9-9ea0-780bc6fbc5ab","local_time":"20210208103447","is_ascension_mode":true,"campfire_choices":[{"data":"Accuracy","floor":7,"key":"SMITH"},{"data":"Blade Dance","floor":10,"key":"SMITH"},{"data":"Infinite Blades","floor":15,"key":"SMITH"},{"floor":24,"key":"REST"},{"floor":32,"key":"REST"},{"data":"Tools of the Trade","floor":40,"key":"SMITH"}],"circlet_count":0,"master_deck":["Strike_G","Strike_G+1","Strike_G","Defend_G","Defend_G","Defend_G","Defend_G","Survivor","Neutralize+1","Blade Dance+1","Blur","Backflip","Accuracy+1","Backflip","Cloak And Dagger","Predator","Leg Sweep","Infinite Blades+1","Outmaneuver","Tools of the Trade+1","Outmaneuver","Footwork","Tactician","PiercingWail","Dagger Throw+1","Shame","Storm of Steel","Cloak And Dagger+1","Tactician"],"relics":["SlaversCollar","Golden Idol","Strawberry","MealTicket","Art of War","Bag of Marbles","Runic Pyramid","Nunchaku","Singing Bowl","Regal Pillow","Boot","Incense Burner","Whetstone","Sozu"],"acts_visited":["Exordium","TheCity","TheBeyond"],"potions_floor_usage":[6,6,11,23,23,39],"damage_taken":[{"damage":3,"enemies":"Small Slimes","floor":1,"turns":5},{"damage":0,"enemies":"2 Louse","floor":2,"turns":3},{"damage":0,"enemies":"Cultist","floor":4,"turns":4},{"damage":41,"enemies":"Gremlin Nob","floor":6,"turns":6},{"damage":0,"enemies":"Lagavulin","floor":8,"turns":6},{"damage":0,"enemies":"Gremlin Nob","floor":11,"turns":2},{"damage":0,"enemies":"Looter","floor":13,"turns":1},{"damage":18,"enemies":"Lots of Slimes","floor":14,"turns":4},{"damage":5,"enemies":"The Guardian","floor":16,"turns":11},{"damage":29,"enemies":"3 Byrds","floor":18,"turns":6},{"damage":0,"enemies":"Spheric Guardian","floor":21,"turns":3},{"damage":30,"enemies":"Shelled Parasite and Fungi","floor":22,"turns":6},{"damage":12,"enemies":"Gremlin Leader","floor":23,"turns":7},{"damage":11,"enemies":"Book of Stabbing","floor":28,"turns":5},{"damage":7,"enemies":"Centurion and Healer","floor":29,"turns":6},{"damage":34,"enemies":"Gremlin Leader","floor":30,"turns":7},{"damage":8,"enemies":"Snecko","floor":31,"turns":6},{"damage":26,"enemies":"Collector","floor":33,"turns":13},{"damage":22,"enemies":"3 Shapes","floor":35,"turns":8},{"damage":1,"enemies":"Orb Walker","floor":38,"turns":3},{"damage":25,"enemies":"Sphere and 2 Shapes","floor":39,"turns":5},{"damage":67,"enemies":"Giant Head","floor":41,"turns":9}],"seed_played":"4664748316936526863","potions_obtained":[{"floor":2,"key":"ColorlessPotion"},{"floor":4,"key":"Swift Potion"},{"floor":8,"key":"DuplicationPotion"},{"floor":14,"key":"Strength Potion"},{"floor":22,"key":"EssenceOfSteel"},{"floor":29,"key":"FairyPotion"},{"floor":31,"key":"SpeedPotion"},{"floor":33,"key":"Block Potion"}],"is_trial":false,"path_per_floor":["M","M","?","M","?","E","R","E","T","R","E","$","M","M","R","B",null,"M","$","?","M","M","E","R","$","T","?","E","M","E","M","R","B",null,"M","?","$","M","M","R","E"],"character_chosen":"THE_SILENT","items_purchased":["Predator","Leg Sweep","Nunchaku","Footwork"],"campfire_rested":2,"item_purchase_floors":[12,12,19,19],"current_hp_per_floor":[67,67,72,72,69,35,35,35,35,35,35,50,50,32,32,27,64,35,50,50,50,20,10,33,48,48,48,39,34,26,20,60,34,73,53,53,68,67,42,42,0,0],"gold":198,"neow_bonus":"BOSS_RELIC","is_daily":false,"chose_seed":false,"campfire_upgraded":4,"win_rate":0.0,"timestamp":1612776887,"path_taken":["M","M","?","M","?","E","R","E","T","R","E","$","M","M","R","BOSS","M","$","?","M","?","E","R","$","T","?","E","M","E","M","R","BOSS","M","?","$","M","?","R","E"],"items_purchased_type":["Card","Card","Relic","Card"],"build_version":"2020-12-22","purchased_purges":3,"victory":false,"max_hp_per_floor":[70,70,75,75,69,76,76,76,76,76,76,76,76,76,76,76,76,76,76,76,76,76,78,78,78,78,78,80,82,84,86,86,86,86,88,88,88,88,88,88,88,88],"relic_stats":{"Sozu":1,"Nunchaku":[25],"Regal Pillow":15,"Singing Bowl":12,"counters":[22,126],"Golden Idol":134,"MealTicket":60,"Art of War":[7],"Whetstone":["Neutralize","Strike_G"],"Boot":[33],"obtain_stats":[{"Regal Pillow":26,"Singing Bowl":23,"Golden Idol":5,"Incense Burner":28,"Whetstone":30,"Boot":27,"Sozu":34,"SlaversCollar":0,"Nunchaku":19,"Strawberry":6,"MealTicket":8,"Art of War":9,"Bag of Marbles":11,"Ring of the Snake":0,"Runic Pyramid":17},{"Regal Pillow":13,"Singing Bowl":13,"Golden Idol":3,"Incense Burner":14,"Whetstone":16,"Boot":13,"Sozu":18,"SlaversCollar":0,"Nunchaku":10,"Strawberry":4,"MealTicket":5,"Art of War":5,"Bag of Marbles":6,"Ring of the Snake":0,"Runic Pyramid":9},{"Regal Pillow":64,"Singing Bowl":64,"Golden Idol":12,"Incense Burner":69,"Whetstone":82,"Boot":64,"Sozu":101,"SlaversCollar":0,"Nunchaku":48,"Strawberry":18,"MealTicket":24,"Art of War":24,"Bag of Marbles":26,"Ring of the Snake":0,"Runic Pyramid":42}]},"card_choices":[{"not_picked":["Sucker Punch","Infinite Blades"],"picked":"Blade Dance","floor":1},{"not_picked":["Bouncing Flask","Outmaneuver"],"picked":"Blur","floor":2},{"not_picked":["Blade Dance","Dodge and Roll"],"picked":"Backflip","floor":4},{"not_picked":["Blade Dance","Masterful Stab"],"picked":"Accuracy","floor":6},{"not_picked":["Setup","Eviscerate"],"picked":"Backflip","floor":8},{"not_picked":["Deadly Poison","Wraith Form v2"],"picked":"Cloak And Dagger","floor":11},{"not_picked":["Cloak And Dagger","Outmaneuver"],"picked":"Infinite Blades","floor":13},{"not_picked":["Quick Slash","Acrobatics"],"picked":"Outmaneuver","floor":14},{"not_picked":["Malaise","Night Terror"],"picked":"Tools of the Trade","floor":16},{"not_picked":["Expertise","Dash"],"picked":"Outmaneuver","floor":18},{"not_picked":["Underhanded Strike+1","Acrobatics"],"picked":"PiercingWail","floor":21},{"not_picked":["Glass Knife","Outmaneuver"],"picked":"Dagger Throw+1","floor":22},{"not_picked":["Masterful Stab","Blur+1","Bane"],"picked":"Singing Bowl","floor":23},{"not_picked":["Bouncing Flask","Poisoned Stab","Dodge and Roll"],"picked":"Singing Bowl","floor":28},{"not_picked":["Dagger Spray+1","Masterful Stab+1","Dagger Throw"],"picked":"Singing Bowl","floor":29},{"not_picked":["Underhanded Strike+1","Wraith Form v2","Outmaneuver"],"picked":"Singing Bowl","floor":30},{"not_picked":["Riddle With Holes","Endless Agony","Sucker Punch"],"picked":"Singing Bowl","floor":31},{"not_picked":["Unload","Venomology"],"picked":"Storm of Steel","floor":33},{"not_picked":["Underhanded Strike+1","Dagger Spray","Infinite Blades"],"picked":"Singing Bowl","floor":35},{"not_picked":["Deflect","Poisoned Stab+1"],"picked":"Cloak And Dagger+1","floor":38},{"not_picked":["Bane","Caltrops"],"picked":"Tactician","floor":39}],"player_experience":384616,"relics_obtained":[{"floor":6,"key":"Strawberry"},{"floor":8,"key":"MealTicket"},{"floor":9,"key":"Art of War"},{"floor":11,"key":"Bag of Marbles"},{"floor":23,"key":"Singing Bowl"},{"floor":26,"key":"Regal Pillow"},{"floor":28,"key":"Incense Burner"},{"floor":30,"key":"Whetstone"}],"event_choices":[{"damage_healed":0,"gold_gain":0,"player_choice":"Donut","damage_taken":0,"max_hp_gain":5,"max_hp_loss":0,"event_name":"Big Fish","floor":3,"gold_loss":0},{"damage_healed":0,"gold_gain":0,"player_choice":"Lose Max HP","damage_taken":0,"relics_obtained":["Golden Idol"],"max_hp_gain":0,"max_hp_loss":6,"event_name":"Golden Idol","floor":5,"gold_loss":0},{"damage_healed":0,"gold_gain":0,"player_choice":"1 cards matched","damage_taken":0,"max_hp_gain":0,"max_hp_loss":0,"event_name":"Match and Keep!","floor":20,"gold_loss":0,"cards_obtained":["Tactician"]},{"damage_healed":0,"gold_gain":0,"player_choice":"Stole Relic","damage_taken":0,"relics_obtained":["Boot"],"max_hp_gain":0,"max_hp_loss":0,"event_name":"Addict","floor":27,"gold_loss":0,"cards_obtained":["Shame"]},{"damage_healed":0,"gold_gain":0,"player_choice":"0 cards matched","damage_taken":0,"max_hp_gain":0,"max_hp_loss":0,"event_name":"Match and Keep!","floor":36,"gold_loss":0,"cards_obtained":[]}],"is_beta":false,"boss_relics":[{"not_picked":["Coffee Dripper","Velvet Choker"],"picked":"Runic Pyramid"},{"not_picked":["Empty Cage","Snecko Eye"],"picked":"Sozu"}],"items_purged_floors":[12,25,37],"is_endless":false,"potions_floor_spawned":[2,4,8,14,22,29,31,33,39],"killed_by":"Giant Head","ascension_level":5}}