{"host":"enmin8e0t0h2jpek","time":1612801706,"event":{"mods":["AchievementEnabler","BaseMod","BetterRewards","Colored Map","Colored Powertips","DeckTracker","Gremlin Skip","Highlight Path","Minty Spire (QoL Compilation)","Quick Restart","Rare Cards Sparkle","Relic Stats","Remove Card Discount Mod","Replay The Spire","Shop Mod","StSLib","SuperFastMode","Transform Curses","slay the spire mod where everything is the same but ironclad has a cowboy hat"],"gold_per_floor":[117,41,58,58,44,76,90,417,417,417,432,448,473,473,473,577,577,589,271,271,289,289,318,318,343,343,357,382,481,511,511,511,608,608,628,628,628,648,648,648,679,698,722,722,421,421,448,448,448,448,448,448,219,249,249],"floor_reached":56,"language":"DEU","playtime":3460,"items_purged":["Strike_B","Strike_B","Strike_B","Defend_B","Defend_B","Conserve Battery","Defend_B","Turbo","Beam Cell","Beam Cell","Storm","Tempest"],"score":2166,"play_id":"4874800e-2a13-4818-a6ad-3ed9a7764611","local_time":"20210208172826","is_ascension_mode":true,"campfire_choices":[{"data":"Biased Cognition","floor":15,"key":"SMITH"},{"data":"Storm","floor":15,"key":"SMITH"},{"floor":24,"key":"RECALL"},{"data":"ReplayTheSpireMod:Omega Cannon","floor":32,"key":"SMITH"},{"data":"Rainbow","floor":32,"key":"SMITH"},{"data":"Electrodynamics","floor":40,"key":"SMITH"},{"data":"ReplayRNGCard","floor":40,"key":"SMITH"},{"data":"BootSequence","floor":46,"key":"SMITH"},{"data":"Capacitor","floor":46,"key":"SMITH"},{"floor":49,"key":"DIG"},{"data":"Madness","floor":52,"key":"SMITH"},{"data":"Madness","floor":52,"key":"SMITH"}],"circlet_count":0,"master_deck":["Strike_B+1","Defend_B+1","Zap","Dualcast","Capacitor+1","Storm+1","Coolheaded","Conserve Battery","Hello World","Capacitor+1","Amplify+1","Defragment+1","Defragment+1","Turbo","Tempest","Double Energy+1","Biased Cognition+1","BootSequence+1","Defragment+1","Defragment+1","Lockon","Coolheaded+1","Redo","ReplayTheSpireMod:Omega Cannon+1","Genetic Algorithm","Redo+1","Rainbow+1","Capacitor+1","Darkness+1","Defragment+1","ReplayRNGCard+1","Aggregate+1","Defragment+1","Electrodynamics+1","Storm+1","Madness+1","Madness+1"],"relics":["Cracked Core","Garlic","Prayer Wheel","ReplayTheSpireMod:TigerMarble","Replay:Towering Pillar of Hats","Sling","BargainBundle","Mummified Hand","Pet Ghost","Meat on the Bone","Strawberry","OrangePellets","Medical Kit","Simple Rune","Shuriken","DollysMirror","Juzu Bracelet","Gremlin Food","HandDrill","Boot","Potion Belt","Orichalcum","Bronze Scales","Lee\u0027s Waffle","Tiny Chest","Strange Spoon","Girya","Membership Card","Gremlin Horn","Letter Opener","Happy Flower","Ancient Tea Set","Replay:Multitool","Raider\u0027s Mask","Blue Doll","Omamori","Replay:Bottled Eggs","Bottled Tornado","Guide Book","Lizard Tail","Chameleon Ring","Bird Faced Urn","Replay:WaspNest","Replay:Wax Seal","Runic Capacitor","FossilizedHelix","Lantern","Mango","Replay:Arrowhead","Divine Protection","Replay:Baseball","Onion Ring","Old Coin","Bottled Lightning","Replay:Kaleidoscope","Sozu","Dream Catcher","Dead Branch","MerchantsRug","Incense Burner","MealTicket","Molten Egg 2","Prayer Wheel","Replay:Bottled Flurry","Carrot","MutagenicStrength","Runic Dome","Replay:PocketPolymizer","ReplayFunnel","Geode","Quantum Egg","ReplayTheSpireMod:Lightbulb","Pear","Replay:Frozen Program","Regal Pillow","Gambling Chip","Unceasing Top","Oddly Smooth Stone","Cables"],"acts_visited":["Exordium","TheCity","TheBeyond","TheEnding"],"potions_floor_usage":[],"damage_taken":[{"damage":0,"enemies":"2 Louse","floor":1,"turns":1},{"damage":0,"enemies":"Small Slimes","floor":3,"turns":2},{"damage":0,"enemies":"3 Sentries","floor":6,"turns":2},{"damage":0,"enemies":"Jaw Worm","floor":7,"turns":2},{"damage":0,"enemies":"Replay:BlueRogue","floor":8,"turns":2},{"damage":0,"enemies":"Looter","floor":11,"turns":1},{"damage":0,"enemies":"Exordium Wildlife","floor":12,"turns":2},{"damage":0,"enemies":"Lagavulin","floor":13,"turns":3},{"damage":0,"enemies":"Fading Forest","floor":16,"turns":4},{"damage":0,"enemies":"3 Byrds","floor":18,"turns":2},{"damage":0,"enemies":"Chosen","floor":21,"turns":2},{"damage":0,"enemies":"Gremlin Leader","floor":23,"turns":1},{"damage":0,"enemies":"Book of Stabbing","floor":25,"turns":3},{"damage":0,"enemies":"Snecko","floor":27,"turns":2},{"damage":0,"enemies":"Slavers","floor":28,"turns":2},{"damage":0,"enemies":"Gremlin Leader","floor":30,"turns":2},{"damage":0,"enemies":"Pondfish","floor":33,"turns":4},{"damage":0,"enemies":"Orb Walker","floor":35,"turns":2},{"damage":0,"enemies":"3 Shapes","floor":37,"turns":1},{"damage":0,"enemies":"Jaw Worm Horde","floor":38,"turns":1},{"damage":0,"enemies":"Nemesis","floor":41,"turns":1},{"damage":0,"enemies":"3 Darklings","floor":42,"turns":2},{"damage":0,"enemies":"R_Hoarder","floor":47,"turns":2},{"damage":0,"enemies":"Replay:Hell Engine","floor":50,"turns":4},{"damage":0,"enemies":"Shield and Spear","floor":54,"turns":1},{"damage":0,"enemies":"The Heart","floor":55,"turns":3}],"seed_played":"7358346677009819249","potions_obtained":[{"floor":6,"key":"Weak Potion"},{"floor":7,"key":"Dexterity Potion"},{"floor":12,"key":"Cursed Concoction"}],"is_trial":false,"path_per_floor":["M","$","M","?","$","E","M","E","T","?","M","M","E","?","R","B",null,"M","$","T","M","?","E","R","E","T","M","E","?","E","?","R","B",null,"M","T","M","M","?","R","E","M","T","T","$","R","E","?","R_BF","B",null,"R","$","E","B",null],"character_chosen":"DEFECT","items_purchased":["Garlic","Capacitor","Prayer Wheel","ReplayTheSpireMod:TigerMarble","Replay:Towering Pillar of Hats","Sling","Storm","Turbo","Coolheaded","BargainBundle","Mummified Hand","Pet Ghost","Conserve Battery","Meat on the Bone","Strawberry","OrangePellets","Hello World","Conserve Battery","Medical Kit","Simple Rune","Shuriken","DollysMirror","Juzu Bracelet","Gremlin Food","HandDrill","Boot","Potion Belt","Orichalcum","Bronze Scales","Lee\u0027s Waffle","Tiny Chest","Strange Spoon","Girya","Amplify","Membership Card","Defragment","Gremlin Horn","Letter Opener","Defragment","Turbo","Happy Flower","Tempest","Ancient Tea Set","Replay:Multitool","Raider\u0027s Mask","Blue Doll","Omamori","Double Energy","Replay:Bottled Eggs","Bottled Tornado","Guide Book","Lizard Tail","Chameleon Ring","Bird Faced Urn","Replay:WaspNest","Replay:Wax Seal","Runic Capacitor","FossilizedHelix","Biased Cognition","BootSequence","Lantern","Mango","Defragment","Replay:Arrowhead","Divine Protection","Replay:Baseball","Coolheaded+1","Dream Catcher","Dead Branch","MerchantsRug","ReplayTheSpireMod:Lightbulb","Pear","Replay:Frozen Program","Unceasing Top","Oddly Smooth Stone"],"campfire_rested":0,"item_purchase_floors":[0,0,0,0,0,0,0,0,0,0,0,0,0,0,0,0,0,0,0,0,0,0,0,0,0,0,0,0,0,0,0,0,0,0,0,0,0,0,0,0,0,0,0,0,0,0,0,0,0,0,0,0,0,0,0,0,0,0,0,0,0,0,0,0,0,2,5,19,19,19,45,45,45,53,53],"current_hp_per_floor":[103,103,103,103,103,103,103,103,103,103,103,103,103,108,108,108,108,108,108,108,108,108,108,108,108,108,108,108,108,108,108,108,108,108,108,108,108,108,108,108,108,108,108,108,118,118,118,103,103,118,118,118,118,118,118],"gold":249,"neow_bonus":"","is_daily":false,"chose_seed":false,"campfire_upgraded":10,"win_rate":0.0,"timestamp":1612801706,"path_taken":["M","$","M","?","$","E","M","E","T","?","M","M","E","?","R","BOSS","M","$","?","M","?","E","R","E","T","M","E","?","E","?","R","BOSS","M","?","M","M","?","R","E","M","T","?","$","R","E","?","R_BF","BOSS","R","$","E","BOSS"],"items_purchased_type":["Relic","Card","Relic","Relic","Relic","Relic","Card","Card","Card","Relic","Relic","Relic","Card","Relic","Relic","Relic","Card","Card","Relic","Relic","Relic","Relic","Relic","Relic","Relic","Relic","Relic","Relic","Relic","Relic","Relic","Relic","Relic","Card","Relic","Card","Relic","Relic","Card","Card","Relic","Card","Relic","Relic","Relic","Relic","Relic","Card","Relic","Relic","Relic","Relic","Relic","Relic","Relic","Relic","Relic","Relic","Card","Card","Relic","Relic","Card","Relic","Relic","Relic","Card","Relic","Relic","Relic","Relic","Relic","Relic","Relic","Relic"],"build_version":"2020-12-22","purchased_purges":12,"victory":true,"max_hp_per_floor":[103,103,103,103,103,103,103,103,103,103,103,103,103,108,108,108,108,108,108,108,108,108,108,108,108,108,108,108,108,108,108,108,108,108,108,108,108,108,108,108,108,108,108,108,118,118,118,118,118,118,118,118,118,118,118],"relic_stats":{"Regal Pillow":0,"Gremlin Horn":[45,45],"Juzu Bracelet":5,"Boot":[37],"Sozu":8,"Lizard Tail":0,"Dream Catcher":0,"Mummified Hand":[143],"Gambling Chip":[1],"Prayer Wheel":12,"Tiny Chest":2,"MealTicket":0,"HandDrill":[28],"Lee\u0027s Waffle":7,"Happy Flower":[52],"counters":[89,265],"Dead Branch":[49],"Letter Opener":[696],"Orichalcum":[114],"Medical Kit":[2],"Cables":[1,0,1,0,0],"OrangePellets":[21],"Strange Spoon":[162],"Shuriken":[8],"Bronze Scales":[137],"Bird Faced Urn":[15],"obtain_stats":[{"Replay:Accelerometer":48,"Whetstone":11,"Bottled Tornado":0,"Sling":38,"Boot":0,"Old Coin":8,"Replay:Ringing Soul":4,"Sundial":45,"MealTicket":25,"Fusion Hammer":17,"HandDrill":0,"Replay:Bottled Flurry":28,"Kunai":25,"Replay:Wax Seal":0,"Replay:Bottled Steam":28,"MerchantsRug":4,"Pear":0,"Blue Candle":0,"Counterbalance":36,"Pen Nib":9,"Akabeko":19,"Cables":54,"Runic Dome":34,"Bird Faced Urn":0,"MutagenicStrength":31,"Abe\u0027s Treasure":34,"Unceasing Top":53,"Solar Panel":9,"Carrot":29,"Lantern":0,"Regal Pillow":10,"Singing Bowl":46,"StoneCalendar":38,"Blue Doll":23,"Replay:Multitool":12,"Ancient Tea Set":0,"Pet Ghost":23,"Replay:Rubber Ducky":0,"WingedGreaves":14,"Replay:Bottled Eggs":0,"Potion Belt":45,"Lee\u0027s Waffle":41,"PreservedInsect":0,"Geode":0,"Omamori":0,"Ring of Greed":39,"MawBank":43,"Replay:Arrowhead":11,"Ornamental Fan":48,"Durian":0,"Garlic":0,"Bottled Lightning":7,"ReplayTheSpireMod:Lightbulb":0,"Toy Ornithopter":10,"Divine Protection":0,"Mark of the Bloom":37,"Gremlin Horn":0,"Runic Capacitor":0,"Raider\u0027s Mask":0,"Sozu":34,"Lizard Tail":0,"HornCleat":46,"Replay:Frozen Program":53,"DollysMirror":4,"Strawberry":0,"Prayer Wheel":0,"Iron Hammer":25,"Ring of Shattering":39,"Toxic Egg 2":4,"Girya":0,"Happy Flower":0,"Dead Branch":19,"Oddly Smooth Stone":26,"Letter Opener":28,"Replay:Kaleidoscope":13,"War Paint":41,"Question Card":0,"Du-Vu Doll":8,"OrangePellets":25,"Replay:Baseball":4,"ReplayTheSpireMod:Shallot":0,"Shuriken":0,"Bronze Scales":0,"Simple Rune":41,"Onion Ring":6,"Molten Egg 2":26,"ReplayTheSpireMod:TigerMarble":0,"Mirror":0,"Pocketwatch":6,"Meat on the Bone":0,"Darkstone Periapt":26,"ReplayFunnel":41,"Replay:PocketPolymizer":4,"Mango":0,"Incense Burner":6,"Juzu Bracelet":0,"ClockworkSouvenir":12,"Frozen Eye":4,"Dream Catcher":0,"Nunchaku":4,"Replay:Bandana":43,"TheAbacus":7,"Chameleon Ring":0,"Mummified Hand":0,"Pantograph":0,"Gambling Chip":49,"Tiny Chest":39,"Replay:Bottled Snecko":7,"Cracked Core":0,"Gremlin Food":17,"BargainBundle":0,"ReplayTheSpireMod:Ninjato":17,"Replay:Towering Pillar of Hats":41,"Guide Book":0,"Quantum Egg":41,"Replay:WaspNest":12,"Orichalcum":38,"Medical Kit":0,"Mercury Hourglass":11,"Calling Bell":17,"Cauldron":41,"Strange Spoon":0,"CaptainsWheel":17,"Anchor":54,"Bag of Marbles":19,"Membership Card":39,"FossilizedHelix":0,"ReplayTheSpireMod:ShopPack":19},{"Replay:Accelerometer":25,"Whetstone":7,"Bottled Tornado":63,"Sling":22,"Boot":63,"Old Coin":68,"Replay:Ringing Soul":3,"Sundial":24,"MealTicket":76,"Fusion Hammer":9,"HandDrill":26,"Replay:Bottled Flurry":78,"Kunai":14,"Replay:Wax Seal":63,"Replay:Bottled Steam":50,"MerchantsRug":3,"Pear":34,"Blue Candle":34,"Counterbalance":56,"Pen Nib":5,"Akabeko":10,"Cables":88,"Runic Dome":80,"Bird Faced Urn":63,"MutagenicStrength":79,"Abe\u0027s Treasure":19,"Unceasing Top":87,"Solar Panel":31,"Carrot":16,"Lantern":34,"Regal Pillow":39,"Singing Bowl":24,"StoneCalendar":22,"Blue Doll":48,"Replay:Multitool":7,"Ancient Tea Set":63,"Pet Ghost":14,"Replay:Rubber Ducky":34,"WingedGreaves":42,"Replay:Bottled Eggs":63,"Potion Belt":58,"Lee\u0027s Waffle":57,"PreservedInsect":34,"Geode":34,"Omamori":63,"Ring of Greed":56,"MawBank":23,"Replay:Arrowhead":39,"Ornamental Fan":60,"Durian":34,"Garlic":63,"Bottled Lightning":37,"ReplayTheSpireMod:Lightbulb":34,"Toy Ornithopter":32,"Divine Protection":34,"Mark of the Bloom":56,"Gremlin Horn":34,"Runic Capacitor":63,"Raider\u0027s Mask":34,"Sozu":54,"Lizard Tail":63,"HornCleat":24,"Replay:Frozen Program":61,"DollysMirror":3,"Strawberry":34,"Prayer Wheel":63,"Iron Hammer":14,"Ring of Shattering":56,"Toxic Egg 2":3,"Girya":63,"Happy Flower":34,"Dead Branch":73,"Oddly Smooth Stone":14,"Letter Opener":50,"Replay:Kaleidoscope":71,"War Paint":22,"Question Card":34,"Du-Vu Doll":5,"OrangePellets":14,"Replay:Baseball":28,"ReplayTheSpireMod:Shallot":34,"Shuriken":63,"Bronze Scales":63,"Simple Rune":22,"Onion Ring":66,"Molten Egg 2":76,"ReplayTheSpireMod:TigerMarble":63,"Mirror":34,"Pocketwatch":37,"Meat on the Bone":63,"Darkstone Periapt":50,"ReplayFunnel":84,"Replay:PocketPolymizer":35,"Mango":63,"Incense Burner":30,"Juzu Bracelet":34,"ClockworkSouvenir":7,"Frozen Eye":28,"Dream Catcher":26,"Nunchaku":28,"Replay:Bandana":57,"TheAbacus":37,"Chameleon Ring":63,"Mummified Hand":63,"Pantograph":34,"Gambling Chip":86,"Tiny Chest":56,"Replay:Bottled Snecko":5,"Cracked Core":0,"Gremlin Food":43,"BargainBundle":63,"ReplayTheSpireMod:Ninjato":43,"Replay:Towering Pillar of Hats":57,"Guide Book":34,"Quantum Egg":57,"Replay:WaspNest":7,"Orichalcum":22,"Medical Kit":63,"Mercury Hourglass":39,"Calling Bell":43,"Cauldron":22,"Strange Spoon":26,"CaptainsWheel":43,"Anchor":62,"Bag of Marbles":10,"Membership Card":56,"FossilizedHelix":63,"ReplayTheSpireMod:ShopPack":10},{"Replay:Accelerometer":66,"Whetstone":20,"Bottled Tornado":211,"Sling":60,"Boot":211,"Old Coin":220,"Replay:Ringing Soul":7,"Sundial":65,"MealTicket":238,"Fusion Hammer":28,"HandDrill":73,"Replay:Bottled Flurry":242,"Kunai":42,"Replay:Wax Seal":211,"Replay:Bottled Steam":164,"MerchantsRug":7,"Pear":108,"Blue Candle":108,"Counterbalance":184,"Pen Nib":15,"Akabeko":31,"Cables":262,"Runic Dome":248,"Bird Faced Urn":211,"MutagenicStrength":244,"Abe\u0027s Treasure":55,"Unceasing Top":261,"Solar Panel":94,"Carrot":46,"Lantern":108,"Regal Pillow":125,"Singing Bowl":65,"StoneCalendar":60,"Blue Doll":155,"Replay:Multitool":20,"Ancient Tea Set":211,"Pet Ghost":42,"Replay:Rubber Ducky":108,"WingedGreaves":133,"Replay:Bottled Eggs":211,"Potion Belt":191,"Lee\u0027s Waffle":187,"PreservedInsect":108,"Geode":108,"Omamori":211,"Ring of Greed":184,"MawBank":62,"Replay:Arrowhead":125,"Ornamental Fan":196,"Durian":108,"Garlic":211,"Bottled Lightning":118,"ReplayTheSpireMod:Lightbulb":108,"Toy Ornithopter":102,"Divine Protection":108,"Mark of the Bloom":184,"Gremlin Horn":108,"Runic Capacitor":211,"Raider\u0027s Mask":108,"Sozu":178,"Lizard Tail":211,"HornCleat":65,"Replay:Frozen Program":202,"DollysMirror":7,"Strawberry":108,"Prayer Wheel":211,"Iron Hammer":42,"Ring of Shattering":184,"Toxic Egg 2":7,"Girya":211,"Happy Flower":108,"Dead Branch":232,"Oddly Smooth Stone":42,"Letter Opener":164,"Replay:Kaleidoscope":226,"War Paint":60,"Question Card":108,"Du-Vu Doll":15,"OrangePellets":42,"Replay:Baseball":80,"ReplayTheSpireMod:Shallot":108,"Shuriken":211,"Bronze Scales":211,"Simple Rune":60,"Onion Ring":216,"Molten Egg 2":238,"ReplayTheSpireMod:TigerMarble":211,"Mirror":108,"Pocketwatch":118,"Meat on the Bone":211,"Darkstone Periapt":164,"ReplayFunnel":253,"Replay:PocketPolymizer":110,"Mango":211,"Incense Burner":92,"Juzu Bracelet":108,"ClockworkSouvenir":20,"Frozen Eye":80,"Dream Catcher":73,"Nunchaku":80,"Replay:Bandana":187,"TheAbacus":118,"Chameleon Ring":211,"Mummified Hand":211,"Pantograph":108,"Gambling Chip":257,"Tiny Chest":184,"Replay:Bottled Snecko":15,"Cracked Core":0,"Gremlin Food":137,"BargainBundle":211,"ReplayTheSpireMod:Ninjato":137,"Replay:Towering Pillar of Hats":187,"Guide Book":108,"Quantum Egg":187,"Replay:WaspNest":20,"Orichalcum":60,"Medical Kit":211,"Mercury Hourglass":125,"Calling Bell":137,"Cauldron":60,"Strange Spoon":73,"CaptainsWheel":137,"Anchor":205,"Bag of Marbles":31,"Membership Card":184,"FossilizedHelix":211,"ReplayTheSpireMod:ShopPack":31}],"Unceasing Top":[16],"Meat on the Bone":0},"card_choices":[{"not_picked":["Steam Power","Steam"],"picked":"Lockon","floor":1},{"not_picked":["Gash","Steam Power","Go for the Eyes"],"picked":"SKIP","floor":1},{"not_picked":["ReplaySolidLightProjector","ReplayGash"],"picked":"Redo","floor":3},{"not_picked":["Compile Driver","Streamline","Rebound"],"picked":"SKIP","floor":3},{"not_picked":["Self Repair","BasicCrystalCard","Compile Driver"],"picked":"SKIP","floor":6},{"not_picked":["Reboot","Crystallizer"],"picked":"Redo","floor":7},{"not_picked":["BasicCrystalCard","Compile Driver"],"picked":"Beam Cell","floor":7},{"not_picked":["Streamline","Hello World","Crystallizer"],"picked":"SKIP","floor":8},{"not_picked":["Fusion","Reinforced Body","Steam"],"picked":"SKIP","floor":11},{"not_picked":["Compile Driver","Seek","Hello World"],"picked":"SKIP","floor":11},{"not_picked":["ReplayTheSpireMod:Reroute Power","Rebound"],"picked":"Beam Cell","floor":12},{"not_picked":["Ball Lightning","Storm"],"picked":"Tempest","floor":12},{"not_picked":["ReplaySolidLightProjector","Glacier","Go for the Eyes"],"picked":"SKIP","floor":13},{"not_picked":["Echo Form","Thunder Strike"],"picked":"ReplayTheSpireMod:Omega Cannon","floor":16},{"not_picked":["Steam","Compile Driver"],"picked":"Genetic Algorithm","floor":18},{"not_picked":["Hello World","ReplayTheSpireMod:Reroute Power+1","Barrage"],"picked":"SKIP","floor":18},{"not_picked":["Coolheaded","Go for the Eyes","Turbo"],"picked":"SKIP","floor":21},{"not_picked":["Recycle+1","Redo","Scrape"],"picked":"SKIP","floor":21},{"not_picked":["Turbo","Double Energy","Steam Power+1"],"picked":"SKIP","floor":23},{"not_picked":["Beam Cell","Barrage"],"picked":"Redo+1","floor":25},{"not_picked":["Conserve Battery","Stack"],"picked":"Rainbow","floor":27},{"not_picked":["ReplaySort","BasicCrystalCard"],"picked":"Capacitor+1","floor":27},{"not_picked":["Streamline+1","Auto Shields","Go for the Eyes+1"],"picked":"SKIP","floor":27},{"not_picked":["FIFO Queue","Sweeping Beam+1"],"picked":"Darkness+1","floor":28},{"not_picked":["Chaos","Barrage+1"],"picked":"Defragment","floor":30},{"not_picked":["Mirror Shield","Machine Learning"],"picked":"ReplayRNGCard","floor":33},{"not_picked":["Crystallizer+1","Stack"],"picked":"Aggregate+1","floor":35},{"not_picked":["Redo","Force Field+1","Beam Cell+1"],"picked":"SKIP","floor":35},{"not_picked":["Static Discharge+1","Sweeping Beam+1","Beam Cell+1"],"picked":"SKIP","floor":35},{"not_picked":["Force Field+1","BasicCrystalCard+1"],"picked":"Defragment+1","floor":37},{"not_picked":["Coolheaded","Ball Lightning+1","Panic Button+1"],"picked":"SKIP","floor":37},{"not_picked":["Beam Cell+1","ReplaySort+1","Melter+1"],"picked":"SKIP","floor":37},{"not_picked":["Compile Driver+1","Redo"],"picked":"Electrodynamics","floor":38},{"not_picked":["Rebound+1","Cold Snap+1"],"picked":"Storm+1","floor":38},{"not_picked":["Aggregate","Time Bomb","Streamline+1"],"picked":"SKIP","floor":38},{"not_picked":["ReplayTheSpireMod:GoodbyeWorld","Steam+1","Coolheaded+1"],"picked":"SKIP","floor":41},{"not_picked":["Panic Button+1","ReplayGash+1","Rebound+1"],"picked":"SKIP","floor":42},{"not_picked":["Self Repair","ReplayTheSpireMod:GoodbyeWorld","Steam"],"picked":"SKIP","floor":42},{"not_picked":["Compile Driver+1","Turbo","Buffer"],"picked":"SKIP","floor":42},{"not_picked":["Steam","Cold Snap+1","Gash+1"],"picked":"SKIP","floor":47},{"not_picked":["Seek","Barrage+1","Coolheaded+1"],"picked":"SKIP","floor":54}],"player_experience":68345,"relics_obtained":[{"floor":6,"key":"Onion Ring"},{"floor":8,"key":"Old Coin"},{"floor":9,"key":"Bottled Lightning"},{"floor":13,"key":"Replay:Kaleidoscope"},{"floor":23,"key":"Incense Burner"},{"floor":25,"key":"MealTicket"},{"floor":26,"key":"Molten Egg 2"},{"floor":28,"key":"Replay:Bottled Flurry"},{"floor":30,"key":"Carrot"},{"floor":36,"key":"Replay:PocketPolymizer"},{"floor":41,"key":"ReplayFunnel"},{"floor":43,"key":"Geode"},{"floor":44,"key":"Quantum Egg"},{"floor":47,"key":"Regal Pillow"},{"floor":49,"key":"Gambling Chip"},{"floor":54,"key":"Cables"}],"event_choices":[{"damage_healed":0,"gold_gain":0,"player_choice":"Ignored","damage_taken":0,"max_hp_gain":0,"max_hp_loss":0,"event_name":"Liars Game","floor":4,"gold_loss":0},{"damage_healed":0,"gold_gain":0,"player_choice":"Grow","damage_taken":0,"max_hp_gain":0,"max_hp_loss":0,"event_name":"Living Wall","floor":10,"gold_loss":0,"cards_upgraded":["Double Energy"]},{"damage_healed":0,"gold_gain":0,"player_choice":"Donut","damage_taken":0,"max_hp_gain":5,"max_hp_loss":0,"event_name":"Big Fish","floor":14,"gold_loss":0},{"cards_removed":["Redo"],"damage_healed":0,"gold_gain":0,"player_choice":"Purged","damage_taken":0,"max_hp_gain":0,"max_hp_loss":0,"event_name":"Purifier","floor":22,"gold_loss":0},{"damage_healed":0,"gold_gain":99,"player_choice":"Stole From Cult","damage_taken":0,"max_hp_gain":0,"max_hp_loss":0,"event_name":"Nest","floor":29,"gold_loss":0},{"damage_healed":0,"gold_gain":0,"player_choice":"Inject Mutagens","damage_taken":0,"relics_obtained":["MutagenicStrength"],"max_hp_gain":0,"max_hp_loss":0,"event_name":"Drug Dealer","floor":31,"gold_loss":0},{"damage_healed":0,"gold_gain":0,"player_choice":"Got Potions","damage_taken":0,"max_hp_gain":0,"max_hp_loss":0,"event_name":"Lab","floor":39,"gold_loss":0},{"damage_healed":0,"gold_gain":0,"player_choice":"Embrace Madness","damage_taken":15,"max_hp_gain":0,"max_hp_loss":0,"event_name":"Winding Halls","floor":48,"gold_loss":0,"cards_obtained":["Madness","Madness"]}],"is_beta":false,"boss_relics":[{"not_picked":["Tiny House","Nuclear Battery"],"picked":"Sozu"},{"not_picked":["ChewingGum","Replay:Ancient Bell"],"picked":"Runic Dome"}],"items_purged_floors":[0,0,0,0,0,19,19,19,19,19,19,19],"is_endless":false,"potions_floor_spawned":[1,6,7,12,18,28,30,41,47],"ascension_level":3}}