{"host":"snhgf1tbc52ohml4","time":1612793769,"event":{"mods":["BaseMod","Dota2Spire","LagranYue(¿≠∏Ò¿ °§‘¬)","Minty Spire (QoL Compilation)","StSLib","The Servant 0.9.4"],"gold_per_floor":[109,109,127,147,147,176,141,141,186,227,239,326,13,13,13],"floor_reached":14,"language":"ZHS","playtime":591,"items_purged":["Defend_S"],"score":96,"play_id":"ee31874d-1dae-4942-901b-1ce6354c98f9","local_time":"20210208221609","is_ascension_mode":false,"campfire_choices":[{"data":"SilverBlades","floor":8,"key":"SMITH"},{"data":"Starlight","floor":11,"key":"SMITH"}],"circlet_count":0,"master_deck":["Strike_S","Strike_S","Strike_S","Defend_S","Defend_S","Defend_S","KidneyShot","Exchange","Rearm","Starlight+1","Ricochet","SilverBlades+1","Ricochet","BottledTime","SilverBlades","Advance"],"relics":["Uniform","LagranYue:RandomDrawCardRelic","NeowsBlessing","Dota2Spire:EtherealBlade","Ice Cream","MawBank","Dota2Spire:BlackKingBar"],"acts_visited":["Exordium"],"potions_floor_usage":[6,14],"damage_taken":[{"damage":0,"enemies":"Small Slimes","floor":1,"turns":1},{"damage":0,"enemies":"Jaw Worm","floor":3,"turns":1},{"damage":0,"enemies":"2 Louse","floor":4,"turns":1},{"damage":38,"enemies":"Gremlin Nob","floor":6,"turns":5},{"damage":16,"enemies":"Lagavulin","floor":10,"turns":7},{"damage":5,"enemies":"3 Sentries","floor":14,"turns":2}],"seed_played":"547592502004039258","potions_obtained":[{"floor":1,"key":"Dota2Spire:HealingSalve"}],"is_trial":false,"path_per_floor":["M","?","M","M","T","E","?","R","T","E","R","?","$","E"],"character_chosen":"THE_SERVANT","items_purchased":["BottledTime","SilverBlades","Advance","ColorlessPotion"],"campfire_rested":0,"item_purchase_floors":[13,13,13,13],"current_hp_per_floor":[65,58,58,58,58,26,42,42,42,26,26,15,15,10,10],"gold":13,"neow_bonus":"THREE_ENEMY_KILL","is_daily":false,"chose_seed":false,"campfire_upgraded":2,"win_rate":0.0,"timestamp":1612793769,"path_taken":["M","?","M","M","?","E","?","R","T","E","R","?","$","E"],"items_purchased_type":["Card","Card","Card","Potion"],"build_version":"2020-12-22","purchased_purges":1,"victory":false,"max_hp_per_floor":[65,65,65,65,65,65,65,65,65,65,65,65,65,65,65],"card_choices":[{"not_picked":["Misdirection","TimeWarp"],"picked":"Rearm","floor":1},{"not_picked":["Advance","FastForward"],"picked":"Starlight","floor":3},{"not_picked":["ShatteredReality","Revamp"],"picked":"Ricochet","floor":4},{"not_picked":["Rearm","FlawlessForm"],"picked":"SilverBlades","floor":6},{"not_picked":["Potential","Unruled"],"picked":"Ricochet","floor":10}],"player_experience":13568,"relics_obtained":[{"floor":5,"key":"Dota2Spire:EtherealBlade"},{"floor":6,"key":"Ice Cream"},{"floor":9,"key":"MawBank"},{"floor":10,"key":"Dota2Spire:BlackKingBar"}],"event_choices":[{"cards_removed":["Strike_S"],"damage_healed":0,"gold_gain":0,"player_choice":"Card Removal","damage_taken":7,"max_hp_gain":0,"max_hp_loss":0,"event_name":"Golden Wing","floor":2,"gold_loss":0},{"damage_healed":16,"gold_gain":0,"player_choice":"Healed","damage_taken":0,"max_hp_gain":0,"max_hp_loss":0,"event_name":"The Cleric","floor":7,"gold_loss":35},{"damage_healed":0,"gold_gain":75,"player_choice":"Gather Gold","damage_taken":11,"max_hp_gain":0,"max_hp_loss":0,"event_name":"World of Goop","floor":12,"gold_loss":0}],"is_beta":false,"boss_relics":[],"items_purged_floors":[13],"is_endless":false,"potions_floor_spawned":[1],"killed_by":"3 Sentries","ascension_level":0}}