{"host":"188x3om7sf6mgxv1","time":1612762731,"event":{"mods":["BaseMod","Block Reminder","Jorbs\u0027s Wanderer Trilogy","Minty Spire (QoL Compilation)","Relic Stats","StSLib"],"gold_per_floor":[112,112,112,130,143,143,30,59,59,70,70,103,28,128,128,225,225,240,251,271,285,296,323,323,351,351,351,370,72,90,124,124,225,225,237,237,251,269,319,319,319,346,346,362,379,405,456,57,57,57,57,57,57,92,92],"floor_reached":56,"language":"ENG","playtime":2290,"items_purged":["Strike_P","Strike_P+1"],"score":1427,"play_id":"f5249a4d-836a-4214-886c-db90c6e9c949","local_time":"20210208003851","is_ascension_mode":false,"campfire_choices":[{"data":"CrushJoints","floor":6,"key":"SMITH"},{"data":"WheelKick","floor":15,"key":"SMITH"},{"data":"SandsOfTime","floor":27,"key":"SMITH"},{"data":"LessonLearned","floor":32,"key":"SMITH"},{"floor":40,"key":"RECALL"},{"data":"1","floor":49,"key":"LIFT"},{"data":"2","floor":52,"key":"LIFT"}],"circlet_count":0,"master_deck":["Strike_P+1","Defend_P+1","Defend_P+1","Defend_P+1","Defend_P","Eruption+1","Vigilance+1","CutThroughFate+1","CrushJoints+1","Consecrate","BattleHymn","Meditate+1","WheelKick+1","EmptyFist+1","Omniscience+1","Tantrum+1","SandsOfTime+1","LessonLearned+1","Vault+1","FearNoEvil","Vault+1","Protect+1","Protect+1","WheelKick+1","SandsOfTime","Protect+1"],"relics":["PureWater","NeowsBlessing","Meat on the Bone","Pantograph","Letter Opener","Snecko Eye","Oddly Smooth Stone","Question Card","Eternal Feather","FossilizedHelix","Ornamental Fan","VioletLotus","Gambling Chip","HornCleat","Du-Vu Doll","Girya","Incense Burner","Gremlin Horn"],"acts_visited":["Exordium","TheCity","TheBeyond","TheEnding"],"potions_floor_usage":[25,55,55],"damage_taken":[{"damage":0,"enemies":"Small Slimes","floor":1,"turns":1},{"damage":0,"enemies":"2 Louse","floor":4,"turns":1},{"damage":0,"enemies":"Cultist","floor":5,"turns":1},{"damage":6,"enemies":"Gremlin Nob","floor":8,"turns":3},{"damage":2,"enemies":"Blue Slaver","floor":10,"turns":3},{"damage":9,"enemies":"3 Sentries","floor":12,"turns":5},{"damage":31,"enemies":"Hexaghost","floor":16,"turns":6},{"damage":2,"enemies":"2 Thieves","floor":18,"turns":2},{"damage":0,"enemies":"Chosen","floor":19,"turns":4},{"damage":13,"enemies":"Centurion and Healer","floor":20,"turns":4},{"damage":4,"enemies":"3 Cultists","floor":21,"turns":3},{"damage":0,"enemies":"Snecko","floor":22,"turns":1},{"damage":0,"enemies":"Gremlin Leader","floor":23,"turns":4},{"damage":17,"enemies":"Slavers","floor":25,"turns":4},{"damage":0,"enemies":"Shelled Parasite and Fungi","floor":28,"turns":2},{"damage":0,"enemies":"Cultist and Chosen","floor":30,"turns":5},{"damage":0,"enemies":"Book of Stabbing","floor":31,"turns":3},{"damage":2,"enemies":"Champ","floor":33,"turns":6},{"damage":0,"enemies":"Orb Walker","floor":35,"turns":4},{"damage":0,"enemies":"3 Darklings","floor":37,"turns":2},{"damage":0,"enemies":"Jaw Worm Horde","floor":38,"turns":2},{"damage":0,"enemies":"Mind Bloom Boss Battle","floor":39,"turns":10},{"damage":0,"enemies":"Reptomancer","floor":42,"turns":4},{"damage":0,"enemies":"Sphere and 2 Shapes","floor":44,"turns":5},{"damage":0,"enemies":"4 Shapes","floor":45,"turns":4},{"damage":0,"enemies":"Nemesis","floor":46,"turns":3},{"damage":0,"enemies":"2 Orb Walkers","floor":47,"turns":3},{"damage":0,"enemies":"Time Eater","floor":50,"turns":6},{"damage":0,"enemies":"Shield and Spear","floor":54,"turns":3},{"damage":50,"enemies":"The Heart","floor":55,"turns":9}],"seed_played":"2880721048141369192","potions_obtained":[{"floor":1,"key":"Ambrosia"},{"floor":4,"key":"Ancient Potion"},{"floor":8,"key":"Energy Potion"},{"floor":25,"key":"LiquidMemories"}],"is_trial":false,"path_per_floor":["M","?","?","M","M","R","$","E","T","M","?","E","$","?","R","B",null,"M","M","M","M","M","E","?","E","T","R","M","$","M","E","R","B",null,"M","?","M","M","?","R","?","E","T","M","M","E","?","$","R","B",null,"R","$","E","B",null],"character_chosen":"WATCHER","items_purchased":["BattleHymn","Meditate","FossilizedHelix","Incense Burner"],"campfire_rested":0,"item_purchase_floors":[7,7,29,48],"current_hp_per_floor":[72,58,58,58,58,58,58,52,52,50,43,46,46,46,46,40,72,70,70,57,53,53,53,53,48,48,60,60,60,60,60,72,70,72,72,72,72,72,72,72,72,72,72,72,72,72,72,72,72,72,72,72,72,72,34],"gold":92,"neow_bonus":"THREE_ENEMY_KILL","is_daily":false,"chose_seed":false,"campfire_upgraded":4,"win_rate":0.0,"timestamp":1612762731,"path_taken":["M","?","?","?","M","R","$","E","T","M","?","E","$","?","R","BOSS","M","M","M","?","M","E","?","E","T","R","M","$","M","E","R","BOSS","M","?","?","M","?","R","?","E","T","?","M","E","?","$","R","BOSS","R","$","E","BOSS"],"items_purchased_type":["Card","Card","Relic","Relic"],"build_version":"2020-12-22","purchased_purges":2,"victory":true,"max_hp_per_floor":[72,72,72,72,72,72,72,72,72,72,72,72,72,72,72,72,72,72,72,72,72,72,72,72,72,72,72,72,72,72,72,72,72,72,72,72,72,72,72,72,72,72,72,72,72,72,72,72,72,72,72,72,72,72,72],"relic_stats":{"Gremlin Horn":[0,0],"counters":[30,113],"Ornamental Fan":[112],"Pantograph":25,"Gambling Chip":[30],"Snecko Eye":[179,174,173,212],"Eternal Feather":24,"VioletLotus":[14],"Letter Opener":[80],"Question Card":14,"obtain_stats":[{"Girya":47,"NeowsBlessing":0,"Gremlin Horn":54,"Oddly Smooth Stone":23,"Eternal Feather":26,"Incense Burner":48,"Letter Opener":12,"Question Card":25,"Du-Vu Doll":46,"HornCleat":42,"Ornamental Fan":31,"Pantograph":9,"Gambling Chip":39,"Snecko Eye":17,"VioletLotus":34,"PureWater":0,"FossilizedHelix":29,"Meat on the Bone":8},{"Girya":27,"NeowsBlessing":0,"Gremlin Horn":29,"Oddly Smooth Stone":13,"Eternal Feather":14,"Incense Burner":27,"Letter Opener":6,"Question Card":14,"Du-Vu Doll":26,"HornCleat":23,"Ornamental Fan":17,"Pantograph":4,"Gambling Chip":22,"Snecko Eye":7,"VioletLotus":18,"PureWater":0,"FossilizedHelix":15,"Meat on the Bone":4},{"Girya":95,"NeowsBlessing":0,"Gremlin Horn":104,"Oddly Smooth Stone":38,"Eternal Feather":42,"Incense Burner":95,"Letter Opener":14,"Question Card":42,"Du-Vu Doll":92,"HornCleat":80,"Ornamental Fan":52,"Pantograph":6,"Gambling Chip":76,"Snecko Eye":20,"VioletLotus":58,"PureWater":0,"FossilizedHelix":44,"Meat on the Bone":6}],"Meat on the Bone":36},"card_choices":[{"not_picked":["Pray","CrushJoints"],"picked":"CutThroughFate","floor":1},{"not_picked":["FlyingSleeves","Indignation"],"picked":"CrushJoints","floor":4},{"not_picked":["Halt","Evaluate"],"picked":"Consecrate","floor":5},{"not_picked":["ThirdEye","SignatureMove"],"picked":"WheelKick","floor":8},{"not_picked":["Vengeance","FlyingSleeves","BowlingBash"],"picked":"SKIP","floor":10},{"not_picked":["BowlingBash","WindmillStrike"],"picked":"EmptyFist","floor":12},{"not_picked":["Establishment","ConjureBlade"],"picked":"Omniscience","floor":16},{"not_picked":["BowlingBash","FlurryOfBlows+1"],"picked":"Tantrum","floor":18},{"not_picked":["WindmillStrike","PathToVictory","Halt"],"picked":"SKIP","floor":19},{"not_picked":["WaveOfTheHand+1","Crescendo"],"picked":"SandsOfTime","floor":20},{"not_picked":["ClearTheMind+1","Adaptation","Worship"],"picked":"SKIP","floor":21},{"not_picked":["JustLucky+1","Evaluate","Study"],"picked":"SKIP","floor":22},{"not_picked":["Consecrate","DevaForm"],"picked":"LessonLearned","floor":23},{"not_picked":["Perseverance","FlyingSleeves"],"picked":"Vault","floor":25},{"not_picked":["CutThroughFate","ClearTheMind","ThirdEye"],"picked":"FearNoEvil","floor":28},{"not_picked":["Fasting2","FearNoEvil","BowlingBash","Sanctity"],"picked":"SKIP","floor":30},{"not_picked":["Weave","FlyingSleeves+1","Crescendo","EmptyMind"],"picked":"SKIP","floor":31},{"not_picked":["MasterReality","Judgement","Brilliance"],"picked":"Vault","floor":33},{"not_picked":["EmptyBody","FearNoEvil+1","ClearTheMind+1"],"picked":"Protect+1","floor":35},{"not_picked":["Indignation+1","SashWhip+1","JustLucky+1"],"picked":"Protect+1","floor":37},{"not_picked":["BowlingBash+1","Protect","FlyingSleeves"],"picked":"WheelKick+1","floor":38},{"not_picked":["ClearTheMind","Swivel+1","CutThroughFate+1"],"picked":"SandsOfTime","floor":42},{"not_picked":["CrushJoints","Conclude+1","Indignation","BowlingBash+1"],"picked":"SKIP","floor":44},{"not_picked":["Crescendo+1","BowlingBash+1","FollowUp+1","Indignation"],"picked":"SKIP","floor":45},{"not_picked":["WaveOfTheHand","FlurryOfBlows+1","Evaluate+1","ThirdEye+1"],"picked":"SKIP","floor":46},{"not_picked":["LikeWater","EmptyFist","DeceiveReality"],"picked":"Protect+1","floor":47},{"not_picked":["Halt+1","Judgement","Evaluate+1","FearNoEvil"],"picked":"SKIP","floor":54}],"player_experience":27723,"relics_obtained":[{"floor":8,"key":"Meat on the Bone"},{"floor":9,"key":"Pantograph"},{"floor":12,"key":"Letter Opener"},{"floor":23,"key":"Oddly Smooth Stone"},{"floor":25,"key":"Question Card"},{"floor":26,"key":"Eternal Feather"},{"floor":31,"key":"Ornamental Fan"},{"floor":39,"key":"Gambling Chip"},{"floor":42,"key":"HornCleat"},{"floor":46,"key":"Du-Vu Doll"},{"floor":47,"key":"Girya"},{"floor":54,"key":"Gremlin Horn"}],"event_choices":[{"damage_healed":0,"gold_gain":0,"player_choice":"Entered Light","damage_taken":14,"max_hp_gain":0,"max_hp_loss":0,"event_name":"Shining Light","floor":2,"gold_loss":0,"cards_upgraded":["CutThroughFate","Strike_P"]},{"damage_healed":0,"gold_gain":0,"player_choice":"Ignored","damage_taken":0,"max_hp_gain":0,"max_hp_loss":0,"event_name":"NoteForYourself","floor":3,"gold_loss":0},{"cards_removed":["Strike_P"],"damage_healed":0,"gold_gain":0,"player_choice":"Card Removal","damage_taken":7,"max_hp_gain":0,"max_hp_loss":0,"event_name":"Golden Wing","floor":11,"gold_loss":0},{"damage_healed":0,"gold_gain":100,"player_choice":"Pray","damage_taken":0,"max_hp_gain":0,"max_hp_loss":0,"event_name":"Golden Shrine","floor":14,"gold_loss":0},{"damage_healed":0,"gold_gain":0,"player_choice":"Ignored","damage_taken":0,"max_hp_gain":0,"max_hp_loss":0,"event_name":"Vampires","floor":24,"gold_loss":0},{"damage_healed":0,"gold_gain":0,"player_choice":"Upgraded","damage_taken":0,"max_hp_gain":0,"max_hp_loss":0,"event_name":"Upgrade Shrine","floor":36,"gold_loss":0,"cards_upgraded":["Vigilance"]},{"damage_healed":0,"gold_gain":0,"player_choice":"Fight","damage_taken":0,"max_hp_gain":0,"max_hp_loss":0,"event_name":"MindBloom","floor":39,"gold_loss":0},{"damage_healed":0,"gold_gain":0,"player_choice":"Bought 0 Potions","damage_taken":0,"max_hp_gain":0,"max_hp_loss":0,"event_name":"The Woman in Blue","floor":41,"gold_loss":0},{"damage_healed":0,"gold_gain":0,"player_choice":"Fight","damage_taken":0,"max_hp_gain":0,"max_hp_loss":0,"event_name":"Mysterious Sphere","floor":47,"gold_loss":0}],"is_beta":false,"boss_relics":[{"not_picked":["Coffee Dripper","Astrolabe"],"picked":"Snecko Eye"},{"not_picked":["Runic Pyramid","Runic Dome"],"picked":"VioletLotus"}],"items_purged_floors":[13,48],"is_endless":false,"potions_floor_spawned":[1,4,8,18,25,28,30,31,33,37,42,44,45,47],"ascension_level":0}}