{"host":"ayh4nqhr0ddw4ozv","time":1612771945,"event":{"mods":["BaseMod","Minty Spire (QoL Compilation)","Relic Stats","Replay The Spire","Robot Space Explorer","StSLib"],"gold_per_floor":[118,134,134,3,3,3,38,57,57,73,103,119,144,158,158,232,232,243,259,184,184,184,212,223,223,269,57,86,86,115,142,142,214,214,230,230,230,240,256,289,307,340,340,370,370,420,437,469,469,469,469,469,43,71,71],"floor_reached":56,"language":"ENG","playtime":4961,"items_purged":["Defend_P","Pot Of Greed"],"score":2377,"play_id":"26929176-36f4-4364-85d6-1f24ebb7e9de","local_time":"20210208001225","is_ascension_mode":true,"campfire_choices":[{"data":"Conclude","floor":6.0,"key":"SMITH"},{"data":"TalkToTheHand","floor":15.0,"key":"SMITH"},{"data":"Scrawl","floor":25.0,"key":"SMITH"},{"data":"Apotheosis","floor":32.0,"key":"SMITH"},{"floor":45.0,"key":"RECALL"},{"data":"Scrawl","floor":49.0,"key":"SMITH"},{"floor":52.0,"key":"REST"}],"circlet_count":0,"master_deck":["AscendersBane","Strike_P","Defend_P","Defend_P+1","Defend_P+1","Eruption","Vigilance+1","Fasting2+1","Conclude+1","Swivel+1","WheelKick","TalkToTheHand+1","Adaptation","Vault","CutThroughFate","Scrawl+1","Wallop","CarveReality","CrushJoints+1","Scrawl+1","Apotheosis+1","Wireheading+1","JustLucky","CrushJoints","Vault","BowlingBash+1","TalkToTheHand+1","InnerPeace+1","Replay:AtTheReady","Meditate","FearNoEvil","Pot Of Greed","Pot Of Greed","Replay:Vibes","Crescendo","CutThroughFate","Tantrum","DeceiveReality+1","Pot Of Greed+1"],"relics":["Velvet Choker","Replay:Bottled Snecko","Iron Hammer","Snack Pack","TungstenRod","Honey Jar","Unceasing Top","Lantern","Juzu Bracelet","Red Mask","Toy Ornithopter","Empty Cage","Mango","Grinning Jar","War Paint","Toxic Egg 2","Bag of Marbles","Replay:Rubber Ducky","InkBottle"],"acts_visited":["Exordium","TheCity","TheBeyond","TheEnding"],"potions_floor_usage":[55,55],"damage_taken":[{"damage":2.0,"enemies":"2 Louse","floor":1.0,"turns":3.0},{"damage":0.0,"enemies":"Cultist","floor":2.0,"turns":3.0},{"damage":0.0,"enemies":"Gremlin Nob","floor":7.0,"turns":2.0},{"damage":0.0,"enemies":"Jaw Worm","floor":8.0,"turns":1.0},{"damage":0.0,"enemies":"Looter","floor":10.0,"turns":2.0},{"damage":7.0,"enemies":"Lagavulin","floor":11.0,"turns":5.0},{"damage":0.0,"enemies":"Exordium Thugs","floor":12.0,"turns":3.0},{"damage":2.0,"enemies":"3 Sentries","floor":13.0,"turns":6.0},{"damage":0.0,"enemies":"Large Slime","floor":14.0,"turns":2.0},{"damage":2.0,"enemies":"Hexaghost","floor":16.0,"turns":8.0},{"damage":0.0,"enemies":"2 Thieves","floor":18.0,"turns":2.0},{"damage":0.0,"enemies":"Chosen","floor":19.0,"turns":4.0},{"damage":16.0,"enemies":"Gremlin Leader","floor":23.0,"turns":5.0},{"damage":0.0,"enemies":"Snecko","floor":24.0,"turns":3.0},{"damage":0.0,"enemies":"Replay:Snechameleon","floor":28.0,"turns":5.0},{"damage":0.0,"enemies":"Masked Bandits","floor":30.0,"turns":2.0},{"damage":2.0,"enemies":"Book of Stabbing","floor":31.0,"turns":5.0},{"damage":41.0,"enemies":"Champ","floor":33.0,"turns":9.0},{"damage":2.0,"enemies":"3 Darklings","floor":35.0,"turns":6.0},{"damage":0.0,"enemies":"Orb Walker","floor":38.0,"turns":3.0},{"damage":18.0,"enemies":"Spire Growth","floor":39.0,"turns":5.0},{"damage":0.0,"enemies":"R_Hoarder","floor":40.0,"turns":8.0},{"damage":0.0,"enemies":"Writhing Mass","floor":41.0,"turns":7.0},{"damage":0.0,"enemies":"Nemesis","floor":42.0,"turns":5.0},{"damage":0.0,"enemies":"R_Hoarder","floor":44.0,"turns":7.0},{"damage":0.0,"enemies":"3 Darklings","floor":47.0,"turns":5.0},{"damage":0.0,"enemies":"Giant Head","floor":48.0,"turns":7.0},{"damage":55.0,"enemies":"Awakened One","floor":50.0,"turns":13.0},{"damage":44.0,"enemies":"Shield and Spear","floor":54.0,"turns":7.0},{"damage":51,"enemies":"The Heart","floor":55,"turns":9}],"seed_played":"1438405668071911561","potions_obtained":[{"floor":1.0,"key":"BottledMiracle"},{"floor":5.0,"key":"Death Potion"},{"floor":8.0,"key":"Ancient Potion"},{"floor":11.0,"key":"ColorlessPotion"},{"floor":13.0,"key":"Fire Potion"},{"floor":19.0,"key":"Swift Potion"},{"floor":23.0,"key":"BlessingOfTheForge"},{"floor":31.0,"key":"FairyPotion"},{"floor":33.0,"key":"Adrenaline Potion"},{"floor":40.0,"key":"Weak Potion"},{"floor":41.0,"key":"Milkshake"},{"floor":44.0,"key":"Energy Potion"},{"floor":47.0,"key":"FearPotion"}],"is_trial":false,"path_per_floor":["M","M","?","$","?","R","E","M","T","M","E","M","E","M","R","B",null,"M","M","?","?","?","E","M","R","T","$","E","?","?","E","R","B",null,"M","?","?","M","M","E","M","E","T","E","R","?","M","E","R","B",null,"R","$","E","B",null],"character_chosen":"WATCHER","items_purchased":["Swivel+1","Apotheosis","Bag of Marbles","Replay:Rubber Ducky"],"campfire_rested":1,"item_purchase_floors":[4,27,53,53],"current_hp_per_floor":[59,59,39,39,39,39,39,39,39,39,32,32,30,32,32,36,60,62,66,66,66,48,38,42,42,42,42,44,44,48,52,52,26,61,61,61,61,69,53,73,80,83,83,83,83,83,83,83,83,40,72,83,83,44,7],"gold":71,"neow_bonus":"BOSS_RELIC","is_daily":false,"chose_seed":false,"campfire_upgraded":5,"win_rate":0.0,"timestamp":1612771945,"path_taken":["M","M","?","$","?","R","E","M","T","M","E","M","E","?","R","BOSS","M","M","?","?","?","E","M","R","T","$","E","?","?","E","R","BOSS","M","?","?","M","M","E","M","E","T","E","R","?","M","E","R","BOSS","R","$","E","BOSS"],"items_purchased_type":["Card","Card","Relic","Relic"],"build_version":"2020-12-22","purchased_purges":2,"victory":true,"max_hp_per_floor":[68,68,68,68,68,68,68,68,68,68,68,68,68,68,68,68,68,68,68,68,68,73,73,73,73,73,73,73,73,73,73,73,73,73,73,69,69,69,69,83,83,83,83,83,83,83,83,83,83,83,83,83,83,83,83],"relic_stats":{"counters":[30,152],"Juzu Bracelet":2,"War Paint":["Vigilance","Defend_P"],"obtain_stats":[{"Lantern":26,"Velvet Choker":0,"Mango":40,"Juzu Bracelet":28,"War Paint":44,"Empty Cage":34,"Replay:Rubber Ducky":53,"Honey Jar":17,"Iron Hammer":9,"Snack Pack":11,"Red Mask":30,"Bag of Marbles":53,"Replay:Bottled Snecko":7,"PureWater":0,"Grinning Jar":42,"Toxic Egg 2":48,"TungstenRod":13,"Unceasing Top":23,"Toy Ornithopter":31,"InkBottle":54},{"Lantern":14,"Velvet Choker":0,"Mango":22,"Juzu Bracelet":15,"War Paint":25,"Empty Cage":18,"Replay:Rubber Ducky":28,"Honey Jar":10,"Iron Hammer":4,"Snack Pack":6,"Red Mask":16,"Bag of Marbles":28,"Replay:Bottled Snecko":3,"PureWater":0,"Grinning Jar":24,"Toxic Egg 2":27,"TungstenRod":8,"Unceasing Top":13,"Toy Ornithopter":17,"InkBottle":29},{"Lantern":49,"Velvet Choker":0,"Mango":92,"Juzu Bracelet":54,"War Paint":111,"Empty Cage":70,"Replay:Rubber Ducky":136,"Honey Jar":35,"Iron Hammer":9,"Snack Pack":16,"Red Mask":56,"Bag of Marbles":136,"Replay:Bottled Snecko":8,"PureWater":0,"Grinning Jar":104,"Toxic Egg 2":123,"TungstenRod":25,"Unceasing Top":46,"Toy Ornithopter":61,"InkBottle":143}],"TungstenRod":48,"Unceasing Top":[1],"Toy Ornithopter":25,"InkBottle":[3]},"card_choices":[{"not_picked":["WaveOfTheHand","TalkToTheHand"],"picked":"Fasting2","floor":1.0},{"not_picked":["SignatureMove","Replay:AtTheReady"],"picked":"Conclude","floor":2.0},{"not_picked":["Perseverance","ClearTheMind"],"picked":"WheelKick","floor":7.0},{"not_picked":["Protect","EmptyFist"],"picked":"TalkToTheHand","floor":8.0},{"not_picked":["Replay:ManipulateFuture","Halt"],"picked":"Adaptation","floor":10.0},{"not_picked":["Wallop","ReachHeaven"],"picked":"Vault","floor":11.0},{"not_picked":["Replay:AtTheReady","Protect","WindmillStrike"],"picked":"SKIP","floor":12.0},{"not_picked":["PathToVictory","EmptyBody"],"picked":"CutThroughFate","floor":13.0},{"not_picked":["Replay:BluntJabs","Evaluate","SignatureMove"],"picked":"SKIP","floor":14.0},{"not_picked":["DeusExMachina","Replay:LoomingThreat"],"picked":"Scrawl","floor":16.0},{"not_picked":["Worship","SashWhip","CrushJoints"],"picked":"Wallop","floor":18.0},{"not_picked":["BowlingBash","Evaluate","JustLucky"],"picked":"CarveReality","floor":19.0},{"not_picked":["SignatureMove","FollowUp","Halt"],"picked":"CrushJoints+1","floor":23.0},{"not_picked":["Halt","FlyingSleeves","Nirvana"],"picked":"Scrawl","floor":24.0},{"not_picked":["FlyingSleeves","SashWhip","Replay:Hum+1"],"picked":"Wireheading+1","floor":28.0},{"not_picked":["WreathOfFlame","Adaptation","CrushJoints"],"picked":"JustLucky","floor":30.0},{"not_picked":["Adaptation","Replay:Cycle","MentalFortress"],"picked":"CrushJoints","floor":31.0},{"not_picked":["Omniscience","Wish","DeusExMachina"],"picked":"Vault","floor":33.0},{"not_picked":["FollowUp","Evaluate","SandsOfTime"],"picked":"BowlingBash+1","floor":35.0},{"not_picked":["SashWhip","Crescendo","Conclude+1"],"picked":"InnerPeace+1","floor":38.0},{"not_picked":["FollowUp","Replay:ManipulateFuture+1","ForeignInfluence"],"picked":"Replay:AtTheReady","floor":39.0},{"not_picked":["WreathOfFlame+1","Omniscience","Wireheading"],"picked":"Meditate","floor":40.0},{"not_picked":["FlyingSleeves","Conclude","ClearTheMind"],"picked":"FearNoEvil","floor":41.0},{"not_picked":["ForeignInfluence+1","EmptyMind","BattleHymn"],"picked":"Replay:Vibes","floor":42.0},{"not_picked":["Collect","EmptyBody","DeceiveReality"],"picked":"Crescendo","floor":44.0},{"not_picked":["PathToVictory","BowlingBash+1","MasterReality"],"picked":"CutThroughFate","floor":47.0},{"not_picked":["Swivel+1","BowlingBash","Replay:ManipulateFuture+1"],"picked":"Tantrum","floor":48.0},{"not_picked":["Replay:AtTheReady+1","Halt+1","Nirvana+1"],"picked":"DeceiveReality+1","floor":54.0}],"player_experience":426009,"relics_obtained":[{"floor":7.0,"key":"Replay:Bottled Snecko"},{"floor":9.0,"key":"Iron Hammer"},{"floor":11.0,"key":"Snack Pack"},{"floor":13.0,"key":"TungstenRod"},{"floor":23.0,"key":"Unceasing Top"},{"floor":26.0,"key":"Lantern"},{"floor":28.0,"key":"Juzu Bracelet"},{"floor":30.0,"key":"Red Mask"},{"floor":31.0,"key":"Toy Ornithopter"},{"floor":40.0,"key":"Mango"},{"floor":42.0,"key":"Grinning Jar"},{"floor":44.0,"key":"War Paint"},{"floor":48.0,"key":"Toxic Egg 2"},{"floor":54.0,"key":"InkBottle"}],"event_choices":[{"damage_healed":0.0,"max_hp_gain":0.0,"max_hp_loss":0.0,"gold_gain":0.0,"event_name":"Shining Light","player_choice":"Entered Light","floor":3.0,"gold_loss":0.0,"damage_taken":20.0,"cards_upgraded":["Fasting2","Defend_P"]},{"damage_healed":0.0,"max_hp_gain":0.0,"max_hp_loss":0.0,"gold_gain":0.0,"event_name":"Lab","player_choice":"Got Potions","floor":5.0,"gold_loss":0.0,"damage_taken":0.0},{"cards_removed":["Strike_P"],"damage_healed":0.0,"max_hp_gain":0.0,"max_hp_loss":0.0,"gold_gain":0.0,"event_name":"Beggar","player_choice":"Gave Gold","floor":20.0,"gold_loss":75.0,"damage_taken":0.0},{"damage_healed":0.0,"max_hp_gain":0.0,"max_hp_loss":0.0,"gold_gain":0.0,"event_name":"Vampires","player_choice":"Ignored","floor":21.0,"gold_loss":0.0,"damage_taken":0.0},{"damage_healed":0.0,"max_hp_gain":5.0,"max_hp_loss":0.0,"gold_gain":0.0,"event_name":"Forgotten Altar","player_choice":"Shed Blood","floor":22.0,"gold_loss":0.0,"damage_taken":24.0},{"damage_healed":0.0,"max_hp_gain":0.0,"max_hp_loss":0.0,"gold_gain":0.0,"event_name":"Masked Bandits","player_choice":"Fought Bandits","floor":30.0,"gold_loss":0.0,"damage_taken":0.0},{"damage_healed":0.0,"max_hp_gain":0.0,"max_hp_loss":4.0,"gold_gain":0.0,"event_name":"Winding Halls","player_choice":"Max HP","floor":36.0,"gold_loss":0.0,"damage_taken":0.0},{"damage_healed":0.0,"max_hp_gain":0.0,"max_hp_loss":0.0,"gold_gain":0.0,"event_name":"Duplicator","player_choice":"Copied","floor":37.0,"gold_loss":0.0,"damage_taken":0.0,"cards_obtained":["TalkToTheHand"]},{"damage_healed":0.0,"max_hp_gain":0.0,"max_hp_loss":0.0,"gold_gain":50.0,"event_name":"Golden Shrine","player_choice":"Pray","floor":46.0,"gold_loss":0.0,"damage_taken":0.0}],"is_beta":false,"boss_relics":[{"not_picked":["Replay:Ancient Bell","Snecko Heart"],"picked":"Honey Jar"},{"not_picked":["SacredBark","Cursed Key"],"picked":"Empty Cage"}],"items_purged_floors":[4,53],"is_endless":false,"potions_floor_spawned":[1,8,11,13,19,23,31,33,40,41,44,47,54],"ascension_level":16}}