{"host":"aduepa6pof7ckcrz","time":1612751975,"event":{"mods":["Act Like it!","Arknights","Aspiration","BaseMod","CapriCore","Colored Map","Colored Powertips","Downfall","Hallownest","Hermit","Hubris","Minty Spire (QoL Compilation)","Quick Restart","Replay The Spire","Robot Space Explorer","Shop Mod","StSLib","The Bug Knight","The Marked"],"gold_per_floor":[117,0,0,14,14,14,14,14,95,114,143,153,153,153,153,249,249,267,267,267,267,143,156,167,220,220,256,284,311,346,471,471,576,576,597,597,597,622,644,644,678,678,687,722,746,769,803,803,803,803],"floor_reached":51,"language":"FRA","playtime":3191,"items_purged":["ReplayTheSpireMod:Splinters"],"score":850,"play_id":"f5028446-b203-45db-9d90-d4ccd950d8fa","local_time":"20210208033935","is_ascension_mode":false,"campfire_choices":[{"data":"ats:Very Hot Blade","floor":6,"key":"SMITH"},{"data":"ats:Phantom","floor":13,"key":"SMITH"},{"data":"ats:Emotion Absorption","floor":15,"key":"SMITH"},{"data":"ats:Nebulous Foxfire","floor":32,"key":"SMITH"},{"data":"ats:Composite Medical Shells","floor":40,"key":"SMITH"},{"data":"ats:Volcano","floor":42,"key":"SMITH"},{"data":"ats:Apocalypse","floor":49,"key":"SMITH"}],"circlet_count":0,"master_deck":["ats:Strike C","ats:Strike G","ats:Strike S","ats:Strike V","ats:Armor Crushing Shot","ats:Defend","ats:Defend","ats:Defend","ats:Defend","ats:Emotion Absorption+1","ats:Very Hot Blade+1","ats:Very Hot Blade","ats:Powerful Strike","ats:Steam Pump","ats:Disruption Kick","ats:Chain Hook+1","ats:Apocalypse+1","ats:Chain Hook+1","ats:Shell Defense","ats:Revitalization+1","ats:Steam Pump","ats:Sashimi Platter+1","ats:Shadow Raid","ats:Nebulous Foxfire+1","ats:Volcano+1","ats:Charging Defense","ats:Absolute Focus","hubris:DuctTapeCard","ats:Revitalization+1","ats:Directed Diagnosis+1","ats:Thorns+1"],"relics":["ats:Sanity","NeowsBlessing","Bag of Marbles","Hallownest:DreamNailRelic","Hallownest:TeacherSealRelic","hubris:Icosahedron","ReplayTheSpireMod:Ninjato","ats:Originium","StrikeDummy","Sozu","Mango","ReplayTheSpireMod:Ring of Challenge","Ring of Misfortune","ats:Berate","Ornamental Fan","CeramicFish","hubris:Metronome","Empty Cage","Hallownest:HeavyBlowRelic","hubris:Towel","FossilizedHelix","hubris:DuctTape","Letter Opener","Ancient Tea Set"],"acts_visited":["Hallownest:Greenpath","Hallownest:CityofTears","Hallownest:KingdomsEdge"],"potions_floor_usage":[11,16],"damage_taken":[{"damage":0,"enemies":"Hallownest:2_Baldur","floor":1,"turns":1},{"damage":0,"enemies":"Hallownest:2_MossCreeps","floor":4,"turns":1},{"damage":0,"enemies":"Hallownest:2_Tiktiks_and_1_Crawlid","floor":10,"turns":2},{"damage":13,"enemies":"Hallownest:eliteMossKnight","floor":11,"turns":3},{"damage":18,"enemies":"Hallownest:2_Tiktiks_1_Baldur_1_Crawlid","floor":12,"turns":3},{"damage":22,"enemies":"Hallownest:BossBrokenVessel","floor":16,"turns":6},{"damage":23,"enemies":"Hallownest:Guard_and_Sentry","floor":18,"turns":4},{"damage":0,"enemies":"Hallownest:Flukemon_and_Top","floor":23,"turns":4},{"damage":28,"enemies":"Hallownest:2_Flukemon","floor":24,"turns":7},{"damage":14,"enemies":"Hallownest:eliteSoulWarrior","floor":27,"turns":7},{"damage":0,"enemies":"Hallownest:Warrior_and_Youth","floor":28,"turns":4},{"damage":6,"enemies":"Hallownest:monsterMisterMushroom","floor":29,"turns":4},{"damage":0,"enemies":"Hallownest:Nosk","floor":30,"turns":6},{"damage":31,"enemies":"Hallownest:Glutton_and_Coward","floor":31,"turns":5},{"damage":15,"enemies":"Hallownest:BossMantisLord","floor":33,"turns":9},{"damage":26,"enemies":"Hallownest:2_Littles","floor":35,"turns":5},{"damage":3,"enemies":"Hallownest:3_Siblings","floor":38,"turns":6},{"damage":27,"enemies":"Hallownest:monsterPrimalAspid","floor":39,"turns":6},{"damage":30,"enemies":"Hallownest:eliteHiveKnight","floor":41,"turns":11},{"damage":0,"enemies":"Hallownest:StalkingDevout","floor":44,"turns":4},{"damage":0,"enemies":"Hallownest:Shield_Sturdy","floor":45,"turns":3},{"damage":0,"enemies":"Hallownest:2_Soldiers_and_1_Guardian","floor":46,"turns":4},{"damage":0,"enemies":"Hallownest:eliteCollector","floor":47,"turns":8},{"damage":71,"enemies":"Hallownest:Radiance","floor":50,"turns":14}],"seed_played":"486915358302385985","potions_obtained":[{"floor":4,"key":"DuplicationPotion"},{"floor":12,"key":"AttackPotion"}],"is_trial":false,"path_per_floor":["M","?","?","M","?","R","?","$","T","M","E","M","R","?","R","B",null,"M","T","?","?","$","M","M","T","T","E","M","M","E","M","R","B",null,"M","?","?","M","M","R","E","R","T","E","M","M","E","?","R","B",null],"character_chosen":"DOCTOR_CLASS","items_purchased":["ats:Shell Defense"],"campfire_rested":0,"item_purchase_floors":[22],"current_hp_per_floor":[72,72,72,72,72,72,72,72,72,72,59,41,41,48,48,26,72,49,63,63,63,63,69,86,86,86,86,86,86,86,85,85,86,86,86,86,86,86,75,75,76,76,76,86,86,86,86,86,86,86],"gold":803,"neow_bonus":"THREE_ENEMY_KILL","is_daily":false,"chose_seed":false,"campfire_upgraded":7,"win_rate":0.0,"timestamp":1612751975,"path_taken":["M","?","?","?","?","R","?","?","T","?","E","M","R","?","R","BOSS","M","?","?","?","$","M","M","?","T","E","M","M","E","?","R","BOSS","M","?","?","M","M","R","E","R","T","E","M","M","E","?","R","BOSS"],"items_purchased_type":["Card"],"build_version":"2020-12-22","purchased_purges":1,"victory":true,"max_hp_per_floor":[72,72,72,72,72,72,72,72,72,72,72,72,72,72,72,72,72,72,86,86,86,86,86,86,86,86,86,86,86,86,86,86,86,86,86,86,86,86,86,86,86,86,86,86,86,86,86,86,86,86],"card_choices":[{"not_picked":["ats:Guard Mode","ats:Guardian Obelisk"],"picked":"ats:Very Hot Blade","floor":1},{"not_picked":["ats:Powerful Strike","ats:Support Order"],"picked":"ats:Very Hot Blade","floor":4},{"not_picked":["ats:Revitalization","ats:Literary Storm"],"picked":"ats:Powerful Strike","floor":10},{"not_picked":["ats:Automatic Cover","ats:Very Hot Blade"],"picked":"ats:Phantom","floor":11},{"not_picked":["ats:Revitalization","ats:Song Of Battle"],"picked":"ats:Steam Pump","floor":12},{"not_picked":["ats:Soul Rend","ats:True Silver Slash"],"picked":"ats:Disruption Kick","floor":16},{"not_picked":["ats:Closed Bolt Burst Fire+1","ats:Spore Proliferation"],"picked":"ats:Chain Hook+1","floor":18},{"not_picked":["ats:Absolute Focus","ats:Thermite Blade"],"picked":"ats:Apocalypse","floor":21},{"not_picked":["ats:Rapid Magazine+1","ats:Revitalization"],"picked":"ats:Chain Hook+1","floor":21},{"not_picked":["ats:Very Hot Blade","ats:Automatic Cover"],"picked":"ats:Revitalization+1","floor":23},{"not_picked":["ats:Sunburst","ats:Soul Rend"],"picked":"ats:Steam Pump","floor":24},{"not_picked":["ats:Thermite Blade","ats:Cat Scratch+1"],"picked":"ats:Sashimi Platter+1","floor":27},{"not_picked":["ats:Explosion Area Strengthen","ats:Demon Strength"],"picked":"ats:Shadow Raid","floor":28},{"not_picked":["ats:Demon Strength+1","ats:Shell Defense+1"],"picked":"ats:Flexible Camouflage","floor":29},{"not_picked":["ats:Guard Mode","ats:Explosion Area Strengthen"],"picked":"ats:Nebulous Foxfire","floor":30},{"not_picked":["ats:Leaping Hammer+1","ats:Revitalization+1"],"picked":"ats:Thorns","floor":31},{"not_picked":["ats:Ambush","ats:Roar Of Ursus"],"picked":"ats:Volcano","floor":33},{"not_picked":["ats:Poison Spread+1","ats:Hammer On+1"],"picked":"ats:Charging Defense","floor":35},{"not_picked":["ats:Healing Drone+1","ats:Consecutive Shot Auto+1"],"picked":"ats:Absolute Focus","floor":38},{"not_picked":["ats:Neurotoxin+1","ats:Thorns+1"],"picked":"ats:Composite Medical Shells","floor":39},{"not_picked":["ats:Curse Doll","ats:Blood Oath","ats:Shell Defense"],"picked":"SKIP","floor":41},{"not_picked":["ats:Part Time Job+1","ats:Collapsing Strike+1","ats:Revitalization"],"picked":"SKIP","floor":44},{"not_picked":["ats:Cat Scratch","ats:Defend Order+1"],"picked":"ats:Revitalization+1","floor":45},{"not_picked":["ats:Red Shift+1","ats:Poison Spread"],"picked":"ats:Directed Diagnosis+1","floor":46},{"not_picked":["ats:Directed Diagnosis+1","ats:Absolute Focus"],"picked":"ats:Thorns+1","floor":47}],"player_experience":1014881,"relics_obtained":[{"floor":9,"key":"ReplayTheSpireMod:Ninjato"},{"floor":11,"key":"ats:Originium"},{"floor":11,"key":"StrikeDummy"},{"floor":19,"key":"Mango"},{"floor":20,"key":"ReplayTheSpireMod:Ring of Challenge"},{"floor":20,"key":"Ring of Misfortune"},{"floor":25,"key":"ats:Berate"},{"floor":26,"key":"Ornamental Fan"},{"floor":27,"key":"ats:Originium"},{"floor":27,"key":"CeramicFish"},{"floor":30,"key":"ats:Originium"},{"floor":30,"key":"hubris:Metronome"},{"floor":41,"key":"ats:Originium"},{"floor":41,"key":"FossilizedHelix"},{"floor":43,"key":"hubris:DuctTape"},{"floor":44,"key":"Letter Opener"},{"floor":47,"key":"Ancient Tea Set"}],"event_choices":[],"is_beta":false,"boss_relics":[{"not_picked":["Replay:Wanted Poster","Kintsugi"],"picked":"Sozu"},{"not_picked":["ChewingGum","hubris:TerracottaHorce"],"picked":"Empty Cage"}],"items_purged_floors":[22],"is_endless":false,"potions_floor_spawned":[4,12,23,24,29,33,38,41,46,47],"ascension_level":0}}