{"host":"ej105hmlhg4ikw5v","time":1612765850,"event":{"mods":["AchievementEnabler","BaseMod","Better Sensory Stone","Better Skull","Better Vampires","Block Reminder","CapriCore","Colored Map","Colored Powertips","DeckTracker","Dio Mod","GifTheSpireLib","Highlight Path","Lobotomy","LobotomyExtend","Marisa????????","Minty Spire (QoL Compilation)","Permanent Neow","Prisma Mod","Quick Restart","Relic Stats","Remilia??????","Replay The Spire","Shop Mod","Spicy Shops","StSLib","The Immortal","The Senshi","The Wild Card","Waifu the Spire"],"gold_per_floor":[115,115,131,131,24,24,34,47,47,68,68,68,102,3,3,115,115,127,30,49,49,68,68,79,124,193,233,233,259,259,299,299,404,404,417,97,124,166,91,171,171,171,171,171,171,185,204,204,236,249,249,249,249],"floor_reached":52,"language":"SPA","playtime":3275,"items_purged":["Pride"],"score":670,"play_id":"cead5f54-98e0-4bd4-8031-de03c0ea0fbe","local_time":"20210208033050","is_ascension_mode":true,"campfire_choices":[{"data":"OrrerysSun","floor":6.0,"key":"SMITH"},{"floor":11.0,"key":"REST"},{"floor":12.0,"key":"REST"},{"floor":23.0,"key":"REST"},{"floor":28.0,"key":"REST"},{"data":"AsteroidBelt","floor":30.0,"key":"SMITH"},{"floor":32.0,"key":"REST"},{"data":"DC","floor":41.0,"key":"SMITH"},{"data":"MilkyWay","floor":44.0,"key":"SMITH"},{"floor":48.0,"key":"REST"},{"data":"PowerUp","floor":51.0,"key":"SMITH"}],"circlet_count":0,"master_deck":["Strike_MRS","Strike_MRS","Strike_MRS","Strike_MRS","Defend_MRS+1","Defend_MRS+1","Defend_MRS","Defend_MRS","MasterSpark","UpSweep+1","PowerUp+1","OrrerysSun+1","GravityBeat","Robbery","DC","GalacticHalo","DoubleSpark+1","ShootTheMoon","MilkyWay+1","AsteroidBelt+1","EventHorizon","EnergyFlow","DragonMeteor","MysteriousBeam","BlazingStar","DoubleSpark+1","BlazeAway+1","DC+1","DarkMatter","6A","Sadistic Nature","Sadistic Nature","Bandage Up","WitchOfGreed","FairyDestructionRay","LuminesStrike","ShootingEcho","ChargeUpSpray","Singularity+1","DC+1","MachineGunSpark","WitchLeyline+1","PowerUp+1"],"relics":["MiniHakkero","Bag of Marbles","LetterFromLob","Incense Burner","Replay:Wax Seal","WingedGreaves","Busted Crown","Simple Rune","Quantum Egg","Regal Pillow","Bottled Tornado","Honey Jar","BargainBundle","ReplayTheSpireMod:ShopPack","Dream Catcher","Snack Pack"],"acts_visited":["Exordium","TheCity","TheBeyond"],"potions_floor_usage":[],"damage_taken":[{"damage":7.0,"enemies":"Jaw Worm","floor":1.0,"turns":2.0},{"damage":0.0,"enemies":"Cultist","floor":3.0,"turns":2.0},{"damage":7.0,"enemies":"Small Slimes","floor":7.0,"turns":3.0},{"damage":4.0,"enemies":"Exordium Wildlife","floor":8.0,"turns":3.0},{"damage":36.0,"enemies":"Lots of Slimes","floor":10.0,"turns":4.0},{"damage":0.0,"enemies":"2 Fungi Beasts","floor":13.0,"turns":2.0},{"damage":43.0,"enemies":"Slime Boss","floor":16.0,"turns":9.0},{"damage":0.0,"enemies":"Spheric Guardian","floor":18.0,"turns":3.0},{"damage":11.0,"enemies":"2 Thieves","floor":20.0,"turns":3.0},{"damage":23.0,"enemies":"Snecko","floor":22.0,"turns":6.0},{"damage":12.0,"enemies":"Snake Plant","floor":24.0,"turns":2.0},{"damage":0.0,"enemies":"Gremlin Leader","floor":25.0,"turns":7.0},{"damage":19.0,"enemies":"Slavers","floor":27.0,"turns":6.0},{"damage":11.0,"enemies":"Centurion and Healer","floor":29.0,"turns":5.0},{"damage":26.0,"enemies":"Book of Stabbing","floor":31.0,"turns":7.0},{"damage":10.0,"enemies":"Collector","floor":33.0,"turns":8.0},{"damage":9.0,"enemies":"3 Shapes","floor":35.0,"turns":3.0},{"damage":18.0,"enemies":"3 Darklings","floor":37.0,"turns":3.0},{"damage":0.0,"enemies":"Transient","floor":38.0,"turns":5.0},{"damage":28.0,"enemies":"Nemesis","floor":40.0,"turns":6.0},{"damage":28.0,"enemies":"Writhing Mass","floor":46.0,"turns":3.0},{"damage":0.0,"enemies":"Spire Growth","floor":47.0,"turns":2.0},{"damage":0.0,"enemies":"Sphere and 2 Shapes","floor":49.0,"turns":3.0},{"damage":4.0,"enemies":"4 Shapes","floor":50.0,"turns":3.0},{"damage":0,"enemies":"Awakened One","floor":52,"turns":1}],"seed_played":"6603069685692985989","potions_obtained":[{"floor":7.0,"key":"Energy Potion"},{"floor":10.0,"key":"DuplicationPotion"},{"floor":16.0,"key":"Dexterity Potion"},{"floor":25.0,"key":"Fire Potion"},{"floor":29.0,"key":"Strength Potion"},{"floor":31.0,"key":"Energy Potion"},{"floor":33.0,"key":"Ancient Potion"},{"floor":35.0,"key":"Weak Potion"},{"floor":37.0,"key":"SneckoOil"},{"floor":37.0,"key":"Elixir"},{"floor":38.0,"key":"Fire Potion"},{"floor":40.0,"key":"Energy Potion"},{"floor":47.0,"key":"Block Potion"},{"floor":49.0,"key":"Adrenaline Potion"}],"is_trial":false,"path_per_floor":["M","?","M","?","$","R","M","M","T","M","R","R","M","$","R_BF","B",null,"M","$","M","M","M","R","M","E","T","E","R","M","R","E","R","B",null,"M","$","M","M","$","E","R","PTL","PTL","R","T","M","M","R","M","M","R","B"],"character_chosen":"MARISA","items_purchased":["Replay:Wax Seal","DoubleSpark+1","BlessingOfTheForge","Fruit Juice","BargainBundle","BlazeAway+1","DC","DarkMatter","6A","ReplayTheSpireMod:ShopPack","SkillPotion","Energy Potion","WitchOfGreed","ShootingEcho"],"campfire_rested":6,"item_purchase_floors":[5,14,14,19,36,36,36,36,36,36,36,36,36,39],"current_hp_per_floor":[68,68,68,50,50,50,43,39,39,3,25,47,47,47,69,26,75,75,80,69,46,23,47,35,35,35,16,55,44,44,18,57,47,80,71,71,57,61,61,37,37,37,37,37,37,19,27,66,72,74,74,74,74],"gold":249,"neow_bonus":"RANDOM_COMMON_RELIC","is_daily":false,"chose_seed":false,"campfire_upgraded":5,"win_rate":0.0,"timestamp":1612765850,"path_taken":["M","?","?","?","?","R","M","M","T","M","R","R","M","$","R_BF","BOSS","M","$","M","M","M","R","M","E","T","E","R","M","R","E","R","BOSS","M","$","M","M","?","E","R","PTL","PTL","R","T","M","M","R","M","M","R","BOSS"],"items_purchased_type":["Relic","Card","Potion","Potion","Relic","Card","Card","Card","Card","Relic","Potion","Potion","Card","Card"],"build_version":"2020-12-22","purchased_purges":1,"victory":false,"max_hp_per_floor":[75,75,75,75,75,75,75,75,75,75,75,75,75,75,75,75,75,75,80,80,80,80,80,80,80,80,80,80,80,80,80,80,80,80,80,80,80,80,80,80,80,80,80,80,80,80,80,80,80,80,80,80,80],"relic_stats":{"Regal Pillow":45,"Dream Catcher":1,"Busted Crown":44,"counters":[25,101],"obtain_stats":[{"Regal Pillow":27,"BargainBundle":36,"Quantum Egg":26,"Incense Burner":4,"Bottled Tornado":31,"Dream Catcher":40,"Busted Crown":17,"Honey Jar":34,"Simple Rune":25,"WingedGreaves":9,"Bag of Marbles":0,"LetterFromLob":1,"Snack Pack":45,"MiniHakkero":0,"Replay:Wax Seal":5,"ReplayTheSpireMod:ShopPack":36},{"Regal Pillow":13,"BargainBundle":17,"Quantum Egg":12,"Incense Burner":2,"Bottled Tornado":15,"Dream Catcher":20,"Busted Crown":7,"Honey Jar":16,"Simple Rune":12,"WingedGreaves":4,"Bag of Marbles":0,"LetterFromLob":1,"Snack Pack":20,"MiniHakkero":0,"Replay:Wax Seal":2,"ReplayTheSpireMod:ShopPack":17},{"Regal Pillow":52,"BargainBundle":75,"Quantum Egg":46,"Incense Burner":4,"Bottled Tornado":64,"Dream Catcher":89,"Busted Crown":25,"Honey Jar":72,"Simple Rune":46,"WingedGreaves":10,"Bag of Marbles":0,"LetterFromLob":2,"Snack Pack":89,"MiniHakkero":0,"Replay:Wax Seal":4,"ReplayTheSpireMod:ShopPack":75}]},"card_choices":[{"not_picked":["ShootingEcho","AsteroidBelt"],"picked":"PowerUp","floor":1.0},{"not_picked":["EnergyFlow","LuminesStrike"],"picked":"OrrerysSun","floor":3.0},{"not_picked":["Orbital","BigCrunch"],"picked":"GravityBeat","floor":7.0},{"not_picked":["DoubleSpark","Occultation"],"picked":"Robbery","floor":8.0},{"not_picked":["Orbital","IllusionStar"],"picked":"DC","floor":10.0},{"not_picked":["Acceleration","ShootingEcho"],"picked":"GalacticHalo","floor":13.0},{"not_picked":["EscapeVelocity","ManaRampage"],"picked":"BinaryStars","floor":16.0},{"not_picked":[],"picked":"ShootTheMoon","floor":18.0},{"not_picked":[],"picked":"MilkyWay","floor":20.0},{"not_picked":["ShootingEcho"],"picked":"SKIP","floor":22.0},{"not_picked":[],"picked":"AsteroidBelt","floor":24.0},{"not_picked":[],"picked":"EventHorizon","floor":25.0},{"not_picked":[],"picked":"EnergyFlow","floor":27.0},{"not_picked":[],"picked":"DragonMeteor","floor":29.0},{"not_picked":[],"picked":"MysteriousBeam","floor":31.0},{"not_picked":[],"picked":"BlazingStar","floor":33.0},{"not_picked":["LuminesStrike"],"picked":"DoubleSpark+1","floor":35.0},{"not_picked":["Midas Touch"],"picked":"Sadistic Nature","floor":36.0},{"not_picked":["ReplayTheSpireMod:Private Reserves"],"picked":"Sadistic Nature","floor":36.0},{"not_picked":["Forethought"],"picked":"Bandage Up","floor":36.0},{"not_picked":["NonDirectionalLaser"],"picked":"FairyDestructionRay","floor":37.0},{"not_picked":["OneTimeOff+1"],"picked":"LuminesStrike","floor":38.0},{"not_picked":["DarkSpark"],"picked":"ChargeUpSpray","floor":40.0},{"not_picked":["ShootingEcho"],"picked":"Singularity+1","floor":46.0},{"not_picked":["WitchOfGreed"],"picked":"DC+1","floor":47.0},{"not_picked":["Orbital"],"picked":"MachineGunSpark","floor":48.0},{"not_picked":["PowerUp"],"picked":"WitchLeyline+1","floor":49.0},{"not_picked":["Acceleration+1"],"picked":"PowerUp","floor":50.0}],"player_experience":335884,"relics_obtained":[{"floor":1.0,"key":"LetterFromLob"},{"floor":9.0,"key":"WingedGreaves"},{"floor":25.0,"key":"Simple Rune"},{"floor":26.0,"key":"Quantum Egg"},{"floor":27.0,"key":"Regal Pillow"},{"floor":31.0,"key":"Bottled Tornado"},{"floor":40.0,"key":"Dream Catcher"},{"floor":45.0,"key":"Snack Pack"}],"event_choices":[{"damage_healed":0.0,"max_hp_gain":0.0,"max_hp_loss":0.0,"gold_gain":0.0,"event_name":"Upgrade Shrine","player_choice":"Upgraded","floor":2.0,"gold_loss":0.0,"damage_taken":0.0,"cards_upgraded":["UpSweep"]},{"damage_healed":0.0,"max_hp_gain":0.0,"max_hp_loss":0.0,"gold_gain":0.0,"event_name":"Scrap Ooze","player_choice":"Success","floor":4.0,"gold_loss":0.0,"damage_taken":18.0,"relics_obtained":["Incense Burner"]}],"is_beta":false,"boss_relics":[{"not_picked":["Cursed Key","ChewingGum"],"picked":"Busted Crown"},{"not_picked":["Sozu","Pandora\u0027s Box"],"picked":"Honey Jar"}],"items_purged_floors":[5],"is_endless":false,"potions_floor_spawned":[7,10,16,25,29,31,33,35,37,38,47],"killed_by":"Awakened One","ascension_level":3}}