{"host":"k7udt7atmcuzf6l0","time":1612791929,"event":{"mods":["AchievementEnabler","BaseMod","BetterRewards","Colored Map","Colored Powertips","Highlight Path","Minty Spire (QoL Compilation)","Quick Restart","Rare Cards Sparkle","Relic Stats","StSLib","UnlockEverythingMod"],"gold_per_floor":[111,111,111,126,140,140,152,152,204,204,230,230,230,241,241,338,338,358,368,118,138,151,151,162,173,196,196,212,63,63,77,77,77,77],"floor_reached":33,"language":"ZHS","playtime":672,"items_purged":[],"score":251,"play_id":"074eccaf-a44a-4a49-8caa-ebb20568dcd0","local_time":"20210208214529","is_ascension_mode":false,"campfire_choices":[{"data":"Rupture","floor":6.0,"key":"SMITH"},{"data":"Shockwave","floor":8.0,"key":"SMITH"},{"data":"Inflame","floor":12.0,"key":"SMITH"},{"data":"Pummel","floor":15.0,"key":"SMITH"},{"data":"Reaper","floor":23,"key":"SMITH"},{"data":"Bash","floor":27,"key":"SMITH"},{"data":"Rupture","floor":30,"key":"SMITH"},{"data":"Seeing Red","floor":32,"key":"SMITH"}],"circlet_count":0,"master_deck":["Strike_R","Strike_R+1","Strike_R","Strike_R","Strike_R+1","Defend_R+1","Defend_R","Defend_R","Defend_R+1","Bash+1","Combust+1","Shockwave+1","Rupture+1","Inflame+1","Pummel+1","Reaper+1","Whirlwind+1","Spot Weakness+1","Twin Strike+1","Carnage+1","Rupture+1","Cleave+1","Seeing Red+1","Armaments+1","Anger+1"],"relics":["Burning Blood","NeowsBlessing","War Paint","Nunchaku","Sozu","Bottled Flame","Vajra","Orrery"],"acts_visited":["Exordium","TheCity"],"potions_floor_usage":[21],"damage_taken":[{"damage":0.0,"enemies":"Jaw Worm","floor":1.0,"turns":1.0},{"damage":0.0,"enemies":"2 Louse","floor":4.0,"turns":1.0},{"damage":0.0,"enemies":"Cultist","floor":5.0,"turns":1.0},{"damage":16.0,"enemies":"Red Slaver","floor":7.0,"turns":3.0},{"damage":19.0,"enemies":"Lagavulin","floor":11.0,"turns":5.0},{"damage":11.0,"enemies":"3 Louse","floor":14.0,"turns":3.0},{"damage":40.0,"enemies":"The Guardian","floor":16.0,"turns":9.0},{"damage":4,"enemies":"Chosen","floor":18,"turns":3},{"damage":5,"enemies":"Spheric Guardian","floor":19,"turns":3},{"damage":35,"enemies":"Shelled Parasite and Fungi","floor":21,"turns":3},{"damage":3,"enemies":"Snecko","floor":22,"turns":3},{"damage":22,"enemies":"Snake Plant","floor":24,"turns":3},{"damage":36,"enemies":"Centurion and Healer","floor":25,"turns":4},{"damage":17,"enemies":"Chosen and Byrds","floor":28,"turns":5},{"damage":22,"enemies":"Snecko","floor":31,"turns":5},{"damage":92,"enemies":"Automaton","floor":33,"turns":6}],"seed_played":"4429506905679455859","potions_obtained":[{"floor":1.0,"key":"ColorlessPotion"},{"floor":4.0,"key":"Dexterity Potion"},{"floor":11.0,"key":"Dexterity Potion"},{"floor":13.0,"key":"PowerPotion"},{"floor":13.0,"key":"Fruit Juice"},{"floor":16.0,"key":"DuplicationPotion"}],"is_trial":false,"path_per_floor":["M","?","$","M","M","R","M","R","T","?","E","R","?","M","R","B",null,"M","M","$","M","M","R","M","M","T","R","M","$","R","M","R","B"],"character_chosen":"IRONCLAD","items_purchased":["Bottled Flame","Orrery"],"campfire_rested":0,"item_purchase_floors":[20,29],"current_hp_per_floor":[80,80,80,80,80,80,70,70,70,54,41,41,41,41,41,7,85,85,85,85,56,65,65,62,51,51,51,49,49,49,63,63,0,0],"gold":77,"neow_bonus":"THREE_ENEMY_KILL","is_daily":false,"chose_seed":false,"campfire_upgraded":8,"win_rate":0.0,"timestamp":1612791929,"path_taken":["M","?","$","M","M","R","M","R","T","?","E","R","?","M","R","BOSS","M","M","$","M","M","R","?","M","T","R","M","$","R","M","R","BOSS"],"items_purchased_type":["Relic","Relic"],"build_version":"2020-12-22","purchased_purges":0,"victory":false,"max_hp_per_floor":[80,80,80,80,80,80,80,80,80,80,80,80,80,85,85,85,85,85,85,85,85,85,85,85,85,85,85,85,85,85,85,85,85,85],"relic_stats":{"Sozu":4,"Nunchaku":[6],"counters":[16,58],"War Paint":["Defend_R","Defend_R"],"obtain_stats":[{"Sozu":17,"Nunchaku":11,"Bottled Flame":20,"NeowsBlessing":0,"Vajra":26,"Orrery":29,"War Paint":9,"Burning Blood":0},{"Sozu":7,"Nunchaku":5,"Bottled Flame":9,"NeowsBlessing":0,"Vajra":13,"Orrery":14,"War Paint":4,"Burning Blood":0},{"Sozu":23,"Nunchaku":11,"Bottled Flame":29,"NeowsBlessing":0,"Vajra":42,"Orrery":47,"War Paint":6,"Burning Blood":0}],"Burning Blood":69},"card_choices":[{"not_picked":["Burning Pact","Iron Wave"],"picked":"Combust","floor":1.0},{"not_picked":["Clothesline","Pummel"],"picked":"Shockwave","floor":4.0},{"not_picked":["Flex","Wild Strike"],"picked":"Rupture","floor":5.0},{"not_picked":["Shrug It Off","Clothesline","Perfected Strike"],"picked":"SKIP","floor":7.0},{"not_picked":["Exhume","Power Through"],"picked":"Inflame","floor":11.0},{"not_picked":["Dual Wield","Cleave"],"picked":"Pummel","floor":14.0},{"not_picked":["Berserk","Impervious"],"picked":"Reaper","floor":16.0},{"not_picked":["Twin Strike+1","Clothesline"],"picked":"Whirlwind+1","floor":18},{"not_picked":["Twin Strike+1","Havoc+1"],"picked":"Spot Weakness+1","floor":19},{"not_picked":["Entrench+1","Power Through","Twin Strike"],"picked":"SKIP","floor":21},{"not_picked":["Dropkick","Bludgeon"],"picked":"Twin Strike+1","floor":22},{"not_picked":["Headbutt","Anger"],"picked":"Carnage+1","floor":24},{"not_picked":["True Grit","Rage","Anger"],"picked":"SKIP","floor":25},{"not_picked":["Combust","Twin Strike"],"picked":"Rupture","floor":28},{"not_picked":["Flex","Twin Strike"],"picked":"Cleave+1","floor":29},{"not_picked":["Sentinel","Battle Trance"],"picked":"Seeing Red","floor":29},{"not_picked":["Dropkick","Power Through"],"picked":"Armaments+1","floor":29},{"not_picked":["Entrench","Wild Strike"],"picked":"Anger+1","floor":31}],"player_experience":75120,"relics_obtained":[{"floor":9.0,"key":"War Paint"},{"floor":11.0,"key":"Nunchaku"},{"floor":26,"key":"Vajra"}],"event_choices":[{"damage_healed":0.0,"max_hp_gain":0.0,"max_hp_loss":0.0,"gold_gain":0.0,"event_name":"Living Wall","player_choice":"Grow","floor":2.0,"gold_loss":0.0,"damage_taken":0.0,"cards_upgraded":["Combust"]},{"damage_healed":0.0,"max_hp_gain":0.0,"max_hp_loss":0.0,"gold_gain":0.0,"event_name":"Shining Light","player_choice":"Entered Light","floor":10.0,"gold_loss":0.0,"damage_taken":16.0,"cards_upgraded":["Strike_R","Strike_R"]},{"damage_healed":0.0,"max_hp_gain":0.0,"max_hp_loss":0.0,"gold_gain":0.0,"event_name":"Lab","player_choice":"Got Potions","floor":13.0,"gold_loss":0.0,"damage_taken":0.0}],"is_beta":false,"boss_relics":[{"not_picked":["Astrolabe","Mark of Pain"],"picked":"Sozu"}],"items_purged_floors":[],"is_endless":false,"potions_floor_spawned":[1,4,11,16,21,22,24,25],"killed_by":"Automaton","ascension_level":0}}