{"host":"i70yit5z0kpl303k","time":1612822312,"event":{"mods":["2.2 Compatiblity","Act Like it!","BaseMod","BetterRewards","Evolution","Infinite Spire","Ironclad Rager","Koishi","Marked Mod","Minty Spire (QoL Compilation)","Relic Stats","Reliquary","Replay The Spire","StSLib","The Blue Laboratory","The Marked","TheSwordswoman"],"gold_per_floor":[17,17,17,33,50,50,77,77,103,115,115,442,442,75,75,177,177,189,204,57,57,72,103,103,130,156,170,170,170,170,182,182,293,293,325,325,364,364,364,364,420,420,444,489,546,546,591,643,643,643,643],"floor_reached":50,"language":"ENG","playtime":1961,"items_purged":[],"score":887,"play_id":"c59a74c3-53eb-4ce1-98c2-6e8dd33a1f66","local_time":"20210208141152","is_ascension_mode":true,"campfire_choices":[{"floor":6,"key":"REST"},{"floor":8,"key":"REST"},{"floor":11,"key":"REST"},{"data":"infinitespire:Neurotoxin","floor":13,"key":"SMITH"},{"floor":15,"key":"REST"},{"floor":24,"key":"REST"},{"floor":29,"key":"REST"},{"floor":32,"key":"REST"},{"floor":40,"key":"REST"},{"floor":42,"key":"RECALL"},{"floor":49,"key":"REST"}],"circlet_count":0,"master_deck":["Survivor","Neutralize","Poisoned Stab","Poisoned Stab","Poisoned Stab","Poisoned Stab","Poisoned Stab","Dodge and Roll","Dodge and Roll+1","Dodge and Roll","Dodge and Roll","Dodge and Roll","Footwork","infinitespire:UltimateForm","Bane","Blade Dance","Bouncing Flask+1","Sucker Punch","infinitespire:Neurotoxin+1","Caltrops+1","Catalyst+1","Corpse Explosion+1","PiercingWail+1","Blade Dance+1","Slice+1","Night Terror","Outmaneuver+1","Terror","Poisoned Stab","Deadly Poison+1","Concentrate+1","Well Laid Plans","Envenom","Blade Dance+1","Discovery","ReplayTheSpireMod:Scrap Shanks+1","Blade Dance+1","Slice+1","Finisher+1","Burst","Deadly Poison+1","Quick Slash","Prepared+1"],"relics":["Ring of the Snake","EVO:Axolotl","Bag of Preparation","reliquary:Stiletto","Old Coin","Mummified Hand","ChewingGum","MealTicket","Dream Catcher","Oddly Smooth Stone","reliquary:Buckler","ReplayTheSpireMod:Shallot","infinitespire:EvilPickle","Replay:Grab Bag","Painkiller Herb","Fusion Hammer","WristBlade","Black Star","infinitespire:Joker Card","War Paint","Blue Candle","Unceasing Top","ReplayTheSpireMod:TigerMarble"],"acts_visited":["Exordium","TheCity","TheBeyond"],"potions_floor_usage":[19,27,27,27,35,45,50],"damage_taken":[{"damage":3,"enemies":"Jaw Worm","floor":1,"turns":3},{"damage":0,"enemies":"Small Slimes","floor":4,"turns":3},{"damage":0,"enemies":"Cultist","floor":5,"turns":2},{"damage":14,"enemies":"Gremlin Nob","floor":7,"turns":4},{"damage":13,"enemies":"Lots of Slimes","floor":10,"turns":3},{"damage":29,"enemies":"3 Sentries","floor":12,"turns":7},{"damage":0,"enemies":"The Guardian","floor":16,"turns":7},{"damage":0,"enemies":"Chosen","floor":18,"turns":4},{"damage":3,"enemies":"2 Thieves","floor":19,"turns":4},{"damage":11,"enemies":"Snake Plant","floor":22,"turns":3},{"damage":2,"enemies":"Replay:Snechameleon","floor":23,"turns":6},{"damage":30,"enemies":"Book of Stabbing","floor":25,"turns":3},{"damage":5,"enemies":"Shelled Parasite and Fungi","floor":27,"turns":3},{"damage":15,"enemies":"Snecko","floor":31,"turns":4},{"damage":22,"enemies":"Pondfish","floor":33,"turns":8},{"damage":15,"enemies":"3 Darklings","floor":35,"turns":5},{"damage":0,"enemies":"Orb Walker","floor":37,"turns":2},{"damage":0,"enemies":"Orb Walker","floor":39,"turns":2},{"damage":0,"enemies":"Nemesis","floor":41,"turns":1},{"damage":0,"enemies":"3 Darklings","floor":44,"turns":2},{"damage":8,"enemies":"R_Hoarder","floor":45,"turns":5},{"damage":23,"enemies":"Sphere and 2 Shapes","floor":47,"turns":2},{"damage":0,"enemies":"4 Shapes","floor":48,"turns":3},{"damage":57,"enemies":"Replay:Hell Engine","floor":50,"turns":5}],"seed_played":"-3360594627002375349","potions_obtained":[{"floor":4,"key":"blueLaboratory:LouseDecoction"},{"floor":10,"key":"blueLaboratory:ArtistsPotion"},{"floor":12,"key":"blueLaboratory:LouseDecoction"},{"floor":19,"key":"PowerPotion"},{"floor":27,"key":"blueLaboratory:StoneskinPotion"},{"floor":39,"key":"blueLaboratory:NullPotion"},{"floor":44,"key":"blueLaboratory:BubblePotion"},{"floor":45,"key":"blueLaboratory:LouseDecoction"},{"floor":48,"key":"Dexterity Potion"}],"is_trial":false,"path_per_floor":["M","?","?","M","M","R","E","R","T","M","R","E","R","$","R","B",null,"M","M","$","?","M","E","R","E","T","M","?","R","T","M","R","B",null,"?","?","?","AVR","?","T","E","T","T","?","E","?","?","?","T","B"],"character_chosen":"THE_SILENT","items_purchased":["Mummified Hand","Caltrops+1","Catalyst","MealTicket"],"campfire_rested":9,"item_purchase_floors":[14,14,14,20],"current_hp_per_floor":[42,27,27,27,27,45,31,49,49,36,54,25,25,25,43,43,63,63,60,60,54,43,41,59,29,29,24,24,42,42,27,45,23,63,48,48,48,48,48,63,63,63,63,63,55,55,32,32,50,0,0],"gold":643,"neow_bonus":"SILENT_ASSASSIN","is_daily":false,"chose_seed":false,"campfire_upgraded":1,"win_rate":0.0,"timestamp":1612822312,"path_taken":["M","?","?","?","M","R","E","R","T","M","R","E","R","$","R","BOSS","M","M","?","?","?","E","R","E","T","M","?","R","?","M","R","BOSS","?","?","?","AVR","?","T","E","T","T","?","E","?","?","?","T","BOSS"],"items_purchased_type":["Relic","Card","Card","Relic"],"build_version":"2020-12-22","purchased_purges":0,"victory":false,"max_hp_per_floor":[63,63,63,63,63,63,63,63,63,63,63,63,63,63,63,63,63,63,63,63,63,63,63,63,63,63,63,63,63,63,63,63,63,63,63,63,63,63,63,63,63,63,63,63,63,63,63,63,63,63,63],"relic_stats":{"Dream Catcher":5,"counters":[24,91],"Mummified Hand":[33],"Blue Candle":[0],"MealTicket":0,"Bag of Preparation":[40],"Black Star":2,"War Paint":["Dodge and Roll","Catalyst"],"obtain_stats":[{"Replay:Grab Bag":34,"Blue Candle":41,"Oddly Smooth Stone":25,"Painkiller Herb":34,"infinitespire:Joker Card":38,"Bag of Preparation":7,"EVO:Axolotl":0,"War Paint":41,"Old Coin":12,"infinitespire:EvilPickle":33,"Dream Catcher":23,"ReplayTheSpireMod:Shallot":30,"WristBlade":34,"Mummified Hand":14,"ChewingGum":17,"MealTicket":20,"reliquary:Buckler":26,"reliquary:Stiletto":9,"Fusion Hammer":34,"Black Star":38,"ReplayTheSpireMod:TigerMarble":45,"Unceasing Top":45,"Ring of the Snake":0},{"Replay:Grab Bag":15,"Blue Candle":19,"Oddly Smooth Stone":12,"Painkiller Herb":15,"infinitespire:Joker Card":17,"Bag of Preparation":4,"EVO:Axolotl":0,"War Paint":19,"Old Coin":6,"infinitespire:EvilPickle":15,"Dream Catcher":11,"ReplayTheSpireMod:Shallot":13,"WristBlade":15,"Mummified Hand":6,"ChewingGum":7,"MealTicket":9,"reliquary:Buckler":12,"reliquary:Stiletto":4,"Fusion Hammer":15,"Black Star":17,"ReplayTheSpireMod:TigerMarble":21,"Unceasing Top":21,"Ring of the Snake":0},{"Replay:Grab Bag":64,"Blue Candle":74,"Oddly Smooth Stone":49,"Painkiller Herb":64,"infinitespire:Joker Card":71,"Bag of Preparation":12,"EVO:Axolotl":0,"War Paint":74,"Old Coin":22,"infinitespire:EvilPickle":64,"Dream Catcher":46,"ReplayTheSpireMod:Shallot":52,"WristBlade":64,"Mummified Hand":22,"ChewingGum":29,"MealTicket":37,"reliquary:Buckler":49,"reliquary:Stiletto":12,"Fusion Hammer":64,"Black Star":71,"ReplayTheSpireMod:TigerMarble":81,"Unceasing Top":81,"Ring of the Snake":0}],"Unceasing Top":[2],"Ring of the Snake":[48]},"card_choices":[{"not_picked":["Underhanded Strike","Fluid Movement"],"picked":"Footwork","floor":1},{"not_picked":["infinitespire:NeuralNetwork","ReplayTheSpireMod:Haul"],"picked":"infinitespire:UltimateForm","floor":2},{"not_picked":["Sucker Punch","Flying Knee"],"picked":"Bane","floor":4},{"not_picked":["Acrobatics","ReplayTheSpireMod:Exploit Weakness"],"picked":"Blade Dance","floor":5},{"not_picked":["Draining Mist","Bane"],"picked":"Bouncing Flask","floor":7},{"not_picked":["Choke","Heel Hook"],"picked":"Sucker Punch","floor":10},{"not_picked":["Eviscerate","Acrobatics"],"picked":"infinitespire:Neurotoxin","floor":12},{"not_picked":["Venomology","Glass Knife"],"picked":"Corpse Explosion","floor":16},{"not_picked":["Outmaneuver","Backflip+1"],"picked":"PiercingWail+1","floor":18},{"not_picked":["Prepared+1","ReplayTheSpireMod:Shiv Toss"],"picked":"Blade Dance+1","floor":19},{"not_picked":["Tactician+1","Sucker Punch"],"picked":"Slice+1","floor":22},{"not_picked":["Deflect","Dagger Spray"],"picked":"Night Terror","floor":23},{"not_picked":["Sucker Punch","Choke+1"],"picked":"Outmaneuver+1","floor":24},{"not_picked":["Dodge and Roll","ReplayTheSpireMod:Scrap Shanks"],"picked":"Terror","floor":25},{"not_picked":["Setup","ReplayTheSpireMod:Tripwire+1"],"picked":"Poisoned Stab","floor":27},{"not_picked":["Fluid Movement","Quick Slash"],"picked":"Deadly Poison+1","floor":29},{"not_picked":["All Out Attack","Deflect"],"picked":"Concentrate+1","floor":31},{"not_picked":["PiercingWail","Slice"],"picked":"Well Laid Plans","floor":32},{"not_picked":["infinitespire:Neurotoxin","Tools of the Trade"],"picked":"Envenom","floor":33},{"not_picked":["Escape Plan+1","Hidden Blade+1"],"picked":"Blade Dance+1","floor":35},{"not_picked":["Trip","Survey Options"],"picked":"Discovery","floor":36},{"not_picked":["Hidden Blade","Flying Knee+1"],"picked":"ReplayTheSpireMod:Scrap Shanks+1","floor":37},{"not_picked":["Sucker Punch","Quick Slash"],"picked":"Blade Dance+1","floor":40},{"not_picked":["Skewer","Quick Slash"],"picked":"Slice+1","floor":41},{"not_picked":["Slice+1","Outmaneuver"],"picked":"Finisher+1","floor":44},{"not_picked":["Leg Sweep+1","Prepared+1"],"picked":"Burst","floor":45},{"not_picked":["PiercingWail+1","Escape Plan"],"picked":"Deadly Poison+1","floor":47},{"not_picked":["Deflect","Skewer+1"],"picked":"Quick Slash","floor":48},{"not_picked":["Toxin Wave","PiercingWail"],"picked":"Prepared+1","floor":49}],"player_experience":274405,"relics_obtained":[{"floor":7,"key":"Bag of Preparation"},{"floor":9,"key":"reliquary:Stiletto"},{"floor":12,"key":"Old Coin"},{"floor":23,"key":"Dream Catcher"},{"floor":25,"key":"Oddly Smooth Stone"},{"floor":26,"key":"reliquary:Buckler"},{"floor":30,"key":"ReplayTheSpireMod:Shallot"},{"floor":41,"key":"War Paint"},{"floor":41,"key":"Blue Candle"},{"floor":45,"key":"Unceasing Top"},{"floor":45,"key":"ReplayTheSpireMod:TigerMarble"}],"event_choices":[{"damage_healed":0,"gold_gain":0,"player_choice":"Ignored","damage_taken":0,"max_hp_gain":0,"max_hp_loss":0,"event_name":"WeMeetAgain","floor":3,"gold_loss":0},{"damage_healed":0,"gold_gain":0,"player_choice":"","damage_taken":6,"max_hp_gain":0,"max_hp_loss":0,"event_name":"Knowing Skull","floor":21,"potions_obtained":[],"gold_loss":0,"cards_obtained":[]},{"damage_healed":0,"gold_gain":0,"player_choice":"Memory 1","damage_taken":0,"max_hp_gain":0,"max_hp_loss":0,"event_name":"SensoryStone","floor":36,"gold_loss":0},{"damage_healed":0,"gold_gain":0,"player_choice":"Ignored","damage_taken":0,"max_hp_gain":0,"max_hp_loss":0,"event_name":"Tomb of Lord Red Mask","floor":46,"gold_loss":0}],"is_beta":false,"boss_relics":[{"not_picked":["Ectoplasm","Pandora\u0027s Box"],"picked":"ChewingGum"},{"not_picked":["Cursed Key","Velvet Choker"],"picked":"Replay:Grab Bag"},{"not_picked":["reliquary:Ember","reliquary:RedPaperclip"],"picked":"Painkiller Herb"},{"not_picked":["reliquary:WritOfMandamus","Runic Dome"],"picked":"Fusion Hammer"},{"not_picked":["HoveringKite","Snecko Scales"],"picked":"WristBlade"}],"items_purged_floors":[],"is_endless":false,"potions_floor_spawned":[4,10,12,19,22,23,27,39,44,45,48],"killed_by":"Replay:Hell Engine","ascension_level":1}}