{"host":"oigynbtg272c19pw","time":1612802986,"event":{"mods":["BaseMod","Colored Map","Minty Spire (QoL Compilation)","Relic Stats","Slay the Relics Exporter","StSLib"],"gold_per_floor":[14,25,25,175,135,135,166,187,235,254,2,22,58,81,81,176,176,116,116,116,116,116,116,116],"floor_reached":23,"playtime":1301,"items_purged":["Doubt"],"score":406,"play_id":"606208ba-2d0b-458f-9b75-4464a75ee6b8","local_time":"20210208174946","is_ascension_mode":true,"campfire_choices":[{"data":"Neutralize","floor":6,"key":"SMITH"},{"data":"Bouncing Flask","floor":15,"key":"SMITH"}],"circlet_count":0,"master_deck":["AscendersBane","Strike_G","Strike_G","Strike_G","Strike_G","Strike_G","Defend_G","Defend_G","Defend_G","Defend_G","Defend_G","Survivor","Neutralize+1","Acrobatics","Backstab","Bouncing Flask+1","Escape Plan","Footwork","Die Die Die","Backflip","Endless Agony","Deadly Poison","Adrenaline","Blade Dance","Flechettes+1","Backstab+1"],"relics":["Ring of the Snake","Du-Vu Doll","Golden Idol","Lantern","Omamori","Kunai","Ectoplasm","Calipers"],"acts_visited":["Exordium","TheCity"],"potions_floor_usage":[7,7,13,16,22,23],"damage_taken":[{"damage":2,"enemies":"Jaw Worm","floor":1,"turns":5},{"damage":1,"enemies":"Small Slimes","floor":2,"turns":3},{"damage":35,"enemies":"3 Sentries","floor":7,"turns":13},{"damage":0,"enemies":"Cultist","floor":8,"turns":2},{"damage":0,"enemies":"Red Slaver","floor":10,"turns":3},{"damage":0,"enemies":"3 Louse","floor":12,"turns":1},{"damage":3,"enemies":"Gremlin Nob","floor":13,"turns":3},{"damage":0,"enemies":"Exordium Thugs","floor":14,"turns":4},{"damage":12,"enemies":"Hexaghost","floor":16,"turns":9},{"damage":0,"enemies":"2 Thieves","floor":18,"turns":4},{"damage":0,"enemies":"Chosen","floor":20,"turns":3},{"damage":16,"enemies":"Snake Plant","floor":22,"turns":4},{"damage":38,"enemies":"Gremlin Leader","floor":23,"turns":6}],"seed_played":"1291265362363232214","potions_obtained":[{"floor":1,"key":"SneckoOil"},{"floor":5,"key":"Explosive Potion"},{"floor":5,"key":"EntropicBrew"},{"floor":7,"key":"GamblersBrew"},{"floor":16,"key":"CunningPotion"},{"floor":20,"key":"ColorlessPotion"}],"is_trial":false,"path_per_floor":["M","M","?","?","?","R","E","M","T","M","$","M","E","M","R","B",null,"M","T","M","?","M","E"],"character_chosen":"THE_SILENT","items_purchased":["Die Die Die"],"campfire_rested":0,"item_purchase_floors":[11],"current_hp_per_floor":[57,56,56,56,56,56,21,21,21,21,21,21,18,18,18,6,47,47,47,47,47,31,0,0],"gold":116,"neow_bonus":"ONE_RARE_RELIC","is_daily":false,"chose_seed":false,"campfire_upgraded":2,"win_rate":0.0,"timestamp":1612802986,"path_taken":["M","M","?","?","?","R","E","M","T","M","$","?","E","M","R","BOSS","M","?","M","?","M","E"],"items_purchased_type":["Card"],"build_version":"2020-12-13","purchased_purges":1,"victory":false,"max_hp_per_floor":[66,66,60,60,60,60,60,60,60,60,60,60,60,60,60,60,60,60,60,60,60,60,60,60],"relic_stats":{"counters":[13,60],"Golden Idol":62,"Ectoplasm":172,"Kunai":[15],"obtain_stats":[{"Du-Vu Doll":0,"Lantern":7,"Calipers":19,"Golden Idol":3,"Ectoplasm":17,"Omamori":9,"Kunai":13,"Ring of the Snake":0},{"Du-Vu Doll":0,"Lantern":3,"Calipers":10,"Golden Idol":2,"Ectoplasm":9,"Omamori":4,"Kunai":7,"Ring of the Snake":0},{"Du-Vu Doll":0,"Lantern":21,"Calipers":47,"Golden Idol":8,"Ectoplasm":43,"Omamori":23,"Kunai":30,"Ring of the Snake":0}],"Ring of the Snake":[26]},"card_choices":[{"not_picked":["Calculated Gamble","Bane"],"picked":"Acrobatics","floor":1},{"not_picked":["Dagger Spray","Quick Slash"],"picked":"Backstab","floor":2},{"not_picked":["Slice","Escape Plan"],"picked":"Bouncing Flask","floor":7},{"not_picked":["Riddle With Holes","Bane"],"picked":"Escape Plan","floor":8},{"not_picked":["Dagger Throw","Blade Dance"],"picked":"Footwork","floor":10},{"not_picked":["Underhanded Strike","Expertise"],"picked":"Backflip","floor":12},{"not_picked":["Backflip","Flying Knee"],"picked":"Endless Agony","floor":13},{"not_picked":["Backflip","Expertise"],"picked":"Deadly Poison","floor":14},{"not_picked":["Bullet Time","Glass Knife"],"picked":"Adrenaline","floor":16},{"not_picked":["Backflip","Acrobatics"],"picked":"Blade Dance","floor":18},{"not_picked":["Backstab","Choke"],"picked":"Flechettes+1","floor":20},{"not_picked":["Accuracy","Backflip"],"picked":"Backstab+1","floor":22}],"player_experience":1567378,"relics_obtained":[{"floor":7,"key":"Lantern"},{"floor":9,"key":"Omamori"},{"floor":13,"key":"Kunai"},{"floor":19,"key":"Calipers"}],"event_choices":[{"damage_healed":0,"gold_gain":0,"player_choice":"Lose Max HP","damage_taken":0,"relics_obtained":["Golden Idol"],"max_hp_gain":0,"max_hp_loss":6,"event_name":"Golden Idol","floor":3,"gold_loss":0},{"damage_healed":0,"gold_gain":150,"player_choice":"AGREE","damage_taken":0,"max_hp_gain":0,"max_hp_loss":0,"event_name":"Liars Game","floor":4,"gold_loss":0,"cards_obtained":["Doubt"]},{"damage_healed":0,"gold_gain":0,"player_choice":"Bought 3 Potions","damage_taken":0,"max_hp_gain":0,"max_hp_loss":0,"event_name":"The Woman in Blue","floor":5,"gold_loss":0},{"damage_healed":0,"gold_gain":50,"player_choice":"Stole From Cult","damage_taken":0,"max_hp_gain":0,"max_hp_loss":0,"event_name":"Nest","floor":21,"gold_loss":0}],"is_beta":false,"boss_relics":[{"not_picked":["Ring of the Serpent","Tiny House"],"picked":"Ectoplasm"}],"items_purged_floors":[11],"is_endless":false,"potions_floor_spawned":[1,7,10,16,20],"killed_by":"Gremlin Leader","ascension_level":20}}