{"host":"rk1e5mmpnpniq13w","time":1612749510,"event":{"mods":["BaseMod","Colored Powertips","Downfall","Hubris","Minty Spire (QoL Compilation)","Replay The Spire","StSLib","The Bug Knight","The Cursed","The Disciple","The Servant 0.9.4"],"gold_per_floor":[99,109,284,0,19,19,43,56,70,70,89,101,13,25,38,140,140,40,51,65,65,92,89,124,146,169,209,238,279,67,97,114,212,212,112,129,149,24,50,50,50,67,67,67,94,114,14,34,51,51,51,80,42,42,42,42,42,42],"floor_reached":56,"language":"ENG","playtime":7810,"items_purged":["Doubt","downfall:Haunted","hubris:Sloth"],"score":974,"play_id":"43992f9c-2ad9-43f3-b56d-6918a91e909b","local_time":"20210207205830","is_ascension_mode":true,"campfire_choices":[{"floor":1,"key":"RECALL"},{"data":"Slimebound:AcidTongue","floor":10,"key":"SMITH"},{"floor":18,"key":"REST"},{"floor":35,"key":"REST"},{"floor":43,"key":"REST"},{"floor":47,"key":"REST"},{"floor":54,"key":"REST"}],"circlet_count":0,"master_deck":["Slimebound:Strike_Slimebound","Slimebound:Strike_Slimebound","Slimebound:Strike_Slimebound","Slimebound:Tackle","Slimebound:Defend_Slimebound","Slimebound:Defend_Slimebound","Slimebound:Defend_Slimebound","Slimebound:Defend_Slimebound","Slimebound:Split","Slimebound:CorrosiveSpit","Slimebound:FormOfPuddle","Slimebound:RejuvenatingLick","Slimebound:RejuvenatingLick","Slimebound:SplitAcid","Slimebound:LeechingTouch","Slimebound:ItLooksTasty","Slimebound:AcidTongue+1","ReplayTheSpireMod:Private Reserves","Slimebound:Schlurp","Slimebound:SplitBruiser","Slimebound:Prepare+1","Slimebound:ViciousTackle","Slimebound:HauntingLick","Slimebound:AcidTongue","Slimebound:Schlurp","Slimebound:SamplingLick+1","Slimebound:Replication+1","RitualDagger","Slimebound:GoopTackle+1","Slimebound:SamplingLick","Slimebound:Prepare+1","Slimebound:SplitMire+1","Slimebound:LeechLife","Pot Of Greed","Pot Of Greed","Pot Of Greed","Doubt","Looming Evil","Pot Of Greed","Slimebound:SamplingLick+1","expansioncontent:Chronoboost","Slimebound:AcidTongue+1","Slimebound:Schlurp+1","Slimebound:ComboTackle","Slimebound:DuplicatedForm","Slimebound:SamplingLick+1","Slimebound:Schlurp+1","Slimebound:LevelUp"],"relics":["Busted Crown","ReplayFunnel","Replay:Grab Bag","Fusion Hammer","Painkiller Herb","Ring of Chaos","downfall:HeartBlessingRed","MawBank","Happy Flower","Replay:Bottled Eggs","hubris:SphereOfDissonance","Replay:Bottled Flurry","Tiny Chest","Replay:Ancient Bell","Grinning Jar","Quantum Egg","Counterbalance","downfall:HeartBlessingGreen","Bag of Marbles","Prayer Wheel","downfall:HeartBlessingBlue","Gremlin Food"],"acts_visited":["Exordium","TheCity","TheBeyond","TheEnding"],"potions_floor_usage":[29,30,30,30,33,46,46,49,55,55,55],"damage_taken":[{"damage":6,"enemies":"Jaw Worm","floor":2,"turns":3},{"damage":5,"enemies":"downfall:FleeingMerchant","floor":4,"turns":4},{"damage":0,"enemies":"2 Louse","floor":5,"turns":1},{"damage":0,"enemies":"Cultist","floor":8,"turns":3},{"damage":0,"enemies":"Blue Slaver","floor":9,"turns":3},{"damage":0,"enemies":"Exordium Thugs","floor":11,"turns":5},{"damage":0,"enemies":"Gremlin Gang","floor":12,"turns":3},{"damage":0,"enemies":"downfall:FleeingMerchant","floor":13,"turns":4},{"damage":11,"enemies":"Lots of Slimes","floor":14,"turns":3},{"damage":17,"enemies":"Exordium Wildlife","floor":15,"turns":5},{"damage":18,"enemies":"DF_ARCHETYPE_STREAMLINE","floor":16,"turns":7},{"damage":7,"enemies":"Spheric Guardian","floor":19,"turns":4},{"damage":0,"enemies":"Shell Parasite","floor":20,"turns":6},{"damage":1,"enemies":"downfall:FleeingMerchant","floor":23,"turns":4},{"damage":1,"enemies":"Snecko","floor":25,"turns":4},{"damage":14,"enemies":"Chosen and Byrds","floor":26,"turns":4},{"damage":1,"enemies":"HollowMod:Nosk","floor":27,"turns":9},{"damage":0,"enemies":"Centurion and Healer","floor":28,"turns":9},{"damage":10,"enemies":"Book of Stabbing","floor":29,"turns":7},{"damage":0,"enemies":"downfall:FleeingMerchant","floor":30,"turns":3},{"damage":6,"enemies":"Gremlin Leader","floor":31,"turns":5},{"damage":0,"enemies":"Snecko","floor":32,"turns":3},{"damage":14,"enemies":"IC_MUSHROOM_ARCHETYPE","floor":33,"turns":8},{"damage":8,"enemies":"Orb Walker","floor":36,"turns":3},{"damage":43,"enemies":"3 Darklings","floor":37,"turns":8},{"damage":5,"enemies":"Maw","floor":42,"turns":8},{"damage":55,"enemies":"Nemesis","floor":45,"turns":11},{"damage":3,"enemies":"Writhing Mass","floor":46,"turns":3},{"damage":19,"enemies":"Jaw Worm Horde","floor":48,"turns":7},{"damage":35,"enemies":"4 Shapes","floor":49,"turns":9},{"damage":51,"enemies":"SI_POISON_ARCHETYPE","floor":50,"turns":9},{"damage":62,"enemies":"downfall:CharBossMerchant","floor":52,"turns":7},{"damage":37,"enemies":"downfall:NeowBoss","floor":55,"turns":13},{"damage":82,"enemies":"downfall:NeowBossFinal","floor":56,"turns":11}],"seed_played":"-4767508675729077763","potions_obtained":[{"floor":2,"key":"Swift Potion"},{"floor":8,"key":"Cursed Concoction"},{"floor":11,"key":"Adrenaline Potion"},{"floor":16,"key":"Fire Potion"},{"floor":29,"key":"ColorlessPotion"},{"floor":31,"key":"Swift Potion"},{"floor":32,"key":"Swift Potion"},{"floor":33,"key":"FearPotion"},{"floor":42,"key":"Elixir"},{"floor":45,"key":"SkillPotion"},{"floor":46,"key":"ColorlessPotion"},{"floor":48,"key":"Slimebound:SlimyTonguePotion"},{"floor":52,"key":"Venom Potion"}],"is_trial":false,"path_per_floor":["R","M","?","$","M","?","T","M","M","R","M","M","$","M","M","B",null,"T","?","?","?","T","T","T","?","?","E","?","E","T","E","?","B",null,"T","?","?","T","?","T","T","?","T","?","E","?","T","?","?","B",null,"E","T","T","B","B"],"character_chosen":"SLIMEBOUND","items_purchased":["Slimebound:RejuvenatingLick","Slimebound:SplitAcid","Slimebound:LeechingTouch","Slimebound:ItLooksTasty","Slimebound:AcidTongue","Fruit Juice","Fruit Juice","Replay:Bottled Flurry","Slimebound:LevelUp"],"campfire_rested":5,"item_purchase_floors":[4,4,4,4,13,30,30,30,53],"current_hp_per_floor":[65,59,59,54,54,54,54,54,54,54,54,54,54,43,26,8,65,65,58,58,52,52,51,51,50,36,35,35,25,35,29,29,15,75,75,67,75,75,75,75,75,70,75,75,38,35,70,85,65,52,85,82,82,85,81,0,0,0],"gold":42,"neow_bonus":"BOSS_RELIC","is_daily":false,"chose_seed":false,"campfire_upgraded":1,"win_rate":0.0,"timestamp":1612749510,"path_taken":["R","M","?","$","M","?","T","?","M","R","M","M","$","M","M","BOSS","T","?","?","?","?","T","T","?","?","E","?","E","T","E","?","BOSS","T","?","?","T","?","T","T","?","T","?","E","?","T","?","?","BOSS","E","T","T","BOSS","BOSS"],"items_purchased_type":["Card","Card","Card","Card","Card","Potion","Potion","Relic","Card"],"build_version":"2020-12-22","purchased_purges":3,"victory":false,"max_hp_per_floor":[65,65,65,65,65,65,65,65,65,65,65,65,65,65,65,65,65,65,65,65,65,65,65,65,65,65,65,65,65,75,75,75,75,75,75,75,75,75,75,75,75,75,75,75,75,75,85,85,85,85,85,85,85,85,85,85,85,85],"card_choices":[{"not_picked":["Slimebound:TongueLash"],"picked":"SKIP","floor":2},{"not_picked":[],"picked":"Slimebound:FormOfPuddle","floor":4},{"not_picked":[],"picked":"Slimebound:AcidTongue","floor":5},{"not_picked":[],"picked":"Slimebound:SplitBruiser","floor":8},{"not_picked":[],"picked":"Slimebound:Prepare","floor":9},{"not_picked":[],"picked":"Slimebound:ViciousTackle","floor":11},{"not_picked":[],"picked":"Slimebound:HauntingLick","floor":12},{"not_picked":["Slimebound:SlimeBrawl"],"picked":"SKIP","floor":13},{"not_picked":[],"picked":"Slimebound:Schlurp","floor":14},{"not_picked":[],"picked":"Slimebound:SamplingLick","floor":15},{"not_picked":[],"picked":"Slimebound:Replication+1","floor":19},{"not_picked":["Slimebound:SpikyOuterGoop"],"picked":"SKIP","floor":20},{"not_picked":[],"picked":"Slimebound:GoopTackle+1","floor":23},{"not_picked":[],"picked":"Slimebound:SamplingLick","floor":25},{"not_picked":[],"picked":"Slimebound:Prepare","floor":26},{"not_picked":["Slimebound:PressTheAttack"],"picked":"SKIP","floor":27},{"not_picked":[],"picked":"Slimebound:SplitMire+1","floor":28},{"not_picked":["Slimebound:DisruptingSlam"],"picked":"SKIP","floor":29},{"not_picked":["Slimebound:SlimeBrawl"],"picked":"SKIP","floor":30},{"not_picked":["Slimebound:OneTwoCombo"],"picked":"SKIP","floor":31},{"not_picked":["Slimebound:FlameTackle+1"],"picked":"SKIP","floor":32},{"not_picked":[],"picked":"Slimebound:LeechLife","floor":33},{"not_picked":[],"picked":"Doubt","floor":34},{"not_picked":[],"picked":"Looming Evil","floor":34},{"not_picked":[],"picked":"hubris:Sloth","floor":34},{"not_picked":[],"picked":"Slimebound:SamplingLick+1","floor":36},{"not_picked":["Slimebound:SplitAcid+1"],"picked":"SKIP","floor":37},{"not_picked":["Slimebound:PressTheAttack"],"picked":"SKIP","floor":42},{"not_picked":["expansioncontent:LastStand","expansioncontent:GuardianWhirl"],"picked":"expansioncontent:Chronoboost","floor":44},{"not_picked":[],"picked":"Slimebound:AcidTongue+1","floor":45},{"not_picked":[],"picked":"Slimebound:Schlurp+1","floor":46},{"not_picked":["Slimebound:GoopTackle"],"picked":"SKIP","floor":46},{"not_picked":[],"picked":"Slimebound:ComboTackle","floor":48},{"not_picked":[],"picked":"Slimebound:DuplicatedForm","floor":48},{"not_picked":[],"picked":"Slimebound:SamplingLick+1","floor":49},{"not_picked":["Slimebound:RollThrough+1"],"picked":"SKIP","floor":49},{"not_picked":[],"picked":"Slimebound:Schlurp+1","floor":52}],"player_experience":499021,"relics_obtained":[{"floor":7,"key":"ReplayFunnel"},{"floor":22,"key":"MawBank"},{"floor":24,"key":"Happy Flower"},{"floor":27,"key":"Replay:Bottled Eggs"},{"floor":29,"key":"hubris:SphereOfDissonance"},{"floor":31,"key":"Tiny Chest"},{"floor":41,"key":"Bag of Marbles"},{"floor":45,"key":"Prayer Wheel"},{"floor":52,"key":"Gremlin Food"}],"event_choices":[],"is_beta":false,"boss_relics":[{"not_picked":["hubris:TerracottaHorce","Cursed Key"],"picked":"Replay:Grab Bag"},{"not_picked":["Velvet Choker","Replay:Bronze Core"],"picked":"Fusion Hammer"},{"not_picked":["ReplayTheSpireMod:DimensionalGlitch","Runic Dome"],"picked":"Painkiller Herb"},{"not_picked":["SacredBark","hubris:BlackHole"],"picked":"Ring of Chaos"},{"not_picked":["Philosopher\u0027s Stone","Calling Bell"],"picked":"Replay:Ancient Bell"},{"not_picked":["Replay:Baseball","Dream Catcher"],"picked":"Grinning Jar"},{"not_picked":["Mirror","Letter Opener"],"picked":"Quantum Egg"},{"not_picked":["WingedGreaves","hubris:GlazedTorus"],"picked":"Counterbalance"}],"items_purged_floors":[4,30,38],"is_endless":false,"potions_floor_spawned":[2,8,11,14,16,25,29,31,32,33,42,45,46,48,52],"killed_by":"downfall:NeowBossFinal","ascension_level":1}}