{"host":"mnpd8gh7cwxsn5kh","time":1612789130,"event":{"mods":["BaseMod","Bestiary","Block Reminder","Colored Map","Colored Powertips","Highlight Path","Minty Spire (QoL Compilation)","Relic Sorter","Relic Stats"],"gold_per_floor":[118,134,17,117,128,154,165,165,165,165,196,196,196,229,229,229,229],"floor_reached":16,"language":"ENG","playtime":1658,"items_purged":[],"score":189,"play_id":"6360a155-1ec9-4ae6-88f6-65548d56de65","local_time":"20210208135850","is_ascension_mode":true,"campfire_choices":[{"data":"Iron Wave","floor":8,"key":"SMITH"},{"data":"Spot Weakness","floor":10,"key":"SMITH"},{"data":"True Grit","floor":12,"key":"SMITH"},{"data":"Double Tap","floor":15,"key":"SMITH"}],"circlet_count":0,"master_deck":["AscendersBane","Strike_R","Strike_R","Strike_R","Strike_R","Defend_R","Defend_R","Defend_R","Defend_R","Bash","Twin Strike","Flame Barrier","Iron Wave+1","Spot Weakness+1","Double Tap+1","Shrug It Off","True Grit+1","Power Through","Cleave"],"relics":["Burning Blood","Art of War","Bottled Lightning","StrikeDummy","Regal Pillow","Matryoshka"],"acts_visited":["Exordium"],"potions_floor_usage":[7,11],"damage_taken":[{"damage":2,"enemies":"Jaw Worm","floor":1,"turns":5},{"damage":1,"enemies":"Cultist","floor":2,"turns":4},{"damage":1,"enemies":"2 Louse","floor":5,"turns":3},{"damage":30,"enemies":"3 Sentries","floor":6,"turns":9},{"damage":10,"enemies":"Lots of Slimes","floor":7,"turns":4},{"damage":3,"enemies":"Lagavulin","floor":11,"turns":6},{"damage":23,"enemies":"Gremlin Nob","floor":14,"turns":5},{"damage":41,"enemies":"Hexaghost","floor":16,"turns":13}],"seed_played":"1906626125045018766","potions_obtained":[{"floor":1,"key":"Weak Potion"},{"floor":6,"key":"BlessingOfTheForge"},{"floor":14,"key":"Energy Potion"}],"is_trial":false,"path_per_floor":["M","M","$","?","M","E","M","R","T","R","E","R","?","E","R","B"],"character_chosen":"IRONCLAD","items_purchased":["Iron Wave","Spot Weakness"],"campfire_rested":0,"item_purchase_floors":[3,3],"current_hp_per_floor":[76,80,80,80,80,56,52,52,52,52,55,55,55,38,38,0,0],"gold":229,"neow_bonus":"RANDOM_COMMON_RELIC","is_daily":false,"chose_seed":false,"campfire_upgraded":4,"win_rate":0.0,"timestamp":1612789130,"path_taken":["M","M","$","?","?","E","M","R","T","R","E","R","?","E","R","BOSS"],"items_purchased_type":["Card","Card"],"build_version":"2020-12-22","purchased_purges":0,"victory":false,"max_hp_per_floor":[80,80,80,80,80,80,80,80,80,80,80,80,80,80,80,80,80],"relic_stats":{"Regal Pillow":0,"counters":[8,49],"Art of War":[7],"obtain_stats":[{"Regal Pillow":11,"Matryoshka":14,"Art of War":0,"Bottled Lightning":6,"StrikeDummy":9,"Burning Blood":0},{"Regal Pillow":6,"Matryoshka":7,"Art of War":0,"Bottled Lightning":4,"StrikeDummy":5,"Burning Blood":0},{"Regal Pillow":31,"Matryoshka":36,"Art of War":0,"Bottled Lightning":21,"StrikeDummy":25,"Burning Blood":0}],"Burning Blood":36},"card_choices":[{"not_picked":["Body Slam","Clothesline"],"picked":"Twin Strike","floor":1},{"not_picked":["Cleave","Inflame"],"picked":"Flame Barrier","floor":2},{"not_picked":["Sword Boomerang","Blood for Blood","Body Slam"],"picked":"SKIP","floor":5},{"not_picked":["Second Wind","Heavy Blade"],"picked":"Double Tap","floor":6},{"not_picked":["Perfected Strike","Armaments"],"picked":"Shrug It Off","floor":7},{"not_picked":["Metallicize","Rupture"],"picked":"True Grit","floor":11},{"not_picked":["Rampage","Perfected Strike"],"picked":"Cleave","floor":14}],"player_experience":397364,"relics_obtained":[{"floor":6,"key":"Bottled Lightning"},{"floor":9,"key":"StrikeDummy"},{"floor":11,"key":"Regal Pillow"},{"floor":14,"key":"Matryoshka"}],"event_choices":[{"damage_healed":0,"gold_gain":100,"player_choice":"Pray","damage_taken":0,"max_hp_gain":0,"max_hp_loss":0,"event_name":"Golden Shrine","floor":4,"gold_loss":0},{"damage_healed":0,"gold_gain":0,"cards_transformed":["Strike_R"],"player_choice":"Transformed","damage_taken":0,"max_hp_gain":0,"max_hp_loss":0,"event_name":"Transmorgrifier","floor":13,"gold_loss":0,"cards_obtained":["Power Through"]}],"is_beta":false,"boss_relics":[],"items_purged_floors":[],"is_endless":false,"potions_floor_spawned":[1,6,14],"killed_by":"Hexaghost","ascension_level":12}}