{"host":"18ybagvpjbhxblmx","time":1612797890,"event":{"mods":["BaseMod","BetterRewards","Colored Map","Conspire","Friendly Minions","Hermit","Hubris","Infinite Spire","Koishi","Marisa????????","Minty Spire (QoL Compilation)","Quick Restart","Replay The Spire","StSLib","The Administrix","The Cursed","The Runesmith","The Servant 0.9.4"],"gold_per_floor":[109,109,59,59,13,42,42,67,67,93,93,109,109,135,135,237,237,252,24,35,45,65,90,90,119,119,34,34,62,62,77,138,233,233,248,248,248,267,267,297,297,207,207,207,207],"floor_reached":44,"language":"ENG","playtime":4236,"items_purged":["conspire:GhostlyStrike","conspire:GhostlyStrike"],"score":1027,"play_id":"1336f55f-5cb9-4124-9618-be6a74264f4f","local_time":"20210208162450","is_ascension_mode":true,"campfire_choices":[{"data":"Koishi:Untouchable","floor":13.0,"key":"SMITH"},{"data":"Koishi:GhostParty","floor":13.0,"key":"SMITH"},{"data":"conspire:GhostlyStrike","floor":15.0,"key":"PURGE"},{"data":"Koishi:ConfinedInnocent","floor":24.0,"key":"SMITH"},{"data":"Koishi:IdleWhim","floor":24.0,"key":"SMITH"},{"data":"Koishi:SilentAndRestless","floor":30.0,"key":"SMITH"},{"data":"Koishi:ApparitionsStalkTheNight","floor":30.0,"key":"SMITH"},{"data":"Koishi:MassHysteria","floor":41.0,"key":"SMITH"},{"data":"Koishi:ImGoingToCallYouNow","floor":41.0,"key":"SMITH"}],"circlet_count":0,"master_deck":["conspire:GhostlyDefend","conspire:GhostlyDefend","conspire:GhostlyDefend","conspire:GhostlyDefend","Koishi:Provoke+1","Koishi:GhostParty+1","Koishi:Untouchable+1","Koishi:SubconsciousSweep","Koishi:Whimsy","Koishi:StingingMind","Koishi:LastRemote","Koishi:IdleWhim+1","Koishi:RuptureMind","Koishi:MassHysteria+1","Koishi:ReflexRadar","Koishi:ConfinedInnocent+1","Koishi:ApparitionsStalkTheNight+1","Koishi:SilentAndRestless+1","Koishi:LastRemote","Koishi:PredatoryInstincts+1","Koishi:ImGoingToCallYouNow+1"],"relics":["Koishi:ImaginaryFriend","Koishi:BloodstainedWhiteRose","Art of War","Thread and Needle","Pen Nib","hubris:ToyBattleship","Vajra","ReplayTheSpireMod:Shallot","Replay:Arrowhead","Gremlin Horn","StoneCalendar","conspire:TreasureMap","conspire:GiftBox","hubris:Potato","Tiny Chest","infinitespire:Satchel","Black Star","TungstenRod","Koishi:AHoleWhereASisterShouldBe","Anchor","Replay:Bronze Core","ReplayTheSpireMod:Ring of Exchange","infinitespire:Bottled Soul","Replay:Accelerometer","hubris:CrystalStatue","Counterbalance"],"acts_visited":["Exordium","TheCity","TheBeyond"],"potions_floor_usage":[],"damage_taken":[{"damage":0.0,"enemies":"Jaw Worm","floor":1.0,"turns":9.0},{"damage":0.0,"enemies":"3 Sentries","floor":6.0,"turns":11.0},{"damage":1.0,"enemies":"Replay:BlueRogue","floor":8.0,"turns":17.0},{"damage":0.0,"enemies":"3 Sentries","floor":10.0,"turns":8.0},{"damage":0.0,"enemies":"Small Slimes","floor":12.0,"turns":5.0},{"damage":0.0,"enemies":"Gremlin Nob","floor":14.0,"turns":6.0},{"damage":0.0,"enemies":"The Guardian","floor":16.0,"turns":13.0},{"damage":1.0,"enemies":"2 Thieves","floor":18.0,"turns":5.0},{"damage":0.0,"enemies":"3 Byrds","floor":20.0,"turns":2.0},{"damage":1.0,"enemies":"Snake Plant","floor":21.0,"turns":5.0},{"damage":0.0,"enemies":"Cultist and Chosen","floor":22.0,"turns":7.0},{"damage":0.0,"enemies":"conspire:SneckoGhost","floor":23.0,"turns":12.0},{"damage":0.0,"enemies":"Gremlin Leader","floor":25.0,"turns":6.0},{"damage":0.0,"enemies":"Book of Stabbing","floor":29.0,"turns":8.0},{"damage":0.0,"enemies":"Snecko","floor":31.0,"turns":5.0},{"damage":0.0,"enemies":"hubris:MusketHawk","floor":33.0,"turns":10.0},{"damage":0.0,"enemies":"3 Shapes","floor":35.0,"turns":4.0},{"damage":0.0,"enemies":"3 Darklings","floor":38.0,"turns":6.0},{"damage":0.0,"enemies":"Nemesis","floor":40.0,"turns":9.0},{"damage":0,"enemies":"R_Hoarder","floor":44,"turns":1}],"seed_played":"-352676446909421267","potions_obtained":[{"floor":8.0,"key":"EntropicBrew"},{"floor":12.0,"key":"Regen Potion"},{"floor":20.0,"key":"SteroidPotion"},{"floor":22.0,"key":"Block Potion"},{"floor":38.0,"key":"Swift Potion"}],"is_trial":false,"path_per_floor":["M","?","?","?","$","E","?","E","T","E","T","M","R","E","R_BF","B",null,"M","$","M","M","M","E","R","E","T","?","AVR","E","R","M","R_BF","B",null,"M","?","?","M","T","E","R","?","T","E"],"character_chosen":"KOISHI","items_purchased":["Koishi:BloodstainedWhiteRose","Art of War","Koishi:GhostParty","Koishi:Untouchable","Koishi:SubconsciousSweep","Koishi:Whimsy","Koishi:StingingMind","conspire:TreasureMap"],"campfire_rested":0,"item_purchase_floors":[0,0,0,0,0,0,5,19],"current_hp_per_floor":[40,40,40,40,40,52,52,60,60,60,60,60,60,60,60,60,60,60,60,60,60,60,60,60,60,60,60,60,60,60,60,60,60,60,60,60,60,60,60,60,60,60,60,60,60],"gold":207,"neow_bonus":"","is_daily":false,"chose_seed":false,"campfire_upgraded":8,"win_rate":0.0,"timestamp":1612797890,"path_taken":["M","?","?","?","$","E","?","E","T","E","?","M","R","E","R_BF","BOSS","M","$","M","?","M","E","R","E","T","?","AVR","E","R","M","R_BF","BOSS","M","?","?","M","?","E","R","?","T","E"],"items_purchased_type":["Relic","Relic","Card","Card","Card","Card","Card","Relic"],"build_version":"2020-12-22","purchased_purges":2,"victory":false,"max_hp_per_floor":[60,60,60,60,60,60,60,60,60,60,60,60,60,60,60,60,60,60,60,60,60,60,60,60,60,60,60,60,60,60,60,60,60,60,60,60,60,60,60,60,60,60,60,60,60],"card_choices":[{"not_picked":["Koishi:DreadfulBlow","Koishi:JumpScare","Koishi:ParalyzingFear"],"picked":"SKIP","floor":1.0},{"not_picked":["Koishi:RacingHeart","Koishi:ApparitionsStalkTheNight","Koishi:ConditionedTeleport"],"picked":"SKIP","floor":6.0},{"not_picked":["Koishi:PhantomBarrier","Koishi:FleetingPhantom"],"picked":"Koishi:LastRemote","floor":8.0},{"not_picked":["Koishi:GeneticsOfTheUnconscious","Koishi:Heartbroken"],"picked":"Koishi:IdleWhim","floor":10.0},{"not_picked":["Koishi:RacingHeart","Koishi:BloodcurdlingScream","Koishi:EmbersOfLove"],"picked":"SKIP","floor":12.0},{"not_picked":["Koishi:HeartfeltFancy","Koishi:DNAsFlaw","Koishi:SubterraneanRose"],"picked":"SKIP","floor":14.0},{"not_picked":["Koishi:PerfectMindControl","Koishi:MentalBreakdown"],"picked":"Koishi:RuptureMind","floor":16.0},{"not_picked":["Koishi:BramblyRoseGarden","Koishi:SubconsciousSweep"],"picked":"Koishi:MassHysteria","floor":18.0},{"not_picked":["Koishi:SpiritedAway","Koishi:EmbersOfLove+1","Koishi:UnconsciousUprising+1"],"picked":"SKIP","floor":20.0},{"not_picked":["Koishi:Prune","Koishi:HeartfeltFancy","Koishi:ParalyzingFear"],"picked":"SKIP","floor":21.0},{"not_picked":["Koishi:StrangeCloudFist+1","Koishi:Prune"],"picked":"Koishi:ReflexRadar","floor":22.0},{"not_picked":["Koishi:SilentAndRestless","Koishi:PerfectMindControl"],"picked":"Koishi:ConfinedInnocent","floor":23.0},{"not_picked":["Koishi:RorschachInDanmaku","Koishi:ParalyzingFear","Koishi:BramblyRoseGarden"],"picked":"SKIP","floor":23.0},{"not_picked":["Koishi:FourthEye","Koishi:PhantomBarrier+1"],"picked":"Koishi:ApparitionsStalkTheNight","floor":25.0},{"not_picked":["Koishi:MassHysteria","Koishi:FreudianInstinct"],"picked":"Koishi:SilentAndRestless","floor":29.0},{"not_picked":["Koishi:SubterraneanRose","Koishi:PhantomBarrier","Koishi:ReflexRadar"],"picked":"SKIP","floor":31.0},{"not_picked":["Koishi:DreadfulBlow+1","Koishi:HeartfeltFancy","Koishi:JumpScare"],"picked":"SKIP","floor":35.0},{"not_picked":["Koishi:StingingMind+1","Koishi:Jaunt"],"picked":"Koishi:PredatoryInstincts+1","floor":38.0},{"not_picked":["Koishi:FleetingPhantom+1","Koishi:StingingMind"],"picked":"Koishi:ImGoingToCallYouNow","floor":40.0}],"player_experience":331670,"relics_obtained":[{"floor":2.0,"key":"Pen Nib"},{"floor":6.0,"key":"hubris:ToyBattleship"},{"floor":8.0,"key":"Vajra"},{"floor":9.0,"key":"ReplayTheSpireMod:Shallot"},{"floor":10.0,"key":"Replay:Arrowhead"},{"floor":11.0,"key":"Gremlin Horn"},{"floor":14.0,"key":"StoneCalendar"},{"floor":23.0,"key":"conspire:GiftBox"},{"floor":25.0,"key":"hubris:Potato"},{"floor":26.0,"key":"Tiny Chest"},{"floor":29.0,"key":"Koishi:AHoleWhereASisterShouldBe"},{"floor":29.0,"key":"Anchor"},{"floor":36.0,"key":"ReplayTheSpireMod:Ring of Exchange"},{"floor":39.0,"key":"infinitespire:Bottled Soul"},{"floor":40.0,"key":"Replay:Accelerometer"},{"floor":40.0,"key":"hubris:CrystalStatue"},{"floor":43.0,"key":"Counterbalance"}],"event_choices":[{"cards_removed":["Koishi:BasicStrike"],"damage_healed":0.0,"max_hp_gain":0.0,"max_hp_loss":0.0,"gold_gain":0.0,"event_name":"The Cleric","player_choice":"Card Removal","floor":3.0,"gold_loss":50.0,"damage_taken":0.0},{"damage_healed":0.0,"max_hp_gain":0.0,"max_hp_loss":0.0,"gold_gain":0.0,"event_name":"conspire:LoneGhost","player_choice":"Agree","floor":4.0,"gold_loss":0.0,"damage_taken":0.0},{"damage_healed":0.0,"max_hp_gain":0.0,"max_hp_loss":0.0,"gold_gain":0.0,"event_name":"Liars Game","player_choice":"Ignored","floor":7.0,"gold_loss":0.0,"damage_taken":0.0},{"damage_healed":0.0,"max_hp_gain":0.0,"max_hp_loss":0.0,"gold_gain":0.0,"event_name":"Addict","player_choice":"Obtained Relic","floor":27.0,"gold_loss":85.0,"damage_taken":0.0,"relics_obtained":["infinitespire:Satchel"]},{"damage_healed":0.0,"max_hp_gain":0.0,"max_hp_loss":0.0,"gold_gain":0.0,"cards_transformed":["Koishi:HauntingSlash"],"event_name":"Transmorgrifier","player_choice":"Transformed","floor":37.0,"gold_loss":0.0,"damage_taken":0.0,"cards_obtained":["Koishi:LastRemote"]},{"cards_removed":["Voices"],"damage_healed":0.0,"max_hp_gain":0.0,"max_hp_loss":0.0,"gold_gain":0.0,"event_name":"Designer","player_choice":"Upgrade and Remove","floor":42.0,"gold_loss":90.0,"damage_taken":0.0,"cards_upgraded":["Koishi:Provoke"]}],"is_beta":false,"boss_relics":[{"not_picked":["Calling Bell","ReplayTheSpireMod:DimensionalGlitch","Painkiller Herb"]},{"not_picked":["hubris:BlackHole","Fusion Hammer"],"picked":"Replay:Bronze Core"}],"items_purged_floors":[19,28],"is_endless":false,"potions_floor_spawned":[8,12,14,20,21,22,23,38],"killed_by":"R_Hoarder","ascension_level":4}}