{"host":"2wp95sdfrgw3k439","time":1612826302,"event":{"mods":["BaseMod","Better Altar","Better Skull","Better Third Choice","Curses Come First","Minty Spire (QoL Compilation)","Permanent Neow","StSLib"],"gold_per_floor":[10,10,30,40,40,40,55,55,55,55,72,72,92,17,17,115,115,115,115,115,115,115,115],"floor_reached":22,"language":"ENG","playtime":534,"items_purged":["Strike_B"],"score":261,"play_id":"095c297b-b010-4052-a4fd-a33ddd918320","local_time":"20210208161822","is_ascension_mode":true,"campfire_choices":[{"data":"Dualcast","floor":6,"key":"SMITH"},{"data":"Rainbow","floor":8,"key":"SMITH"},{"data":"Go for the Eyes","floor":10,"key":"SMITH"},{"floor":12,"key":"REST"},{"data":"Sweeping Beam","floor":15,"key":"SMITH"}],"circlet_count":0,"master_deck":["Strike_B","Strike_B","Defend_B","Defend_B","Defend_B","Zap","Dualcast+1","Ball Lightning","Go for the Eyes+1","Rainbow+1","Sweeping Beam+1","Conserve Battery","Electrodynamics","Steam+1","Redo+1","Double Energy+1","Lockon"],"relics":["Cracked Core","Du-Vu Doll","StrikeDummy","Question Card","Ectoplasm"],"acts_visited":["Exordium","TheCity"],"potions_floor_usage":[16,19,19],"damage_taken":[{"damage":1,"enemies":"Cultist","floor":1,"turns":3},{"damage":3,"enemies":"2 Louse","floor":3,"turns":2},{"damage":0,"enemies":"Jaw Worm","floor":4,"turns":3},{"damage":11,"enemies":"Large Slime","floor":7,"turns":4},{"damage":21,"enemies":"Lots of Slimes","floor":11,"turns":3},{"damage":1,"enemies":"2 Fungi Beasts","floor":13,"turns":2},{"damage":25,"enemies":"Hexaghost","floor":16,"turns":8},{"damage":0,"enemies":"Spheric Guardian","floor":18,"turns":3},{"damage":12,"enemies":"Shell Parasite","floor":19,"turns":2},{"damage":27,"enemies":"Centurion and Healer","floor":20,"turns":3},{"damage":14,"enemies":"3 Cultists","floor":21,"turns":4},{"damage":11,"enemies":"Cultist and Chosen","floor":22,"turns":4}],"seed_played":"-4827887674714879550","potions_obtained":[{"floor":7,"key":"Fire Potion"},{"floor":13,"key":"BlessingOfTheForge"},{"floor":16,"key":"Strength Potion"},{"floor":18,"key":"PowerPotion"},{"floor":19,"key":"LiquidBronze"}],"is_trial":false,"path_per_floor":["M","T","M","M","?","R","M","R","T","R","M","R","M","$","R","B",null,"M","M","M","M","M"],"character_chosen":"DEFECT","items_purchased":[],"campfire_rested":1,"item_purchase_floors":[],"current_hp_per_floor":[67,67,64,64,64,64,53,53,53,53,32,54,53,53,53,28,63,63,51,24,10,0,0],"gold":115,"neow_bonus":"REMOVE_TWO","is_daily":false,"chose_seed":false,"campfire_upgraded":4,"win_rate":0.0,"timestamp":1612826302,"path_taken":["M","?","?","?","?","R","M","R","T","R","M","R","M","$","R","BOSS","M","M","M","M","M"],"items_purchased_type":[],"build_version":"2020-12-22","purchased_purges":1,"victory":false,"max_hp_per_floor":[75,75,75,75,75,75,75,75,75,75,75,75,75,75,75,75,75,75,75,75,75,75,75],"card_choices":[{"not_picked":["Steam","Darkness"],"picked":"Ball Lightning","floor":1},{"not_picked":["Hello World","Gash"],"picked":"Go for the Eyes","floor":3},{"not_picked":["Redo","Rebound"],"picked":"Sunder","floor":4},{"not_picked":["Genetic Algorithm","Cold Snap"],"picked":"Rainbow","floor":7},{"not_picked":["Heatsinks","Double Energy","Cold Snap"],"picked":"Sweeping Beam","floor":11},{"not_picked":["Glacier","Auto Shields","Barrage"],"picked":"Conserve Battery","floor":13},{"not_picked":["Seek","Biased Cognition","Reboot"],"picked":"Electrodynamics","floor":16},{"not_picked":["Skim+1","Blizzard","Coolheaded"],"picked":"Steam+1","floor":18},{"not_picked":["Streamline","Leap","Conserve Battery"],"picked":"Redo+1","floor":19},{"not_picked":["Melter","Tempest","Sweeping Beam"],"picked":"Double Energy+1","floor":20},{"not_picked":["Steam","Sweeping Beam","Rebound"],"picked":"Lockon","floor":21}],"player_experience":569466,"relics_obtained":[{"floor":2,"key":"Du-Vu Doll"},{"floor":9,"key":"Question Card"}],"event_choices":[{"cards_removed":["Sunder"],"damage_healed":0,"gold_gain":0,"player_choice":"Gave Card","damage_taken":0,"relics_obtained":["StrikeDummy"],"max_hp_gain":0,"max_hp_loss":0,"event_name":"WeMeetAgain","floor":5,"gold_loss":0}],"is_beta":false,"boss_relics":[{"not_picked":["Empty Cage","Fusion Hammer"],"picked":"Ectoplasm"}],"items_purged_floors":[14],"is_endless":false,"potions_floor_spawned":[7,13,16,18,19],"killed_by":"Cultist and Chosen","ascension_level":9}}