{"host":"n605f8gctjc87d7h","time":1612767391,"event":{"mods":["Aspiration","Bard","BaseMod","Better Match","Better Note","Better Skull","Better Third Choice","Conspire","Downfall","Halation","Hermit","Infinite Spire","Minty Spire (QoL Compilation)","Reliquary","Replay The Spire","Retaliation","Shade Mod","Spicy Shops","StSLib","The IronCluck","The Jungle","The Runesmith"],"gold_per_floor":[116,116,116,128,141,141,172,172,172,55,55,55,55,83,83,212,212,240,240,240,269,269,334,366,180,180,201,231,231,263,263,263,379,379,424,424,424,485,550,550,550,550,577,643,643,93,125,179,179,199,199],"floor_reached":50,"language":"ENG","playtime":2947,"items_purged":["Strike_B","infinitespire:Pacifist","Strike_B"],"score":662,"play_id":"b5a41bd5-1540-433c-a095-21ebd16e924e","local_time":"20210207225631","is_ascension_mode":false,"campfire_choices":[{"data":"infinitespire:Gouge","floor":6,"key":"SMITH"},{"data":"FTL","floor":8,"key":"SMITH"},{"data":"Zap","floor":15,"key":"SMITH"},{"data":"Static Discharge","floor":29,"key":"SMITH"},{"data":"Ball Lightning","floor":32,"key":"SMITH"},{"data":"All For One","floor":40,"key":"SMITH"},{"data":"FTL","floor":42,"key":"SMITH"},{"data":"Defend_B","floor":45,"key":"SMITH"},{"floor":49,"key":"REST"}],"circlet_count":0,"master_deck":["Strike_B","Strike_B","Defend_B+1","Defend_B","Defend_B","Defend_B","Zap+1","Dualcast","infinitespire:Gouge+1","FTL+1","FTL+1","Ball Lightning+1","Skim+1","All For One+1","Redo+1","Static Discharge+1","White Noise+1","Defragment+1","Compile Driver+1","Double Energy+1"],"relics":["Cracked Core","Potion Belt","Bronze Scales","Replay:Bandana","Iron Hammer","aspiration:TomeofQuesting","aspiration:Stellarator","aspiration:MysteriousAuxiliaryCore","halation:OrihimeAndHikoboshiSamaAndTears","Matryoshka","ReplayTheSpireMod:CursedCoin","reliquary:PurpleTingedLeaf","halation:WeightlessCrab","infinitespire:EvilPickle","Replay:Baseball","reliquary:Aerogel","infinitespire:Bottled Soul","Geode"],"acts_visited":["Exordium","TheCity","TheBeyond"],"potions_floor_usage":[16,28,30,39,50,50,50],"damage_taken":[{"damage":1,"enemies":"2 Louse","floor":1,"turns":2},{"damage":1,"enemies":"Jaw Worm","floor":4,"turns":3},{"damage":0,"enemies":"Cultist","floor":5,"turns":2},{"damage":1,"enemies":"Replay:BlueRogue","floor":7,"turns":3},{"damage":0,"enemies":"Large Slime","floor":14,"turns":2},{"damage":11,"enemies":"Fading Forest","floor":16,"turns":11},{"damage":0,"enemies":"Chosen","floor":18,"turns":1},{"damage":0,"enemies":"conspire:FuzzyDice","floor":21,"turns":3},{"damage":0,"enemies":"conspire:Head Lice","floor":23,"turns":5},{"damage":0,"enemies":"3 Cultists","floor":24,"turns":2},{"damage":6,"enemies":"conspire:HollyBat","floor":27,"turns":4},{"damage":2,"enemies":"Snake Plant","floor":28,"turns":3},{"damage":6,"enemies":"Snecko","floor":30,"turns":3},{"damage":21,"enemies":"Pondfish","floor":33,"turns":5},{"damage":0,"enemies":"Orb Walker","floor":35,"turns":2},{"damage":0,"enemies":"3 Shapes","floor":38,"turns":3},{"damage":13,"enemies":"Jaw Worm Horde","floor":39,"turns":4},{"damage":0,"enemies":"Sphere and 2 Shapes","floor":44,"turns":4},{"damage":20,"enemies":"3 Darklings","floor":47,"turns":3},{"damage":0,"enemies":"Transient","floor":48,"turns":5},{"damage":90,"enemies":"Time Eater","floor":50,"turns":8}],"seed_played":"-1554239778009589832","potions_obtained":[{"floor":4,"key":"LifebloodPotion"},{"floor":14,"key":"Reflective Coating"},{"floor":16,"key":"SkillPotion"},{"floor":23,"key":"Energy Potion"},{"floor":24,"key":"champ:CounterPotion"},{"floor":27,"key":"GamblersBrew"},{"floor":38,"key":"LiquidMemories"},{"floor":47,"key":"Milkshake"}],"is_trial":false,"path_per_floor":["M","?","T","M","M","R","E","R","T","$","?","?","?","M","R","B",null,"M","?","AVR","M","$","E","M","$","T","M","M","R","M","?","R","B",null,"M","$","?","M","M","R","?","R","T","M","R","$","M","M","R","B"],"character_chosen":"DEFECT","items_purchased":["Skim","Matryoshka","ReplayTheSpireMod:CursedCoin","infinitespire:Bottled Soul","Geode","PowerPotion"],"campfire_rested":1,"item_purchase_floors":[10,25,25,46,46,46],"current_hp_per_floor":[74,56,56,55,55,55,54,54,54,54,54,54,54,54,54,61,75,75,75,75,75,75,75,75,75,75,69,68,68,64,64,64,46,75,75,75,75,75,63,63,63,63,63,64,64,64,45,49,71,0,0],"gold":199,"neow_bonus":"RANDOM_COMMON_RELIC","is_daily":false,"chose_seed":false,"campfire_upgraded":8,"win_rate":0.0,"timestamp":1612767391,"path_taken":["M","?","?","?","M","R","E","R","T","$","?","?","?","M","R","BOSS","M","?","AVR","M","$","E","M","$","T","M","M","R","M","?","R","BOSS","M","$","?","M","M","R","?","R","T","M","R","$","M","M","R","BOSS"],"items_purchased_type":["Card","Relic","Relic","Relic","Relic","Potion"],"build_version":"2020-12-22","purchased_purges":3,"victory":false,"max_hp_per_floor":[75,75,75,75,75,75,75,75,75,75,75,75,75,75,75,75,75,75,75,75,75,75,75,75,75,75,75,75,75,75,75,75,75,75,75,75,75,75,75,75,75,75,75,75,75,75,75,75,75,75,75],"card_choices":[{"not_picked":["Steam Power","Panic Button","Compile Driver"],"picked":"SKIP","floor":1},{"not_picked":["infinitespire:FinalStrike","ReplayTheSpireMod:??????????????????????"],"picked":"infinitespire:Gouge","floor":2},{"not_picked":["Ball Lightning","White Noise"],"picked":"FTL","floor":4},{"not_picked":["Self Repair","Go for the Eyes"],"picked":"FTL","floor":5},{"not_picked":["Rebound","Steam"],"picked":"Ball Lightning","floor":7},{"not_picked":["Cold Snap","Rip and Tear","Hologram"],"picked":"SKIP","floor":14},{"not_picked":["Electrodynamics","Fission"],"picked":"All For One","floor":16},{"not_picked":["Genetic Algorithm","Aggregate","Skim"],"picked":"SKIP","floor":18},{"not_picked":["Conserve Battery","ReplayTheSpireMod:GoodbyeWorld+1","Hologram"],"picked":"SKIP","floor":21},{"not_picked":["Glacier","Force Field"],"picked":"Redo+1","floor":23},{"not_picked":["conspire:Rain+1","Steam"],"picked":"Static Discharge","floor":24},{"not_picked":["Force Field","Ball Lightning","Go for the Eyes"],"picked":"SKIP","floor":27},{"not_picked":["Conserve Battery","Heatsinks"],"picked":"White Noise+1","floor":28},{"not_picked":["BasicCrystalCard","Heatsinks"],"picked":"Defragment+1","floor":30},{"not_picked":["Coolheaded+1","Tempest","Hologram"],"picked":"SKIP","floor":35},{"not_picked":["Beam Cell","Coolheaded","Lockon+1"],"picked":"SKIP","floor":38},{"not_picked":["Hologram","Conserve Battery"],"picked":"Compile Driver+1","floor":39},{"not_picked":["Rebound+1","Redo","Auto Shields+1"],"picked":"SKIP","floor":44},{"not_picked":["Tempest","ReplayTheSpireMod:GoodbyeWorld"],"picked":"Double Energy+1","floor":47},{"not_picked":["ReplayTheSpireMod:GoodbyeWorld+1","Beam Cell","Conserve Battery"],"picked":"SKIP","floor":48}],"player_experience":840454,"relics_obtained":[{"floor":3,"key":"Bronze Scales"},{"floor":7,"key":"Replay:Bandana"},{"floor":9,"key":"Iron Hammer"},{"floor":23,"key":"halation:OrihimeAndHikoboshiSamaAndTears"},{"floor":26,"key":"reliquary:PurpleTingedLeaf"},{"floor":26,"key":"halation:WeightlessCrab"},{"floor":43,"key":"Replay:Baseball"},{"floor":43,"key":"reliquary:Aerogel"}],"event_choices":[{"damage_healed":0,"gold_gain":0,"player_choice":"Grow","damage_taken":0,"max_hp_gain":0,"max_hp_loss":0,"event_name":"Living Wall","floor":12,"gold_loss":0,"cards_upgraded":["Skim"]},{"cards_removed":["infinitespire:Gouge"],"damage_healed":0,"gold_gain":0,"player_choice":"Give","damage_taken":0,"max_hp_gain":0,"max_hp_loss":0,"event_name":"betterNote:BetterNote","floor":19,"gold_loss":0,"cards_obtained":["sneckomod:SnekBite"]},{"damage_healed":0,"gold_gain":0,"player_choice":"Leave","damage_taken":0,"max_hp_gain":0,"max_hp_loss":0,"event_name":"conspire:Investor","floor":31,"gold_loss":0},{"damage_healed":0,"gold_gain":0,"player_choice":"Ignored","damage_taken":0,"max_hp_gain":0,"max_hp_loss":0,"event_name":"Tomb of Lord Red Mask","floor":41,"gold_loss":0}],"is_beta":false,"boss_relics":[{"not_picked":["halation:SmartPhone","halation:PlatinumPhoenix"],"picked":"aspiration:Stellarator"},{"not_picked":["aspiration:FutureDiary","ReplayTheSpireMod:SealedPack","halation:HeavySnake"]}],"items_purged_floors":[20,25,46],"is_endless":false,"potions_floor_spawned":[4,14,16,23,24,27,38,47,48],"killed_by":"Time Eater","ascension_level":0}}