{"host":"oehe2dxjvdgux73m","time":1612799440,"event":{"mods":["AchievementEnabler","BaseMod","Colored Map","Colored Powertips","DeckTracker","Keyboard Shortcuts","Minty Spire (QoL Compilation)","Permanent Neow","Quick Restart","StSLib","SuperFastMode"],"gold_per_floor":[116,86,11,26,26,26,37,37,37,54,74,86,118,118,118,197,197,213,213,225,63,63,63],"floor_reached":22,"language":"KOR","playtime":563,"items_purged":["Strike_G"],"score":372,"play_id":"df8e78d2-c55b-46cc-85f5-46c643244374","local_time":"20210209005040","is_ascension_mode":true,"campfire_choices":[{"data":"Noxious Fumes","floor":6.0,"key":"SMITH"},{"floor":8.0,"key":"REST"},{"data":"Neutralize","floor":15.0,"key":"SMITH"}],"circlet_count":0,"master_deck":["AscendersBane","Defend_G","Defend_G","Defend_G","Defend_G","Survivor","Neutralize+1","Dagger Throw","Noxious Fumes+1","Eviscerate","Terror","Acrobatics","Blade Dance","Bouncing Flask","Blur","Poisoned Stab","Burst","Concentrate","Phantasmal Killer","Tactician","Backflip"],"relics":["Ring of the Snake","Boot","Dream Catcher","Cursed Key","Regal Pillow"],"acts_visited":["Exordium","TheCity"],"potions_floor_usage":[],"damage_taken":[{"damage":3.0,"enemies":"2 Louse","floor":1.0,"turns":4.0},{"damage":4.0,"enemies":"Cultist","floor":4.0,"turns":4.0},{"damage":1.0,"enemies":"Jaw Worm","floor":7.0,"turns":2.0},{"damage":2.0,"enemies":"Gremlin Gang","floor":10.0,"turns":4.0},{"damage":5.0,"enemies":"2 Fungi Beasts","floor":11.0,"turns":6.0},{"damage":1.0,"enemies":"Exordium Thugs","floor":12.0,"turns":4.0},{"damage":17.0,"enemies":"Gremlin Nob","floor":13.0,"turns":4.0},{"damage":15.0,"enemies":"Hexaghost","floor":16.0,"turns":9.0},{"damage":12.0,"enemies":"Shell Parasite","floor":18.0,"turns":6.0},{"damage":38,"enemies":"Chosen","floor":20,"turns":5},{"damage":4,"enemies":"Snake Plant","floor":22,"turns":3}],"seed_played":"-6799337690322562259","potions_obtained":[{"floor":2.0,"key":"Energy Potion"},{"floor":2.0,"key":"EssenceOfSteel"},{"floor":10.0,"key":"BlessingOfTheForge"},{"floor":11.0,"key":"SpeedPotion"}],"is_trial":false,"path_per_floor":["M","?","$","M","?","R","M","R","T","M","M","M","E","?","R","B",null,"M","?","M","$","M"],"character_chosen":"THE_SILENT","items_purchased":["Regal Pillow"],"campfire_rested":1,"item_purchase_floors":[21],"current_hp_per_floor":[41,41,41,37,30,30,29,48,48,46,41,40,23,23,23,8,52,40,40,2,2,0,0],"gold":63,"neow_bonus":"TRANSFORM_TWO_CARDS","is_daily":false,"chose_seed":false,"campfire_upgraded":2,"win_rate":0.0,"timestamp":1612799440,"path_taken":["M","?","?","M","?","R","M","R","T","?","?","M","E","?","R","BOSS","M","?","M","$","M"],"items_purchased_type":["Relic"],"build_version":"2020-12-22","purchased_purges":1,"victory":false,"max_hp_per_floor":[66,66,66,66,66,66,66,66,66,66,66,66,66,66,66,66,66,66,66,66,66,66,66],"card_choices":[{"not_picked":["Slice","Prepared"],"picked":"Eviscerate","floor":1.0},{"not_picked":["Flying Knee","Dagger Throw"],"picked":"All Out Attack","floor":4.0},{"not_picked":["Bane","Dagger Spray"],"picked":"Terror","floor":7.0},{"not_picked":["Finisher","Dodge and Roll"],"picked":"Acrobatics","floor":10.0},{"not_picked":["Dagger Throw","Prepared"],"picked":"Blade Dance","floor":11.0},{"not_picked":["Eviscerate","Flying Knee"],"picked":"Bouncing Flask","floor":12.0},{"not_picked":["Calculated Gamble","Prepared"],"picked":"Blur","floor":13.0},{"not_picked":["Night Terror","Unload"],"picked":"Burst","floor":16.0},{"not_picked":["Setup","Backstab"],"picked":"Concentrate","floor":18.0},{"not_picked":["Flying Knee","Dagger Throw"],"picked":"Backflip","floor":20}],"player_experience":423670,"relics_obtained":[{"floor":9.0,"key":"Boot"},{"floor":13.0,"key":"Dream Catcher"}],"event_choices":[{"damage_healed":0.0,"max_hp_gain":0.0,"max_hp_loss":0.0,"gold_gain":0.0,"event_name":"The Woman in Blue","player_choice":"Bought 2 Potions","floor":2.0,"gold_loss":0.0,"damage_taken":0.0},{"cards_removed":["Strike_G"],"damage_healed":0.0,"max_hp_gain":0.0,"max_hp_loss":0.0,"gold_gain":0.0,"event_name":"Golden Wing","player_choice":"Card Removal","floor":5.0,"gold_loss":0.0,"damage_taken":7.0},{"damage_healed":0.0,"max_hp_gain":0.0,"max_hp_loss":0.0,"gold_gain":0.0,"cards_transformed":["Strike_G"],"event_name":"Transmorgrifier","player_choice":"Transformed","floor":14.0,"gold_loss":0.0,"damage_taken":0.0,"cards_obtained":["Poisoned Stab"]},{"damage_healed":0.0,"max_hp_gain":0.0,"max_hp_loss":0.0,"gold_gain":0.0,"cards_transformed":["All Out Attack","Defend_G"],"event_name":"Drug Dealer","player_choice":"Became Test Subject","floor":19.0,"gold_loss":0.0,"damage_taken":0.0,"cards_obtained":["Phantasmal Killer","Tactician"]}],"is_beta":false,"boss_relics":[{"not_picked":["Empty Cage","Runic Pyramid"],"picked":"Cursed Key"}],"items_purged_floors":[3],"is_endless":false,"potions_floor_spawned":[4,10,11,12],"killed_by":"Snake Plant","ascension_level":20}}