{"host":"mnpd8gh7cwxsn5kh","time":1612793157,"event":{"mods":["BaseMod","Bestiary","Block Reminder","Colored Map","Colored Powertips","Highlight Path","Minty Spire (QoL Compilation)","Relic Sorter","Relic Stats"],"gold_per_floor":[117,117,129,129,24,55,55,55,55,74,74,109,109,128,128,248,248,263,263,47,47,71,111,111,131,131,174,174,174,22,22,22,146,146,164,230,293,312,67,67,88,37,37,50,65,398,398,415,415,415],"floor_reached":51,"language":"ENG","playtime":3514,"items_purged":["Strike_R+1"],"score":1261,"play_id":"9d49e9ab-f355-4cad-affc-1b45c6272b7b","local_time":"20210208150557","is_ascension_mode":true,"campfire_choices":[{"data":"Armaments","floor":7,"key":"SMITH"},{"data":"Entrench","floor":11,"key":"SMITH"},{"data":"Demon Form","floor":13,"key":"SMITH"},{"data":"Flame Barrier","floor":15,"key":"SMITH"},{"floor":24,"key":"REST"},{"data":"Body Slam","floor":29,"key":"SMITH"},{"data":"Limit Break","floor":32,"key":"SMITH"},{"data":"Shrug It Off","floor":40,"key":"SMITH"},{"data":"Flame Barrier","floor":49,"key":"SMITH"}],"circlet_count":0,"master_deck":["AscendersBane","Strike_R+1","Strike_R+1","Strike_R+1","Strike_R+1","Defend_R+1","Defend_R+1","Defend_R+1","Defend_R+1","Bash","Headbutt+1","Armaments+1","Entrench+1","Flame Barrier+1","Demon Form+1","Carnage","Feed","Body Slam+1","Spot Weakness+1","Shrug It Off+1","Limit Break+1","Reaper","Pommel Strike+1","Flame Barrier+1","Shrug It Off","Ghostly Armor","Ghostly Armor"],"relics":["Burning Blood","NeowsBlessing","StoneCalendar","Vajra","Smiling Mask","Whetstone","Busted Crown","Anchor","Art of War","Boot","Question Card","Lantern","Nilry\u0027s Codex","Unceasing Top","SacredBark","Charon\u0027s Ashes","Calipers","Potion Belt","Pocketwatch"],"acts_visited":["Exordium","TheCity","TheBeyond"],"potions_floor_usage":[16,27,33,37,41,50,50,50],"damage_taken":[{"damage":0,"enemies":"2 Louse","floor":1,"turns":1},{"damage":0,"enemies":"Cultist","floor":3,"turns":1},{"damage":0,"enemies":"Gremlin Nob","floor":6,"turns":1},{"damage":0,"enemies":"Small Slimes","floor":10,"turns":4},{"damage":6,"enemies":"Lagavulin","floor":12,"turns":10},{"damage":17,"enemies":"Exordium Thugs","floor":14,"turns":7},{"damage":24,"enemies":"Hexaghost","floor":16,"turns":7},{"damage":8,"enemies":"Spheric Guardian","floor":18,"turns":6},{"damage":2,"enemies":"Chosen","floor":22,"turns":4},{"damage":51,"enemies":"Book of Stabbing","floor":23,"turns":6},{"damage":7,"enemies":"Shelled Parasite and Fungi","floor":25,"turns":4},{"damage":9,"enemies":"Gremlin Leader","floor":27,"turns":6},{"damage":11,"enemies":"Champ","floor":33,"turns":8},{"damage":1,"enemies":"Orb Walker","floor":35,"turns":3},{"damage":73,"enemies":"2 Orb Walkers","floor":36,"turns":7},{"damage":8,"enemies":"Mind Bloom Boss Battle","floor":37,"turns":7},{"damage":1,"enemies":"3 Shapes","floor":38,"turns":3},{"damage":35,"enemies":"Writhing Mass","floor":41,"turns":7},{"damage":4,"enemies":"Sphere and 2 Shapes","floor":44,"turns":7},{"damage":16,"enemies":"3 Darklings","floor":45,"turns":5},{"damage":27,"enemies":"Jaw Worm Horde","floor":48,"turns":6},{"damage":0,"enemies":"Time Eater","floor":50,"turns":5}],"seed_played":"-1913925759783975274","potions_obtained":[{"floor":2,"key":"Explosive Potion"},{"floor":2,"key":"SkillPotion"},{"floor":23,"key":"ColorlessPotion"},{"floor":25,"key":"BloodPotion"},{"floor":36,"key":"Dexterity Potion"},{"floor":37,"key":"PowerPotion"},{"floor":44,"key":"ColorlessPotion"},{"floor":48,"key":"LiquidBronze"}],"is_trial":false,"path_per_floor":["M","?","M","?","$","E","R","?","T","M","R","E","R","M","R","B",null,"M","?","$","?","M","E","R","M","T","E","?","R","$","T","R","B",null,"M","?","?","M","$","R","M","$","T","M","M","?","?","M","R","B",null],"character_chosen":"IRONCLAD","items_purchased":["Armaments","Fire Breathing","Spot Weakness","Anchor","Limit Break","Potion Belt","SpeedPotion","SkillPotion"],"campfire_rested":1,"item_purchase_floors":[5,5,20,20,30,39,39,42],"current_hp_per_floor":[78,78,80,80,80,80,80,60,60,66,66,66,66,55,55,37,69,67,67,67,67,71,26,50,52,52,49,33,33,33,33,33,44,73,78,11,24,50,50,50,21,21,21,49,86,86,86,93,93,93],"gold":415,"neow_bonus":"THREE_ENEMY_KILL","is_daily":false,"chose_seed":false,"campfire_upgraded":8,"win_rate":0.0,"timestamp":1612793157,"path_taken":["M","?","?","?","?","E","R","?","T","M","R","E","R","M","R","BOSS","M","?","$","?","?","E","R","M","T","E","?","R","?","?","R","BOSS","M","?","?","M","$","R","M","?","T","M","?","?","?","M","R","BOSS"],"items_purchased_type":["Card","Card","Card","Relic","Card","Relic","Potion","Potion"],"build_version":"2020-12-22","purchased_purges":1,"victory":true,"max_hp_per_floor":[80,80,80,80,80,80,80,80,80,80,80,80,80,80,80,80,80,80,80,80,80,80,80,80,83,83,83,83,83,83,83,83,83,83,83,83,83,86,86,86,86,86,86,86,90,90,90,93,93,93],"relic_stats":{"counters":[22,115],"StoneCalendar":[171],"Charon\u0027s Ashes":[83],"Whetstone":["Headbutt","Strike_R"],"Smiling Mask":25,"Boot":[15],"Question Card":10,"Burning Blood":110,"Busted Crown":28,"Art of War":[12],"obtain_stats":[{"Potion Belt":39,"Lantern":27,"Calipers":37,"NeowsBlessing":0,"Golden Idol":8,"Nilry\u0027s Codex":28,"SacredBark":34,"Vajra":6,"StoneCalendar":4,"Charon\u0027s Ashes":36,"Whetstone":12,"Smiling Mask":9,"Boot":23,"Question Card":26,"Burning Blood":0,"Anchor":20,"Busted Crown":17,"Art of War":21,"Unceasing Top":31,"Pocketwatch":43},{"Potion Belt":17,"Lantern":12,"Calipers":16,"NeowsBlessing":0,"Golden Idol":3,"Nilry\u0027s Codex":12,"SacredBark":13,"Vajra":3,"StoneCalendar":2,"Charon\u0027s Ashes":15,"Whetstone":5,"Smiling Mask":3,"Boot":10,"Question Card":11,"Burning Blood":0,"Anchor":8,"Busted Crown":7,"Art of War":8,"Unceasing Top":12,"Pocketwatch":18},{"Potion Belt":85,"Lantern":57,"Calipers":82,"NeowsBlessing":0,"Golden Idol":3,"Nilry\u0027s Codex":57,"SacredBark":65,"Vajra":3,"StoneCalendar":2,"Charon\u0027s Ashes":75,"Whetstone":17,"Smiling Mask":3,"Boot":47,"Question Card":51,"Burning Blood":0,"Anchor":37,"Busted Crown":31,"Art of War":37,"Unceasing Top":57,"Pocketwatch":92}],"Unceasing Top":[3],"Pocketwatch":[30]},"card_choices":[{"not_picked":["Wild Strike","Heavy Blade"],"picked":"Headbutt","floor":1},{"not_picked":["Sever Soul","Anger","Flex"],"picked":"SKIP","floor":3},{"not_picked":["Havoc","Headbutt"],"picked":"Entrench","floor":6},{"not_picked":["Anger","Warcry"],"picked":"Flame Barrier","floor":10},{"not_picked":["Sword Boomerang","Sentinel"],"picked":"Demon Form","floor":12},{"not_picked":["Intimidate","Iron Wave"],"picked":"Carnage","floor":14},{"not_picked":["Exhume","Bludgeon"],"picked":"Feed","floor":16},{"not_picked":[],"picked":"Body Slam","floor":18},{"not_picked":[],"picked":"Shrug It Off","floor":22},{"not_picked":["Feel No Pain"],"picked":"SKIP","floor":23},{"not_picked":["True Grit"],"picked":"SKIP","floor":25},{"not_picked":["Havoc","Sentinel"],"picked":"SKIP","floor":27},{"not_picked":["Corruption"],"picked":"Reaper","floor":33},{"not_picked":["Rupture","Fire Breathing"],"picked":"SKIP","floor":35},{"not_picked":["Twin Strike+1"],"picked":"Pommel Strike+1","floor":36},{"not_picked":["Clothesline+1"],"picked":"Flame Barrier","floor":38},{"not_picked":["Feel No Pain"],"picked":"Shrug It Off","floor":41},{"not_picked":["Havoc","Intimidate"],"picked":"SKIP","floor":44},{"not_picked":["Feel No Pain"],"picked":"Ghostly Armor","floor":45},{"not_picked":["Feel No Pain+1"],"picked":"Ghostly Armor","floor":48}],"player_experience":399489,"relics_obtained":[{"floor":4,"key":"StoneCalendar"},{"floor":6,"key":"Vajra"},{"floor":9,"key":"Smiling Mask"},{"floor":12,"key":"Whetstone"},{"floor":23,"key":"Boot"},{"floor":26,"key":"Question Card"},{"floor":27,"key":"Lantern"},{"floor":28,"key":"Nilry\u0027s Codex"},{"floor":31,"key":"Unceasing Top"},{"floor":36,"key":"Charon\u0027s Ashes"},{"floor":37,"key":"Calipers"},{"floor":43,"key":"Pocketwatch"}],"event_choices":[{"damage_healed":0,"gold_gain":0,"player_choice":"Got Potions","damage_taken":0,"max_hp_gain":0,"max_hp_loss":0,"event_name":"Lab","floor":2,"gold_loss":0},{"damage_healed":0,"gold_gain":0,"player_choice":"Relic","damage_taken":0,"max_hp_gain":0,"max_hp_loss":0,"event_name":"Wheel of Change","floor":4,"gold_loss":0},{"damage_healed":0,"gold_gain":0,"player_choice":"Take Damage","damage_taken":20,"relics_obtained":["Golden Idol"],"max_hp_gain":0,"max_hp_loss":0,"event_name":"Golden Idol","floor":8,"gold_loss":0},{"damage_healed":0,"gold_gain":0,"player_choice":"Simplicity","damage_taken":0,"max_hp_gain":0,"max_hp_loss":0,"event_name":"Back to Basics","floor":19,"gold_loss":0,"cards_upgraded":["Strike_R","Strike_R","Strike_R","Strike_R","Defend_R","Defend_R","Defend_R","Defend_R"]},{"cards_removed":["Fire Breathing"],"damage_healed":0,"gold_gain":0,"player_choice":"Gave Card","damage_taken":0,"relics_obtained":["Art of War"],"max_hp_gain":0,"max_hp_loss":0,"event_name":"WeMeetAgain","floor":21,"gold_loss":0},{"damage_healed":0,"gold_gain":0,"player_choice":"Obtained Book","damage_taken":16,"max_hp_gain":0,"max_hp_loss":0,"event_name":"Cursed Tome","floor":28,"gold_loss":0},{"damage_healed":0,"gold_gain":0,"player_choice":"Fight","damage_taken":0,"max_hp_gain":0,"max_hp_loss":0,"event_name":"Mysterious Sphere","floor":36,"gold_loss":0},{"damage_healed":0,"gold_gain":0,"player_choice":"Fight","damage_taken":0,"max_hp_gain":0,"max_hp_loss":0,"event_name":"MindBloom","floor":37,"gold_loss":0},{"damage_healed":0,"gold_gain":333,"player_choice":"Gave Idol","damage_taken":0,"max_hp_gain":0,"max_hp_loss":0,"event_name":"The Moai Head","floor":46,"relics_lost":["Golden Idol"],"gold_loss":0},{"damage_healed":0,"gold_gain":0,"player_choice":"Forge","damage_taken":0,"max_hp_gain":0,"max_hp_loss":0,"event_name":"Accursed Blacksmith","floor":47,"gold_loss":0,"cards_upgraded":["Spot Weakness"]}],"is_beta":false,"boss_relics":[{"not_picked":["Philosopher\u0027s Stone","Fusion Hammer"],"picked":"Busted Crown"},{"not_picked":["Snecko Eye","Empty Cage"],"picked":"SacredBark"}],"items_purged_floors":[39],"is_endless":false,"potions_floor_spawned":[6,12,23,25,36,37,44,48],"ascension_level":12}}