{"host":"08t08ld674si40tv","time":1612784650,"event":{"mods":["AchievementEnabler","BaseMod","Colored Map","Minty Spire (QoL Compilation)","StSLib","SuperFastMode"],"gold_per_floor":[15,15,15,25,25,52,0,13,68,99,99,113,113,123,123,123,123],"floor_reached":16,"language":"KOR","playtime":442,"items_purged":[],"score":220,"play_id":"0b8fbeb4-eab5-4157-a019-0d8b2b2c607a","local_time":"20210208204410","is_ascension_mode":true,"campfire_choices":[{"floor":11,"key":"REST"},{"floor":13,"key":"REST"},{"data":"Venomology","floor":15,"key":"SMITH"}],"circlet_count":0,"master_deck":["AscendersBane","Strike_G","Strike_G","Strike_G","Strike_G","Defend_G","Defend_G","Defend_G","Defend_G","Defend_G","Survivor","Neutralize","Venomology+1","Dash","Blade Dance","Cloak And Dagger","Footwork","Crippling Poison"],"relics":["Ring of the Snake","Paper Crane","Paper Frog","Champion Belt","Bag of Marbles","Bronze Scales","PreservedInsect"],"acts_visited":["Exordium"],"potions_floor_usage":[6,6,6,8,10,16,16,16],"damage_taken":[{"damage":0,"enemies":"Cultist","floor":1,"turns":4},{"damage":0,"enemies":"Small Slimes","floor":4,"turns":5},{"damage":23,"enemies":"3 Sentries","floor":6,"turns":8},{"damage":1,"enemies":"Jaw Worm","floor":8,"turns":4},{"damage":13,"enemies":"Lagavulin","floor":10,"turns":6},{"damage":13,"enemies":"Exordium Thugs","floor":12,"turns":6},{"damage":2,"enemies":"Blue Slaver","floor":14,"turns":3},{"damage":68,"enemies":"Slime Boss","floor":16,"turns":14}],"seed_played":"-8449158421254683278","potions_obtained":[{"floor":12,"key":"FairyPotion"},{"floor":14,"key":"EntropicBrew"}],"is_trial":false,"path_per_floor":["M","$","?","M","?","E","$","M","T","E","R","M","R","M","R","B"],"character_chosen":"THE_SILENT","items_purchased":["Cloak And Dagger"],"campfire_rested":2,"item_purchase_floors":[7],"current_hp_per_floor":[59,59,59,59,59,36,36,35,35,22,41,28,47,45,45,0,0],"gold":123,"neow_bonus":"THREE_RARE_CARDS","is_daily":false,"chose_seed":false,"campfire_upgraded":1,"win_rate":0.0,"timestamp":1612784650,"path_taken":["M","?","?","?","?","E","?","M","T","E","R","M","R","M","R","BOSS"],"items_purchased_type":["Card"],"build_version":"2020-12-22","purchased_purges":0,"victory":false,"max_hp_per_floor":[66,66,66,66,66,66,66,66,66,66,66,66,66,66,66,66,66],"card_choices":[{"not_picked":["Phantasmal Killer","Burst"],"picked":"Venomology","floor":0},{"not_picked":["Tactician","Flying Knee"],"picked":"Dash","floor":1},{"not_picked":["All Out Attack","Flying Knee"],"picked":"Blade Dance","floor":4},{"not_picked":["Outmaneuver","Reflex","Dagger Throw"],"picked":"SKIP","floor":6},{"not_picked":["Bouncing Flask","Underhanded Strike","Quick Slash"],"picked":"SKIP","floor":8},{"not_picked":["Quick Slash","PiercingWail"],"picked":"Footwork","floor":10},{"not_picked":["Flying Knee","Deflect"],"picked":"Crippling Poison","floor":12},{"not_picked":["Underhanded Strike","Dagger Throw","Heel Hook"],"picked":"SKIP","floor":14}],"player_experience":299304,"relics_obtained":[{"floor":6,"key":"Bag of Marbles"},{"floor":9,"key":"Bronze Scales"},{"floor":10,"key":"PreservedInsect"}],"event_choices":[{"cards_removed":["Strike_G"],"damage_healed":0,"gold_gain":0,"player_choice":"Purged","damage_taken":0,"max_hp_gain":0,"max_hp_loss":0,"event_name":"Purifier","floor":3,"gold_loss":0},{"damage_healed":0,"gold_gain":0,"player_choice":"Got Potions","damage_taken":0,"max_hp_gain":0,"max_hp_loss":0,"event_name":"Lab","floor":5,"gold_loss":0}],"is_beta":false,"boss_relics":[],"items_purged_floors":[],"is_endless":false,"potions_floor_spawned":[4,12,14],"killed_by":"Slime Boss","ascension_level":20}}