{"host":"bdah08t7zwmeo3sv","time":1612799345,"event":{"mods":["2.2 Compatiblity","Act Like it!","BaseMod","Colored Map","Colored Powertips","Gensokyo","Minty Spire (QoL Compilation)","Quick Restart","StSLib","everything is the same but u backflip on backflip"],"gold_per_floor":[109,39,39,39,58,92,102,102,156,176,36,36,36,36,36,36,36],"floor_reached":16,"language":"ENG","playtime":791,"items_purged":[],"score":98,"play_id":"1bfd7d1c-929d-4a4c-a770-8bbc968b884c","local_time":"20210208164905","is_ascension_mode":false,"campfire_choices":[{"floor":8,"key":"REST"},{"floor":12,"key":"RECALL"},{"floor":15,"key":"REST"}],"circlet_count":0,"master_deck":["Strike_B","Strike_B","Strike_B","Strike_B","Defend_B","Defend_B","Defend_B","Defend_B+1","Zap","Dualcast","Conserve Battery+1","Double Energy","Tempest+1","Darkness+1","Double Energy+1"],"relics":["Cracked Core","Pocketwatch","Strawberry","Toxic Egg 2","Bronze Scales","Lizard Tail","Gensokyo:CelestialsFlawlessClothing","Gensokyo:PortableGap"],"acts_visited":["Gensokyo:Gensokyo"],"potions_floor_usage":[],"damage_taken":[{"damage":2,"enemies":"Gensokyo:2_Kodama","floor":1,"turns":3},{"damage":1,"enemies":"Gensokyo:Gryphon","floor":5,"turns":3},{"damage":18,"enemies":"Gensokyo:Mamizou","floor":6,"turns":6},{"damage":0,"enemies":"Gensokyo:Python","floor":7,"turns":3},{"damage":7,"enemies":"Gensokyo:Kitsune","floor":10,"turns":3},{"damage":178,"enemies":"Gensokyo:Reimu","floor":16,"turns":21}],"seed_played":"-2508713670323783171","potions_obtained":[],"is_trial":false,"path_per_floor":["M","?","?","$","M","E","M","R","T","M","?","R","?","?","R","B"],"character_chosen":"DEFECT","items_purchased":[],"campfire_rested":2,"item_purchase_floors":[],"current_hp_per_floor":[52,52,49,49,48,30,30,54,54,47,47,47,27,27,49,0,0],"gold":36,"neow_bonus":"ONE_RARE_RELIC","is_daily":false,"chose_seed":false,"campfire_upgraded":0,"win_rate":0.0,"timestamp":1612799345,"path_taken":["M","?","?","$","M","E","M","R","T","?","?","R","?","?","R","BOSS"],"items_purchased_type":[],"build_version":"2020-12-22","purchased_purges":0,"victory":false,"max_hp_per_floor":[75,75,82,82,82,82,82,82,82,82,82,82,82,74,74,74,74],"card_choices":[{"not_picked":["Glacier","Go for the Eyes"],"picked":"Conserve Battery","floor":1},{"not_picked":["Melter","Scrape"],"picked":"Double Energy","floor":5},{"not_picked":["Sweeping Beam","Skim+1"],"picked":"Tempest+1","floor":6},{"not_picked":["Cold Snap","Thunder Strike"],"picked":"Darkness+1","floor":7},{"not_picked":["Compile Driver","Leap+1"],"picked":"Double Energy+1","floor":10}],"player_experience":24101,"relics_obtained":[{"floor":6,"key":"Toxic Egg 2"},{"floor":9,"key":"Bronze Scales"}],"event_choices":[],"is_beta":false,"boss_relics":[],"items_purged_floors":[],"is_endless":false,"potions_floor_spawned":[],"killed_by":"Gensokyo:Reimu","ascension_level":0}}