{"host":"kiehjq3lc4w5t4uc","time":1612796842,"event":{"mods":["AchievementEnabler","BaseMod","BetterRewards","Colored Map","Colored Powertips","DeckTracker","Good Game Mod","Minty Spire (QoL Compilation)","Quick Restart","Rare Cards Sparkle","Relic Stats","Shop Mod","Spicy Shops","StSLib","SuperFastMode"],"gold_per_floor":[114,129,129,129,148,148,68,68,68,68,68,68,68,87,87,237,237,256,275,125,144,69,69,107,107,157,157,232,157,157,226,226,351,414,458,458,458,458,477,515,515,559,559,578,578,647,34,367,367,367],"floor_reached":51,"language":"KOR","playtime":3564,"items_purged":["Clumsy","ConjureBlade"],"score":856,"play_id":"518865cf-121a-41e9-a098-481154a37503","local_time":"20210209000722","daily_mods":["Shiny","Green Cards","Terminal"],"is_ascension_mode":false,"campfire_choices":[{"data":"Mind Blast","floor":6.0,"key":"SMITH"},{"data":"After Image","floor":8.0,"key":"SMITH"},{"data":"Venomology","floor":10.0,"key":"SMITH"},{"data":"Adrenaline","floor":12.0,"key":"SMITH"},{"data":"Tools of the Trade","floor":15.0,"key":"SMITH"},{"data":"Envenom","floor":23.0,"key":"SMITH"},{"data":"Doppelganger","floor":25.0,"key":"SMITH"},{"data":"Scrawl","floor":27.0,"key":"SMITH"},{"data":"Vault","floor":32.0,"key":"SMITH"},{"data":"Adrenaline","floor":41.0,"key":"SMITH"},{"data":"MasterReality","floor":45.0,"key":"SMITH"},{"data":"Alpha","floor":49.0,"key":"SMITH"}],"circlet_count":0,"master_deck":["Venomology+1","Corpse Explosion","Malaise","Phantasmal Killer+1","Die Die Die","Adrenaline+1","Envenom+1","Doppelganger+1","Burst+1","Wraith Form v2","Tools of the Trade+1","Night Terror","Unload","After Image+1","Bullet Time+1","Storm of Steel","Glass Knife+1","A Thousand Cuts","Judgement","MasterReality+1","Brilliance","Devotion","Blasphemy","Ragnarok","LessonLearned","Scrawl+1","Vault+1","Alpha+1","Wish","Omniscience+1","Establishment","SpiritShield","DevaForm","DeusExMachina","Mind Blast+1","Deflect","Adrenaline+1","Prepared+1","Adrenaline+1"],"relics":["PureWater","REME:ComplimentaryCards","Darkstone Periapt","CloakClasp","Ancient Tea Set","Cursed Key","DollysMirror","Juzu Bracelet","Pen Nib","Oddly Smooth Stone","Tiny House","Calipers","Bag of Marbles","Membership Card","Toy Ornithopter","Dream Catcher","Boot","Centennial Puzzle","TheAbacus"],"acts_visited":["Exordium","TheCity","TheBeyond"],"potions_floor_usage":[50,50],"damage_taken":[{"damage":0.0,"enemies":"Small Slimes","floor":1.0,"turns":1.0},{"damage":0.0,"enemies":"2 Louse","floor":2.0,"turns":2.0},{"damage":0.0,"enemies":"Jaw Worm","floor":5.0,"turns":1.0},{"damage":3.0,"enemies":"Gremlin Gang","floor":14.0,"turns":4.0},{"damage":0.0,"enemies":"Hexaghost","floor":16.0,"turns":8.0},{"damage":0.0,"enemies":"Chosen","floor":18.0,"turns":4.0},{"damage":0.0,"enemies":"3 Byrds","floor":19.0,"turns":4.0},{"damage":12.0,"enemies":"Centurion and Healer","floor":21.0,"turns":5.0},{"damage":14.0,"enemies":"Slavers","floor":24.0,"turns":3.0},{"damage":0.0,"enemies":"Snake Plant","floor":31.0,"turns":4.0},{"damage":0.0,"enemies":"Champ","floor":33.0,"turns":6.0},{"damage":0.0,"enemies":"3 Darklings","floor":35.0,"turns":5.0},{"damage":8.0,"enemies":"3 Shapes","floor":39.0,"turns":2.0},{"damage":0.0,"enemies":"Nemesis","floor":40.0,"turns":6.0},{"damage":0.0,"enemies":"Spire Growth","floor":42.0,"turns":2.0},{"damage":3.0,"enemies":"4 Shapes","floor":44.0,"turns":1.0},{"damage":0.0,"enemies":"Jaw Worm Horde","floor":46.0,"turns":3.0},{"damage":6,"enemies":"Time Eater","floor":50,"turns":10}],"seed_played":"-2425098010432476902","potions_obtained":[{"floor":1.0,"key":"ColorlessPotion"},{"floor":16.0,"key":"DistilledChaos"},{"floor":31.0,"key":"PowerPotion"},{"floor":34.0,"key":"Dexterity Potion"},{"floor":44.0,"key":"PowerPotion"}],"is_trial":false,"path_per_floor":["M","M","?","?","M","R","$","R","T","R","?","R","?","M","R","B",null,"M","M","$","M","$","R","E","R","T","R","?","?","?","M","R","B",null,"M","?","$","?","M","E","R","M","T","M","R","M","$","?","R","B",null],"character_chosen":"WATCHER","items_purchased":["CloakClasp","DollysMirror","Juzu Bracelet","Membership Card","Toy Ornithopter","Dream Catcher","Boot","Centennial Puzzle","TheAbacus"],"campfire_rested":0,"item_purchase_floors":[7,20,22,47,47,47,47,47,47],"current_hp_per_floor":[70,69,62,45,45,45,45,45,45,45,38,38,43,40,40,40,59,58,57,56,44,44,44,30,30,36,36,31,31,31,43,43,43,53,52,48,47,46,38,38,38,38,44,41,41,41,41,41,41,40],"gold":367,"neow_bonus":"","is_daily":true,"chose_seed":false,"campfire_upgraded":12,"win_rate":0.0,"timestamp":1612796842,"path_taken":["M","M","?","?","M","R","$","R","T","R","?","R","?","M","R","BOSS","M","M","$","M","$","R","E","R","T","R","?","?","?","M","R","BOSS","M","?","$","?","M","E","R","M","T","M","R","M","$","?","R","BOSS"],"items_purchased_type":["Relic","Relic","Relic","Relic","Relic","Relic","Relic","Relic","Relic"],"build_version":"2020-12-22","purchased_purges":2,"victory":true,"max_hp_per_floor":[70,69,68,67,66,65,64,63,62,61,60,59,63,62,61,60,59,58,57,56,55,54,53,52,51,56,55,54,53,52,51,50,49,53,52,48,47,46,45,44,43,42,47,46,45,44,43,42,41,40],"relic_stats":{"Darkstone Periapt":12,"Dream Catcher":0,"Centennial Puzzle":[3],"TheAbacus":[12],"counters":[18,71],"Pen Nib":[5],"CloakClasp":[146],"Juzu Bracelet":1,"Cursed Key":2,"Boot":[0],"obtain_stats":[{"Darkstone Periapt":3,"Tiny House":34,"Calipers":40,"Golden Idol":4,"Oddly Smooth Stone":26,"Pen Nib":24,"CloakClasp":7,"Juzu Bracelet":22,"Ancient Tea Set":9,"Cursed Key":17,"Boot":47,"REME:ComplimentaryCards":0,"Dream Catcher":47,"Centennial Puzzle":47,"TheAbacus":47,"DollysMirror":20,"Bag of Marbles":43,"Membership Card":47,"PureWater":0,"Toy Ornithopter":47},{"Darkstone Periapt":2,"Tiny House":11,"Calipers":14,"Golden Idol":2,"Oddly Smooth Stone":9,"Pen Nib":9,"CloakClasp":3,"Juzu Bracelet":8,"Ancient Tea Set":3,"Cursed Key":5,"Boot":17,"REME:ComplimentaryCards":0,"Dream Catcher":17,"Centennial Puzzle":17,"TheAbacus":17,"DollysMirror":7,"Bag of Marbles":15,"Membership Card":17,"PureWater":0,"Toy Ornithopter":17},{"Darkstone Periapt":3,"Tiny House":42,"Calipers":55,"Golden Idol":3,"Oddly Smooth Stone":32,"Pen Nib":32,"CloakClasp":4,"Juzu Bracelet":29,"Ancient Tea Set":4,"Cursed Key":16,"Boot":61,"REME:ComplimentaryCards":0,"Dream Catcher":61,"Centennial Puzzle":61,"TheAbacus":61,"DollysMirror":24,"Bag of Marbles":57,"Membership Card":61,"PureWater":0,"Toy Ornithopter":61}],"Toy Ornithopter":5},"card_choices":[{"not_picked":["Outmaneuver","BattleHymn","FearNoEvil"],"picked":"SKIP","floor":1.0},{"not_picked":["FollowUp","Protect","Sucker Punch"],"picked":"SKIP","floor":2.0},{"not_picked":["FollowUp","Distraction"],"picked":"Deflect","floor":5.0},{"not_picked":["LikeWater","Prostrate","Catalyst"],"picked":"SKIP","floor":14.0},{"not_picked":["Outmaneuver","Crippling Poison","Collect"],"picked":"SKIP","floor":18.0},{"not_picked":["Protect","Prepared","FollowUp+1"],"picked":"SKIP","floor":19.0},{"not_picked":["Burst","FlurryOfBlows","Prostrate"],"picked":"SKIP","floor":21.0},{"not_picked":["PathToVictory+1","WreathOfFlame"],"picked":"Prepared+1","floor":24.0},{"not_picked":["Evaluate","Dagger Throw","EmptyFist"],"picked":"SKIP","floor":31.0},{"not_picked":["Scrawl","ConjureBlade"],"picked":"Adrenaline","floor":33.0},{"not_picked":["Halt+1","Backflip+1","FlurryOfBlows"],"picked":"SKIP","floor":35.0},{"not_picked":["Protect","Weave","JustLucky+1"],"picked":"SKIP","floor":39.0},{"not_picked":["Dodge and Roll","LessonLearned","MentalFortress"],"picked":"SKIP","floor":40.0},{"not_picked":["Caltrops","Choke","Blade Dance+1"],"picked":"SKIP","floor":42.0},{"not_picked":["Slice","Dagger Throw+1","FlyingSleeves+1"],"picked":"SKIP","floor":44.0},{"not_picked":["FlurryOfBlows+1","ThirdEye+1","Eviscerate"],"picked":"SKIP","floor":46.0}],"player_experience":167490,"relics_obtained":[{"floor":9.0,"key":"Ancient Tea Set"},{"floor":24.0,"key":"Pen Nib"},{"floor":26.0,"key":"Oddly Smooth Stone"},{"floor":40.0,"key":"Calipers"},{"floor":43.0,"key":"Bag of Marbles"}],"event_choices":[{"damage_healed":0.0,"max_hp_gain":0.0,"max_hp_loss":0.0,"gold_gain":0.0,"event_name":"Scrap Ooze","player_choice":"Success","floor":3.0,"gold_loss":0.0,"damage_taken":7.0,"relics_obtained":["Darkstone Periapt"]},{"damage_healed":0.0,"max_hp_gain":0.0,"max_hp_loss":0.0,"gold_gain":0.0,"event_name":"Golden Idol","player_choice":"Take Damage","floor":4.0,"gold_loss":0.0,"damage_taken":17.0,"relics_obtained":["Golden Idol"]},{"cards_removed":["Grand Finale"],"damage_healed":0.0,"max_hp_gain":0.0,"max_hp_loss":0.0,"gold_gain":0.0,"event_name":"Golden Wing","player_choice":"Card Removal","floor":11.0,"gold_loss":0.0,"damage_taken":7.0},{"damage_healed":0.0,"max_hp_gain":5.0,"max_hp_loss":0.0,"gold_gain":0.0,"event_name":"Big Fish","player_choice":"Donut","floor":13.0,"gold_loss":0.0,"damage_taken":0.0},{"damage_healed":0.0,"max_hp_gain":0.0,"max_hp_loss":0.0,"gold_gain":75.0,"event_name":"FaceTrader","player_choice":"Touch","floor":28.0,"gold_loss":0.0,"damage_taken":5.0},{"cards_removed":["Shame"],"damage_healed":0.0,"max_hp_gain":0.0,"max_hp_loss":0.0,"gold_gain":0.0,"event_name":"Beggar","player_choice":"Gave Gold","floor":29.0,"gold_loss":75.0,"damage_taken":0.0},{"damage_healed":0.0,"max_hp_gain":0.0,"max_hp_loss":0.0,"gold_gain":0.0,"event_name":"Cursed Tome","player_choice":"Ignored","floor":30.0,"gold_loss":0.0,"damage_taken":0.0},{"damage_healed":0.0,"max_hp_gain":0.0,"max_hp_loss":3.0,"gold_gain":0.0,"event_name":"Winding Halls","player_choice":"Max HP","floor":36.0,"gold_loss":0.0,"damage_taken":0.0},{"damage_healed":0.0,"max_hp_gain":0.0,"max_hp_loss":0.0,"gold_gain":0.0,"event_name":"Tomb of Lord Red Mask","player_choice":"Ignored","floor":38.0,"gold_loss":0.0,"damage_taken":0.0},{"damage_healed":0.0,"max_hp_gain":0.0,"max_hp_loss":0.0,"gold_gain":333.0,"event_name":"The Moai Head","player_choice":"Gave Idol","floor":48.0,"relics_lost":["Golden Idol"],"gold_loss":0.0,"damage_taken":0.0}],"is_beta":false,"boss_relics":[{"not_picked":["Ectoplasm","Black Star"],"picked":"Cursed Key"},{"not_picked":["Fusion Hammer","Snecko Eye"],"picked":"Tiny House"}],"items_purged_floors":[47,47],"is_endless":false,"potions_floor_spawned":[1,16,21,31,44],"ascension_level":0}}