{"host":"zs3tguvuxkh90jf4","time":1612801581,"event":{"mods":["AchievementEnabler","BaseMod","Better Silent Start","Better-Laid Plans","BetterRewards","Block Reminder","Colored Map","Colored Powertips","Gold Saver","Minty Spire (QoL Compilation)","Shop Mod","StSLib","Transform Curses"],"gold_per_floor":[3021,3034,2233,2251,2261,2261,2261],"floor_reached":6,"language":"ENG","playtime":348,"items_purged":["Strike_G"],"score":72,"play_id":"8caa5afd-50c9-4346-bc20-8148a403fbdf","local_time":"20210208082621","is_ascension_mode":true,"campfire_choices":[],"circlet_count":0,"master_deck":["AscendersBane","Strike_G","Strike_G","Strike_G","Defend_G","Defend_G","Defend_G","Defend_G","Survivor","Neutralize","Flying Knee","Noxious Fumes","Outmaneuver","Infinite Blades","Blade Dance","Cloak And Dagger"],"relics":["SlaversCollar","White Beast Statue","Blood Vial","MerchantsRug"],"acts_visited":["Exordium"],"potions_floor_usage":[6,6],"damage_taken":[{"damage":4,"enemies":"2 Louse","floor":1,"turns":4},{"damage":1,"enemies":"Cultist","floor":2,"turns":4},{"damage":7,"enemies":"Small Slimes","floor":4,"turns":4},{"damage":23,"enemies":"Exordium Wildlife","floor":5,"turns":6},{"damage":32,"enemies":"Gremlin Nob","floor":6,"turns":3}],"seed_played":"4939846693451074045","potions_obtained":[{"floor":4,"key":"BlessingOfTheForge"},{"floor":5,"key":"DuplicationPotion"}],"is_trial":false,"path_per_floor":["M","M","$","M","M","E"],"character_chosen":"THE_SILENT","items_purchased":["White Beast Statue","Blood Vial","MerchantsRug","Outmaneuver","Infinite Blades"],"campfire_rested":0,"item_purchase_floors":[3,3,3,3,3],"current_hp_per_floor":[55,54,54,49,28,0,0],"gold":2261,"neow_bonus":"BOSS_RELIC","is_daily":false,"chose_seed":false,"campfire_upgraded":0,"win_rate":0.0,"timestamp":1612801581,"path_taken":["M","M","$","M","M","E"],"items_purchased_type":["Relic","Relic","Relic","Card","Card"],"build_version":"2020-12-22","purchased_purges":1,"victory":false,"max_hp_per_floor":[66,66,66,66,66,66,66],"card_choices":[{"not_picked":["Acrobatics","Skewer"],"picked":"Flying Knee","floor":1},{"not_picked":["All Out Attack","Underhanded Strike"],"picked":"Noxious Fumes","floor":2},{"not_picked":["Heel Hook","Dodge and Roll"],"picked":"Blade Dance","floor":4},{"not_picked":["Deflect","Reflex"],"picked":"Cloak And Dagger","floor":5}],"player_experience":553321,"relics_obtained":[],"event_choices":[],"is_beta":false,"boss_relics":[],"items_purged_floors":[3],"is_endless":false,"potions_floor_spawned":[4,5],"killed_by":"Gremlin Nob","ascension_level":18}}