{"host":"Cenci","time":1612789970,"event":{"mods":["BaseMod","Downfall","Highlight Path","Minty Spire (QoL Compilation)","StSLib"],"gold_per_floor":[99,7,23,198,108,108,189,209,209,222,22,22,22,40,52,154,154,154,165,181,21,37,72,72,72,72,85,85,111,111,408,428,529,579,479,495,509,409,419,419,470,481,481,491,230,230,250,282,297,297,297,329,34,34,34,34,34,34],"floor_reached":56,"language":"ENG","playtime":3376,"items_purged":["Doubt","bronze:Defend"],"score":1002,"play_id":"6d06189f-9f73-4b03-acc8-4e5fb0580b88","local_time":"20210208141250","is_ascension_mode":true,"campfire_choices":[{"data":"bronze:Goto","floor":1.0,"key":"SMITH"},{"data":"bronze:Mutator","floor":9.0,"key":"SMITH"},{"floor":9.0,"key":"RECALL"},{"data":"bronze:BugBarrage","floor":11.0,"key":"SMITH"},{"data":"bronze:OilSpill","floor":13.0,"key":"SMITH"},{"data":"bronze:ShipIt","floor":18.0,"key":"SMITH"},{"floor":25.0,"key":"REST"},{"data":"bronze:Allocate","floor":35.0,"key":"SMITH"},{"data":"bronze:BugBarrage","floor":40.0,"key":"SMITH"},{"floor":43.0,"key":"REST"},{"data":"bronze:BugBarrage","floor":54,"key":"SMITH"}],"circlet_count":0,"master_deck":["bronze:Strike","bronze:Strike","bronze:Defend","bronze:Defend","bronze:Defend","bronze:Replicate","bronze:Goto+1","bronze:BugBarrage+1","bronze:Allocate+1","bronze:OilSpill+1","bronze:OilSpill+1","bronze:ShipIt+1","bronze:BugBarrage+1","bronze:BugBarrage","bronze:BugBarrage+1","bronze:Shield+1","bronze:BugBarrage+1","bronze:Refactor","bronze:BurnOut"],"relics":["bronze:BronzeCore","downfall:HeartBlessingBlue","downfall:HeartBlessingRed","Runic Dome","PreservedInsect","CaptainsWheel","White Beast Statue","Regal Pillow","Tiny House","downfall:HeartBlessingGreen","MealTicket","Bottled Lightning","Happy Flower","Strawberry","Calipers"],"acts_visited":["TheEnding"],"potions_floor_usage":[56,56],"damage_taken":[{"damage":0.0,"enemies":"downfall:FleeingMerchant","floor":2.0,"turns":4.0},{"damage":6.0,"enemies":"2 Louse","floor":3.0,"turns":2.0},{"damage":15.0,"enemies":"downfall:FleeingMerchant","floor":5.0,"turns":4.0},{"damage":18.0,"enemies":"Jaw Worm","floor":8.0,"turns":4.0},{"damage":1.0,"enemies":"Cultist","floor":10.0,"turns":3.0},{"damage":11.0,"enemies":"2 Fungi Beasts","floor":14.0,"turns":3.0},{"damage":8.0,"enemies":"3 Louse","floor":15.0,"turns":2.0},{"damage":9.0,"enemies":"WA_ARCHETYPE_RETAIN","floor":16.0,"turns":5.0},{"damage":15.0,"enemies":"Shell Parasite","floor":19.0,"turns":4.0},{"damage":0.0,"enemies":"Spheric Guardian","floor":20.0,"turns":3.0},{"damage":15.0,"enemies":"downfall:FleeingMerchant","floor":21.0,"turns":4.0},{"damage":16.0,"enemies":"Centurion and Healer","floor":22.0,"turns":4.0},{"damage":20.0,"enemies":"Gremlin Leader","floor":23.0,"turns":4.0},{"damage":13.0,"enemies":"Snecko","floor":27.0,"turns":4.0},{"damage":21.0,"enemies":"Slavers","floor":29.0,"turns":3.0},{"damage":10.0,"enemies":"downfall:FleeingMerchant","floor":31.0,"turns":3.0},{"damage":1.0,"enemies":"Sentry and Sphere","floor":32.0,"turns":3.0},{"damage":49.0,"enemies":"DF_ARCHETYPE_CLAW","floor":33.0,"turns":6.0},{"damage":23.0,"enemies":"3 Darklings","floor":36.0,"turns":4.0},{"damage":5.0,"enemies":"3 Shapes","floor":37.0,"turns":2.0},{"damage":5.0,"enemies":"Transient","floor":39.0,"turns":5.0},{"damage":40.0,"enemies":"4 Shapes","floor":42.0,"turns":3.0},{"damage":61.0,"enemies":"Sphere and 2 Shapes","floor":44.0,"turns":4.0},{"damage":0.0,"enemies":"Maw","floor":47.0,"turns":4.0},{"damage":8.0,"enemies":"Giant Head","floor":48.0,"turns":4.0},{"damage":26.0,"enemies":"4 Shapes","floor":49.0,"turns":3.0},{"damage":0.0,"enemies":"SI_POISON_ARCHETYPE","floor":50.0,"turns":11.0},{"damage":0.0,"enemies":"downfall:CharBossMerchant","floor":52.0,"turns":4.0},{"damage":95,"enemies":"downfall:NeowBoss","floor":55,"turns":12},{"damage":26,"enemies":"downfall:NeowBossFinal","floor":56,"turns":3}],"seed_played":"-4615432733412059117","potions_obtained":[{"floor":8.0,"key":"hexamod:SoulburnPotion"},{"floor":10.0,"key":"LiquidMemories"},{"floor":15.0,"key":"Guardian:BlockOnCardUsePotion"},{"floor":16.0,"key":"FearPotion"},{"floor":22.0,"key":"Ancient Potion"},{"floor":23.0,"key":"Fruit Juice"},{"floor":33.0,"key":"hexamod:SoulburnPotion"},{"floor":42.0,"key":"DistilledChaos"},{"floor":49.0,"key":"SpeedPotion"},{"floor":52,"key":"DuplicationPotion"}],"is_trial":false,"path_per_floor":["R","$","M","?","$","?","T","M","R","M","R","?","R","M","M","B",null,"R","M","M","$","M","E","T","R","?","M","?","E","?","$","M","B",null,"R","M","M","$","M","R","T","M","R","M","$","?","M","E","M","B",null,"E","$","R","B","B"],"character_chosen":"THE_AUTOMATON","items_purchased":["bronze:Mutator","PreservedInsect","bronze:BugBarrage","Bottled Lightning","Calipers"],"campfire_rested":2,"item_purchase_floors":[2,21,31,45,53],"current_hp_per_floor":[77,77,71,71,56,56,56,38,38,37,47,47,47,36,28,19,87,87,72,72,57,41,21,21,47,47,34,97,76,76,66,65,21,107,107,84,79,79,74,74,74,34,81,20,35,35,35,27,1,1,107,114,114,114,19,0,0,0],"gold":34,"neow_bonus":"TEN_PERCENT_HP_BONUS","is_daily":false,"chose_seed":false,"campfire_upgraded":8,"win_rate":0.0,"timestamp":1612789970,"path_taken":["R","$","M","?","$","?","T","?","R","M","R","?","R","M","M","BOSS","R","M","M","$","M","E","T","R","?","?","?","E","?","$","M","BOSS","R","M","M","$","M","R","T","M","R","M","$","?","M","E","M","BOSS","E","$","R","BOSS","BOSS"],"items_purchased_type":["Card","Relic","Card","Relic","Relic"],"build_version":"2020-11-17","purchased_purges":2,"victory":false,"max_hp_per_floor":[77,77,77,77,77,77,77,77,77,77,87,87,87,87,87,87,87,87,87,87,87,87,87,87,87,87,87,97,97,97,97,97,102,107,107,107,107,107,107,107,107,107,107,107,107,107,107,107,107,107,107,114,114,114,114,114,114,114],"card_choices":[{"not_picked":["bronze:Fortify","bronze:Shield"],"picked":"bronze:BugBarrage","floor":2.0},{"not_picked":["bronze:BitShift","bronze:Fortify"],"picked":"bronze:Allocate","floor":3.0},{"not_picked":["bronze:FineTuning","bronze:FollowUp","bronze:Invalidate"],"picked":"SKIP","floor":5.0},{"not_picked":["bronze:CloningBeam","bronze:ForLoop","bronze:Constructor"],"picked":"SKIP","floor":8.0},{"not_picked":["bronze:Branch","bronze:InfiniteBeams"],"picked":"bronze:OilSpill","floor":10.0},{"not_picked":["bronze:Library","bronze:Invalidate","bronze:Constructor"],"picked":"SKIP","floor":14.0},{"not_picked":["bronze:ForceShield","bronze:Flail"],"picked":"bronze:OilSpill","floor":15.0},{"not_picked":["bronze:AlphaBuild","bronze:InfiniteLoop"],"picked":"bronze:ShipIt","floor":16.0},{"not_picked":["bronze:BitShift+1","bronze:FineTuning","bronze:CutThrough"],"picked":"SKIP","floor":19.0},{"not_picked":["bronze:Overload","bronze:Iterate","bronze:FineTuning"],"picked":"SKIP","floor":20.0},{"not_picked":["bronze:CutThrough+1","bronze:Shell","bronze:FineTuning+1"],"picked":"SKIP","floor":21.0},{"not_picked":["bronze:Branch","bronze:InfiniteLoop","bronze:Backtrace+1"],"picked":"SKIP","floor":22.0},{"not_picked":["bronze:BitShift","bronze:Invalidate","bronze:Deprecate+1"],"picked":"SKIP","floor":23.0},{"not_picked":["bronze:Overload","bronze:Constructor+1","bronze:Shell"],"picked":"SKIP","floor":27.0},{"not_picked":["bronze:Format","bronze:CutThrough+1","bronze:FollowUp"],"picked":"SKIP","floor":29.0},{"not_picked":["bronze:InfiniteBeams","bronze:Fortify+1","bronze:Branch+1"],"picked":"SKIP","floor":31.0},{"not_picked":["bronze:DigitalCarnage","bronze:Philosophize","bronze:NullPointer"],"picked":"SKIP","floor":32.0},{"not_picked":["bronze:Shell","bronze:BronzeOrb","bronze:BuggyMess+1"],"picked":"SKIP","floor":36.0},{"not_picked":["bronze:OilSpill+1","bronze:Overheat+1"],"picked":"bronze:BugBarrage","floor":37.0},{"not_picked":["bronze:Invalidate+1","bronze:Repair","bronze:Branch+1"],"picked":"SKIP","floor":39.0},{"not_picked":["bronze:Invalidate","bronze:ItsAFeature+1"],"picked":"bronze:Shield+1","floor":42.0},{"not_picked":["bronze:WildBeam+1","bronze:BitShift"],"picked":"bronze:BugBarrage+1","floor":44.0},{"not_picked":["bronze:CutThrough+1","bronze:DelayedSlice+1"],"picked":"bronze:Refactor","floor":47.0},{"not_picked":["bronze:Frontload","bronze:Shield","bronze:Optimize+1"],"picked":"SKIP","floor":48.0},{"not_picked":["bronze:Return","bronze:BitShift+1","bronze:Frontload"],"picked":"SKIP","floor":49.0},{"not_picked":["bronze:Terminator","bronze:ChosenStrike"],"picked":"bronze:BurnOut","floor":52}],"player_experience":291220,"relics_obtained":[{"floor":23.0,"key":"CaptainsWheel"},{"floor":24.0,"key":"White Beast Statue"},{"floor":29.0,"key":"Regal Pillow"},{"floor":41.0,"key":"MealTicket"},{"floor":48.0,"key":"Happy Flower"},{"floor":52,"key":"Strawberry"}],"event_choices":[{"damage_healed":0.0,"max_hp_gain":0.0,"max_hp_loss":0.0,"gold_gain":0.0,"event_name":"The Library","player_choice":"Read","floor":30.0,"gold_loss":0.0,"damage_taken":0.0,"cards_obtained":["bronze:BugBarrage"]}],"is_beta":true,"boss_relics":[{"not_picked":["Fusion Hammer","Velvet Choker"],"picked":"Runic Dome"},{"not_picked":["Empty Cage","Astrolabe"],"picked":"Tiny House"}],"items_purged_floors":[5,38],"is_endless":false,"potions_floor_spawned":[8,10,15,16,22,23,27,29,31,32,33,36,37,39,42,44,47,48,49,52],"killed_by":"downfall:NeowBossFinal","ascension_level":3}}