{"host":"qqj8xvc6rh6p9rdh","time":1612809834,"event":{"mods":["Act Like it!","BaseMod","DNKmod","Friendly Minions","Hubris","Minty Spire (QoL Compilation)","Small Relic Pack","StSLib","The Animator"],"gold_per_floor":[1319,1168,1168,1168,984,1025,1025,1050,1050,528,553,588,599,611,611,684,684,719,731,749,427,443,472,472,297,321,334,334,363,363,390,390,467,467,487,122,122,147,147,147,174,174,197,197,213,213,232,243,243,243,243,243,243,847,897,952,1023,1023,1023,1098,1178,1178,278,373,454,454,454,569,689,689],"floor_reached":71,"language":"ENG","playtime":3562,"items_purged":["animator:Strike","animator:Strike","animator:Strike","animator:Defend","animator:Defend","animator:Strike_TenSura+1"],"score":3498,"play_id":"24769c7c-d10c-4aa8-b97d-1ff544a1d478","local_time":"20210209024354","is_ascension_mode":true,"campfire_choices":[{"data":"animator:Shuna","floor":7.0,"key":"SMITH"},{"data":"animator:Shuna","floor":15.0,"key":"SMITH"},{"data":"animator:Hakurou","floor":24.0,"key":"SMITH"},{"data":"hubris:DuctTapeCard","floor":32.0,"key":"SMITH"},{"floor":40.0,"key":"RECALL"},{"data":"animator:Eve","floor":42.0,"key":"SMITH"},{"data":"animator:Shizu","floor":44.0,"key":"SMITH"},{"data":"animator:Emonzaemon","floor":49.0,"key":"SMITH"},{"data":"animator:Vesta","floor":53.0,"key":"SMITH"},{"floor":59.0,"key":"REST"},{"data":"animator:Millim+12","floor":67.0,"key":"SMITH"}],"circlet_count":0,"master_deck":["AscendersBane","animator:Defend_TenSura+1","animator:Benimaru+1","animator:Shuna+1","animator:Vesta+1","animator:Shuna+1","animator:Kaijin+1","animator:GazelDwargon+1","animator:Shion+1","animator:Hakurou+1","animator:Rimuru","animator:Souei+1","animator:Shion+1","animator:Shuna+1","animator:HigakiRinne+1","animator:Shizu+1","animator:Eve+1","animator:HigakiRinne+1","animator:Emonzaemon+1","animator:Shuna+1","animator:Millim+17","animator:Hakurou+1","animator:Add+1"],"relics":["animator:TheEgnaroPiece","animator:AncientMedallion"],"acts_visited":["Exordium","TheCity","TheBeyond","TheEnding","EYB:TheUnnamedReign"],"potions_floor_usage":[70,70],"damage_taken":[{"damage":1.0,"enemies":"Jaw Worm","floor":1.0,"turns":3.0},{"damage":5.0,"enemies":"3 Sentries","floor":6.0,"turns":8.0},{"damage":0.0,"enemies":"Lagavulin","floor":8.0,"turns":4.0},{"damage":0.0,"enemies":"2 Louse","floor":11.0,"turns":2.0},{"damage":0.0,"enemies":"Gremlin Nob","floor":12.0,"turns":3.0},{"damage":0.0,"enemies":"Cultist","floor":13.0,"turns":2.0},{"damage":0.0,"enemies":"Red Slaver","floor":14.0,"turns":2.0},{"damage":0.0,"enemies":"Slime Boss","floor":16.0,"turns":3.0},{"damage":0.0,"enemies":"Shell Parasite","floor":18.0,"turns":2.0},{"damage":1.0,"enemies":"2 Thieves","floor":19.0,"turns":2.0},{"damage":0.0,"enemies":"Centurion and Healer","floor":20.0,"turns":3.0},{"damage":0.0,"enemies":"Cultist and Chosen","floor":22.0,"turns":3.0},{"damage":3.0,"enemies":"Book of Stabbing","floor":23.0,"turns":3.0},{"damage":0.0,"enemies":"Chosen and Byrds","floor":27.0,"turns":2.0},{"damage":0.0,"enemies":"animator:HornedBat","floor":29.0,"turns":4.0},{"damage":0.0,"enemies":"Gremlin Leader","floor":31.0,"turns":2.0},{"damage":0.0,"enemies":"Champ","floor":33.0,"turns":3.0},{"damage":0.0,"enemies":"3 Shapes","floor":35.0,"turns":2.0},{"damage":0.0,"enemies":"Mind Bloom Boss Battle","floor":38.0,"turns":2.0},{"damage":0.0,"enemies":"Nemesis","floor":41.0,"turns":3.0},{"damage":9.0,"enemies":"3 Darklings","floor":45.0,"turns":2.0},{"damage":0.0,"enemies":"Jaw Worm Horde","floor":47.0,"turns":2.0},{"damage":0.0,"enemies":"Transient","floor":48.0,"turns":4.0},{"damage":19.0,"enemies":"Time Eater","floor":50.0,"turns":5.0},{"damage":0.0,"enemies":"hubris:GrandSnecko","floor":51.0,"turns":3.0},{"damage":37.0,"enemies":"animator:TRIPLE_SHAPES_WEAK","floor":55.0,"turns":5.0},{"damage":0.0,"enemies":"animator:UNNAMED_CULTIST_1","floor":56.0,"turns":3.0},{"damage":0.0,"enemies":"animator:LARGE_WISP","floor":60.0,"turns":5.0},{"damage":0.0,"enemies":"animator:TRIPLE_LAGAVULIN","floor":61.0,"turns":4.0},{"damage":0.0,"enemies":"animator:ULTIMATE_CRYSTAL","floor":64.0,"turns":4.0},{"damage":10.0,"enemies":"animator:ULTIMATE_CUBE","floor":68.0,"turns":4.0},{"damage":1.0,"enemies":"animator:ULTIMATE_WISP","floor":69.0,"turns":3.0}],"seed_played":"-7589739353873372668","potions_obtained":[{"floor":1.0,"key":"animator:FalseLifePotion"},{"floor":11.0,"key":"SkillPotion"},{"floor":12.0,"key":"Strength Potion"},{"floor":18.0,"key":"LiquidBronze"},{"floor":23.0,"key":"SteroidPotion"},{"floor":47.0,"key":"SteroidPotion"},{"floor":55.0,"key":"animator:FalseLifePotion"},{"floor":56.0,"key":"animator:FalseLifePotion"},{"floor":60.0,"key":"animator:FalseLifePotion"},{"floor":61.0,"key":"animator:FalseLifePotion"},{"floor":64.0,"key":"animator:FalseLifePotion"},{"floor":68.0,"key":"animator:FalseLifePotion"}],"is_trial":false,"path_per_floor":["M","$","?","?","$","E","R","E","T","$","M","E","M","M","R","B",null,"M","M","M","$","M","E","R","$","T","M","$","E","?","E","R","B",null,"M","$","?","?","?","R","E","R","T","R","M","$","M","M","R","B","B",null,"R","??","M","M","T","?","R","M","M","?","$","E","T","?","R","E","E","B",null],"character_chosen":"THE_ANIMATOR","items_purchased":["animator:Vesta","animator:Kaijin","animator:Shuna","animator:Arpeggio","Question Card","Oddly Smooth Stone","Vajra","animator:AncientMedallion","animator:AncientMedallion","animator:AncientMedallion","animator:Add"],"campfire_rested":1,"item_purchase_floors":[2,5,10,10,10,21,36,63,63,63,63],"current_hp_per_floor":[999,999,999,999,999,994,994,995,995,1001,1001,1001,1001,1001,1001,1002,1002,1002,1001,1001,1002,1002,999,999,1002,1002,1002,1002,1002,1002,1002,1002,1004,1004,1004,1004,1004,1004,843,843,843,843,843,843,834,849,849,849,849,830,830,961,961,91,71,75,75,75,91,91,91,91,91,91,91,91,91,81,90,21],"gold":689,"neow_bonus":"HUNDRED_GOLD","is_daily":false,"chose_seed":false,"campfire_upgraded":9,"win_rate":0.0,"timestamp":1612809834,"path_taken":["M","$","?","?","$","E","R","E","T","$","M","E","M","M","R","BOSS","M","M","?","$","M","E","R","$","T","M","?","E","?","E","R","BOSS","M","$","?","?","?","R","E","R","T","R","M","?","M","M","R","BOSS","BOSS","R","??","M","M","T","?","R","M","M","?","$","E","T","?","R","E","E","BOSS"],"items_purchased_type":["Card","Card","Card","Card","Relic","Relic","Relic","Relic","Relic","Relic","Card"],"build_version":"2020-12-22","purchased_purges":6,"victory":true,"max_hp_per_floor":[1000,1000,1000,1000,1000,1000,1000,1001,1001,1001,1001,1001,1001,1001,1001,1002,1002,1002,1002,1002,1002,1002,1002,1002,1002,1002,1002,1002,1002,1002,1002,1002,1004,1004,1004,1004,1004,1004,1004,1004,1004,1004,1004,1004,1004,1004,1004,1004,1004,1004,1004,1004,1004,91,91,91,91,91,91,91,91,91,91,91,91,91,91,91,91,91],"card_choices":[{"not_picked":["animator:Togame","animator:Konayuki","animator:Gillette"],"picked":"SKIP","floor":1.0},{"not_picked":["animator:YuiTsuruno","animator:NagisaMomoe"],"picked":"animator:GazelDwargon","floor":6.0},{"not_picked":["animator:Ain","animator:Raven"],"picked":"animator:Shion","floor":8.0},{"not_picked":["animator:Shuna","animator:Kaijin","animator:Souei"],"picked":"animator:Hakurou","floor":11.0},{"not_picked":["animator:DolaStephanie","animator:Lu","animator:YaoHaDucy","animator:OrikoMikuni"],"picked":"SKIP","floor":12.0},{"not_picked":["animator:Tyuule","animator:MamiTomoe","animator:Shion"],"picked":"animator:Hakurou","floor":13.0},{"not_picked":["animator:Shichika","animator:YaoHaDucy","animator:RoryMercury","animator:Add"],"picked":"SKIP","floor":14.0},{"not_picked":["animator:HigakiRinne","animator:Elesis","animator:Shizu"],"picked":"animator:Rimuru","floor":16.0},{"not_picked":["animator:Hakurou","animator:Shion","animator:Benimaru"],"picked":"animator:Souei","floor":18.0},{"not_picked":["animator:Hakurou","animator:SayakaMiki+1","animator:NagisaMomoe"],"picked":"animator:Shion","floor":19.0},{"not_picked":["animator:Viivi","animator:Tyuule","animator:Benimaru","animator:KyokoSakura"],"picked":"SKIP","floor":20.0},{"not_picked":["animator:Azekura","animator:Rena","animator:AcuraTooru+1","animator:Elsword"],"picked":"SKIP","floor":22.0},{"not_picked":["animator:Benimaru","animator:Souei","animator:Kaijin"],"picked":"animator:Shuna","floor":23.0},{"not_picked":["animator:Viivi","animator:Ara","animator:NagisaMomoe","animator:Nanami"],"picked":"SKIP","floor":27.0},{"not_picked":["animator:AcuraAkari","animator:Chung","animator:Jibril","animator:PinaCoLada"],"picked":"SKIP","floor":29.0},{"not_picked":["animator:RoryMercury","animator:Ara","animator:Viivi","animator:AcuraTooru"],"picked":"SKIP","floor":31.0},{"not_picked":["animator:Biyorigo","animator:HomuraAkemi","animator:Shiro"],"picked":"animator:Shizu","floor":33.0},{"not_picked":["animator:Rena","animator:OrikoMikuni","animator:DolaCouronne+1"],"picked":"animator:Eve","floor":38.0},{"not_picked":["animator:YaoHaDucy","animator:Kuribayashi","animator:Arpeggio","animator:AcuraAkari"],"picked":"SKIP","floor":41.0},{"not_picked":["animator:OrikoMikuni","animator:TukaLunaMarceau+1","animator:Jibril","animator:DolaRiku+1"],"picked":"SKIP","floor":45.0},{"not_picked":["animator:Shuna","animator:DolaRiku","animator:ZankiKiguchi"],"picked":"animator:Emonzaemon","floor":47.0},{"not_picked":["animator:Ara","animator:KyokoSakura"],"picked":"animator:Shuna","floor":55.0},{"not_picked":["animator:Konayuki+1","animator:Gillette","animator:DolaRiku"],"picked":"SKIP","floor":56.0},{"not_picked":["animator:MamiTomoe","animator:Lu"],"picked":"animator:Millim","floor":60.0},{"not_picked":["animator:TukaLunaMarceau","animator:Jibril+1"],"picked":"animator:Hakurou","floor":61.0},{"not_picked":["animator:ChaikaTrabant","animator:Jibril","animator:Benimaru"],"picked":"SKIP","floor":64.0},{"not_picked":["animator:Rena","animator:SuzuneAmano","animator:Fredrika"],"picked":"SKIP","floor":68.0},{"not_picked":["animator:DolaSchwi","animator:Shuna","animator:MamiTomoe+1"],"picked":"SKIP","floor":69.0}],"player_experience":831430,"relics_obtained":[{"floor":6.0,"key":"Red Skull"},{"floor":8.0,"key":"MealTicket"},{"floor":12.0,"key":"hubris:ToyBattleship"},{"floor":23.0,"key":"hubris:CuriousFeather"},{"floor":26.0,"key":"Juzu Bracelet"},{"floor":29.0,"key":"hubris:DuctTape"},{"floor":31.0,"key":"Bottled Lightning"},{"floor":38.0,"key":"animator:WizardHat"},{"floor":41.0,"key":"Calipers"},{"floor":43.0,"key":"Bronze Scales"},{"floor":54.0,"key":"animator:TheEgnaroPiece"},{"floor":54.0,"key":"animator:AncientMedallion"},{"floor":57.0,"key":"animator:AncientMedallion"},{"floor":64.0,"key":"animator:AncientMedallion"},{"floor":65.0,"key":"animator:AncientMedallion"},{"floor":68.0,"key":"animator:AncientMedallion"},{"floor":69.0,"key":"animator:AncientMedallion"}],"event_choices":[{"damage_healed":0.0,"max_hp_gain":0.0,"max_hp_loss":0.0,"gold_gain":0.0,"cards_transformed":["animator:Defend"],"event_name":"Transmorgrifier","player_choice":"Transformed","floor":4.0,"gold_loss":0.0,"damage_taken":0.0,"cards_obtained":["animator:Shuna"]},{"cards_removed":["animator:Arpeggio"],"damage_healed":0.0,"max_hp_gain":0.0,"max_hp_loss":0.0,"gold_gain":0.0,"event_name":"Bonfire Elementals","player_choice":"Offered Uncommon","floor":30.0,"gold_loss":0.0,"damage_taken":0.0},{"damage_healed":0.0,"max_hp_gain":0.0,"max_hp_loss":0.0,"gold_gain":0.0,"event_name":"MindBloom","player_choice":"Fight","floor":38.0,"gold_loss":0.0,"damage_taken":0.0},{"damage_healed":0.0,"max_hp_gain":0.0,"max_hp_loss":0.0,"gold_gain":0.0,"event_name":"Winding Halls","player_choice":"Embrace Madness","floor":39.0,"gold_loss":0.0,"damage_taken":161.0,"cards_obtained":["animator:HigakiRinne"]}],"is_beta":false,"boss_relics":[{"not_picked":["hubris:Stopwatch","relicPack:ShieldShield"],"picked":"animator:CursedBlade"},{"not_picked":["hubris:ScarierMask","hubris:GrandSneckoEye"],"picked":"hubris:HollowSoul"}],"items_purged_floors":[2,5,10,21,25,36],"is_endless":false,"potions_floor_spawned":[1,11,12,18,23,27,29,33,38,41,47,60,61,64],"ascension_level":20}}