{"host":"54jr43vd79817238","time":1612785074,"event":{"mods":["100% Spire Juice","ATMod(°¢èªMod)","Act Like it!","Arknights","Aspiration","BaseMod","CapriCore","Dota2Spire","Friendly Minions","Gensokyo","Hallownest","Hermit","Jedi Mod","KomeijiMod","Lobotomy","LobotomyExtend","Marisa£¨ìFÓê¡¡Ä§ÀíÉ³£©","Minty Spire (QoL Compilation)","MostiFishMod","Prisma Mod","PrismaMod-zhs","Quarter Circle Forward PUNCH!","Reliquary","Replay The Spire","Robot Space Explorer","RumiaBox-Â¶Ã×æ«µÄÉñÃØºÐ×Ó","Spicy Shops","StSLib","TestMod","The Blackbeard","WarShipGirlsR/Õ½½¢ÉÙÅ®R mod","Yakumo Yukari mod","Youmu£¨»êÆÇÑýÃÎ£©","Yuyuko","¡¾ÒÅÎï¿¨ÅÆ¡¿REMEMod"],"gold_per_floor":[115,8,408,425,65,65,103,127,127,7,7,7,42,65,65,175,175,192,192,192,210,59,59,81,81,81,106,128,152,152,193,193,316,316,340,417,417,427,427],"floor_reached":38,"language":"ZHS","playtime":1847,"items_purged":[],"score":713,"play_id":"f40eb3e0-b986-4bae-95f1-3cce39ee92b9","local_time":"20210208195114","is_ascension_mode":true,"campfire_choices":[{"data":"Moonworks:IntelligenceOfficer","floor":10,"key":"SMITH"},{"floor":15,"key":"RECALL"},{"data":"Moonworks:MetallicMonocoque","floor":23,"key":"SMITH"},{"data":"Moonworks:Heat300Percent","floor":25,"key":"SMITH"},{"data":"Moonworks:AccelHyper","floor":32,"key":"SMITH"}],"circlet_count":0,"master_deck":["Moonworks:Strike","Moonworks:Strike","Moonworks:Strike","Moonworks:Strike","Moonworks:Defend","Moonworks:Defend","Moonworks:Defend","Moonworks:Defend","Moonworks:Ambush","Moonworks:LongDistanceShot","Moonworks:AccelHyper+1","AT_KingSlayer+1","Moonworks:JonathanRush","Moonworks:JonathanRush","Moonworks:NicePresent","Moonworks:Heat300Percent+1","Moonworks:IntelligenceOfficer+1","Moonworks:MetallicMonocoque+1","Moonworks:HolyNight","Moonworks:NicePresent","Moonworks:CloudOfSeagulls+1","Moonworks:CloudOfSeagulls+1","Moonworks:NicePresent+1","Moonworks:CloudOfSeagulls","Moonworks:NicePresent","Moonworks:CrystalBarrier","Moonworks:PlushieMaster","jedi:pocketpoison+1","ReplayTheSpireMod:Speed Training+1","Hidden Blade+1"],"relics":["Moonworks:BrokenBomb","Moonworks:Homemark","AT_ATBox","testmod-TestBox","REME_ComplimentaryCards","testmod-Acrobat","Eternal Feather","SynthV:TestCard","jedi:cryingmask","Happy Flower","EasyGame_NEW","AT_BladeRuinedKing","reliquary:IridiumChain","reliquary:PurpleTingedLeaf","aspiration:SilentSkillbook","AT_SpeedBoots"],"acts_visited":["Gensokyo:Gensokyo","TheCity","Gensokyo:Gensokyoest"],"potions_floor_usage":[7,7,13,31,38],"damage_taken":[{"damage":2,"enemies":"Gensokyo:Python","floor":1,"turns":4},{"damage":0,"enemies":"Gensokyo:2_Kodama","floor":2,"turns":3},{"damage":4,"enemies":"Gensokyo:Gryphon","floor":4,"turns":3},{"damage":16,"enemies":"Gensokyo:Cirno","floor":7,"turns":5},{"damage":10,"enemies":"Gensokyo:5_Fairies","floor":8,"turns":5},{"damage":0,"enemies":"Gensokyo:Mamizou","floor":13,"turns":6},{"damage":5,"enemies":"Gensokyo:3_Kodama","floor":14,"turns":4},{"damage":29,"enemies":"Gensokyo:Yukari","floor":16,"turns":8},{"damage":3,"enemies":"Shell Parasite","floor":18,"turns":3},{"damage":13,"enemies":"2 Thieves","floor":21,"turns":3},{"damage":13,"enemies":"Sentry and Sphere","floor":24,"turns":4},{"damage":0,"enemies":"Snake Plant","floor":27,"turns":1},{"damage":0,"enemies":"Snecko","floor":28,"turns":3},{"damage":5,"enemies":"Chosen and Byrds","floor":29,"turns":3},{"damage":7,"enemies":"Gremlin Leader","floor":31,"turns":4},{"damage":2,"enemies":"Pondfish","floor":33,"turns":11},{"damage":18,"enemies":"Gensokyo:3_Bats","floor":35,"turns":4},{"damage":24,"enemies":"Gensokyo:AncientGuardian","floor":38,"turns":2}],"seed_played":"7168733049644373557","potions_obtained":[{"floor":2,"key":"Regen Potion"},{"floor":4,"key":"testmod-TestPotion"},{"floor":8,"key":"testmod-TestPotion"},{"floor":21,"key":"Elixir"},{"floor":28,"key":"Weak Potion"},{"floor":29,"key":"SteroidPotion"},{"floor":31,"key":"DuplicationPotion"}],"is_trial":false,"path_per_floor":["M","M","?","M","?","?","E","M","T","R","?","$","E","M","R","B",null,"M","?","?","M","$","R","M","R","T","M","M","M","?","E","R","B",null,"M","?","?","M"],"character_chosen":"THE_STARBREAKER","items_purchased":["AT_BladeRuinedKing"],"campfire_rested":0,"item_purchase_floors":[22],"current_hp_per_floor":[58,58,58,54,54,54,50,40,40,49,55,55,55,50,59,30,60,57,57,57,44,44,56,43,55,55,55,55,50,50,43,58,58,60,43,19,19,0,0],"gold":427,"neow_bonus":"UPGRADE_CARD","is_daily":false,"chose_seed":false,"campfire_upgraded":4,"win_rate":0.0,"timestamp":1612785074,"path_taken":["M","M","?","M","?","?","E","M","T","R","?","$","E","M","R","BOSS","M","?","?","M","$","R","M","R","T","M","M","?","?","E","R","BOSS","M","?","?","M"],"items_purchased_type":["Relic"],"build_version":"2020-12-22","purchased_purges":0,"victory":false,"max_hp_per_floor":[60,60,60,60,60,60,60,60,60,60,60,60,60,60,60,60,60,60,60,60,60,60,60,60,60,60,60,60,60,60,60,60,60,60,60,60,60,60,60],"card_choices":[{"not_picked":["Moonworks:RedAndBlue","Moonworks:DeployBits"],"picked":"Moonworks:JonathanRush","floor":1},{"not_picked":["Moonworks:FinalSurgery","Moonworks:EvilSpyWorkPreparation","Moonworks:SakisCookie","Moonworks:Assault"],"picked":"Moonworks:JonathanRush","floor":2},{"not_picked":["Moonworks:SakisCookie","Moonworks:SelfDestruct","Moonworks:Dash","Moonworks:UnluckyCharm"],"picked":"Moonworks:NicePresent","floor":4},{"not_picked":["Moonworks:IndiscriminateFireSupport","Moonworks:Poppoformation","Moonworks:BigMagnum","Moonworks:ForcedRevival"],"picked":"Moonworks:Heat300Percent","floor":7},{"not_picked":["Moonworks:Bloodlust","Moonworks:LulusLuckyEgg","Moonworks:BigMagnum","Moonworks:Assault"],"picked":"Moonworks:IntelligenceOfficer","floor":8},{"not_picked":["Moonworks:Flamethrower","Moonworks:MiracleWalker","Moonworks:BeyondHell","Moonworks:ScrambledEve"],"picked":"Moonworks:MetallicMonocoque","floor":13},{"not_picked":["Moonworks:BackdoorTrade","Moonworks:StiffCrystal","Moonworks:Assault","Moonworks:SakisCookie","Moonworks:Bloodlust"],"picked":"SKIP","floor":14},{"not_picked":["Moonworks:WeAreWaruda","Moonworks:MeltingMemories","Moonworks:StarBlastingFuse","Moonworks:FinalBattle"],"picked":"Moonworks:HolyNight","floor":16},{"not_picked":["Moonworks:Assault","Moonworks:Dash","Moonworks:IndiscriminateFireSupport","Moonworks:EvilSpyWorkPreparation"],"picked":"Moonworks:NicePresent","floor":18},{"not_picked":["Moonworks:UnpaidWork+1","Moonworks:ImOnFire","Moonworks:Assault","Moonworks:EvilSpyWorkPreparation"],"picked":"Moonworks:CloudOfSeagulls+1","floor":21},{"not_picked":["Moonworks:CookingTime","Moonworks:UnluckyCharm+1","Moonworks:LulusLuckyEgg","Moonworks:LuckyCharm"],"picked":"Moonworks:CloudOfSeagulls+1","floor":24},{"not_picked":["Moonworks:CookingTime","Moonworks:ImmovableObject","Moonworks:OutOfAmmo","Moonworks:Heat300Percent"],"picked":"Moonworks:NicePresent+1","floor":27},{"not_picked":["Moonworks:IndiscriminateFireSupport","Moonworks:LulusLuckyEgg","Moonworks:Bloodlust","Moonworks:SubspaceTunnel"],"picked":"Moonworks:CloudOfSeagulls","floor":28},{"not_picked":["Moonworks:StiffCrystal+1","Moonworks:Assault+1","Moonworks:UnluckyCharm","Moonworks:CompletionReward"],"picked":"Moonworks:NicePresent","floor":29},{"not_picked":["Moonworks:SakisCookie+1","Moonworks:AwakeningOfTalent","Moonworks:BigMagnum+1","Moonworks:Assault"],"picked":"Moonworks:CrystalBarrier","floor":31},{"not_picked":["Moonworks:LeapThroughSpace","Moonworks:Gamble","Moonworks:ReflectiveShell","Moonworks:RocketCannon"],"picked":"Moonworks:PlushieMaster","floor":33},{"not_picked":["Slice+1","Noxious Fumes","AT_WomanClash","MostiFishMod:PerfectParry","Moonworks:MixPhenomenon"],"picked":"jedi:pocketpoison+1","floor":35},{"not_picked":["ReplayTheSpireMod:Tripwire","jedi:collectorvenom+1","Moonworks:Assault","Dagger Spray+1","Slice"],"picked":"ReplayTheSpireMod:Speed Training+1","floor":36},{"not_picked":["Bane+1","Expertise+1","Deadly Poison","Cloak And Dagger","Dagger Throw"],"picked":"Hidden Blade+1","floor":36}],"player_experience":352353,"relics_obtained":[{"floor":1,"key":"SynthV:TestCard"},{"floor":7,"key":"jedi:cryingmask"},{"floor":13,"key":"Happy Flower"},{"floor":26,"key":"reliquary:IridiumChain"},{"floor":31,"key":"reliquary:PurpleTingedLeaf"},{"floor":36,"key":"AT_SpeedBoots"}],"event_choices":[{"damage_healed":0,"gold_gain":400,"player_choice":"Sell","damage_taken":0,"max_hp_gain":0,"max_hp_loss":0,"event_name":"¶÷ÂåË¹µÄÅÌ×Ó","floor":3,"relics_lost":["DaveBox"],"gold_loss":0}],"is_beta":false,"boss_relics":[{"not_picked":["ExusiaiGun","JellyFishMachine"],"picked":"EasyGame_NEW"},{"not_picked":["aspiration:RunicSpoon","testmod-NegativeEmotionEnhancer"],"picked":"aspiration:SilentSkillbook"}],"items_purged_floors":[],"is_endless":false,"potions_floor_spawned":[2,4,8,21,28,29,31,33],"killed_by":"Gensokyo:AncientGuardian","ascension_level":3}}