{"host":"6bsan6hkua32tfq7","time":1612768493,"event":{"mods":["BaseMod","Better Third Choice","Colored Map","Highlight Path","Minty Spire (QoL Compilation)","StSLib"],"gold_per_floor":[119,119,134,144,144,144,170,170,193,118,151,164,182,200,200,200,200],"floor_reached":16,"language":"ENG","playtime":336,"items_purged":["Defend_R"],"score":224,"play_id":"ae8aabc5-b12e-4334-a5ae-f897d8d97e26","local_time":"20210208081453","is_ascension_mode":true,"campfire_choices":[{"data":"Carnage","floor":6,"key":"SMITH"},{"data":"Fire Breathing","floor":8,"key":"SMITH"},{"data":"Strike_R","floor":15,"key":"PURGE"}],"circlet_count":0,"master_deck":["AscendersBane","Strike_R","Strike_R","Strike_R","Strike_R","Defend_R","Defend_R","Defend_R","Bash","Fire Breathing","Carnage+1","Fire Breathing+1","Evolve","Pummel","Warcry"],"relics":["Burning Blood","Red Skull","Peace Pipe","Potion Belt","Strawberry"],"acts_visited":["Exordium"],"potions_floor_usage":[14,16,16],"damage_taken":[{"damage":17,"enemies":"2 Louse","floor":1,"turns":3},{"damage":6,"enemies":"Cultist","floor":3,"turns":3},{"damage":11,"enemies":"Small Slimes","floor":4,"turns":4},{"damage":31,"enemies":"Gremlin Nob","floor":7,"turns":4},{"damage":42,"enemies":"Lagavulin","floor":11,"turns":8},{"damage":6,"enemies":"3 Louse","floor":12,"turns":4},{"damage":1,"enemies":"2 Fungi Beasts","floor":13,"turns":2},{"damage":1,"enemies":"Lots of Slimes","floor":14,"turns":2},{"damage":26,"enemies":"The Guardian","floor":16,"turns":4}],"seed_played":"-2963241056233780467","potions_obtained":[{"floor":1,"key":"Explosive Potion"},{"floor":3,"key":"Swift Potion"},{"floor":13,"key":"Explosive Potion"},{"floor":14,"key":"Strength Potion"}],"is_trial":false,"path_per_floor":["M","?","M","M","?","R","E","R","T","$","E","M","M","M","R","B"],"character_chosen":"IRONCLAD","items_purchased":[],"campfire_rested":0,"item_purchase_floors":[],"current_hp_per_floor":[57,75,75,70,70,70,45,45,45,45,16,16,21,26,26,0,0],"gold":200,"neow_bonus":"THREE_CARDS","is_daily":false,"chose_seed":false,"campfire_upgraded":2,"win_rate":0.0,"timestamp":1612768493,"path_taken":["M","?","M","?","?","R","E","R","T","$","E","M","?","M","R","BOSS"],"items_purchased_type":[],"build_version":"2020-12-22","purchased_purges":1,"victory":false,"max_hp_per_floor":[75,75,75,75,75,75,75,75,75,75,82,82,82,82,82,82,82],"card_choices":[{"not_picked":["Flex","True Grit"],"picked":"Combust","floor":0},{"not_picked":["Dual Wield","Thunderclap"],"picked":"Fire Breathing","floor":1},{"not_picked":["Sword Boomerang","Infernal Blade"],"picked":"Carnage","floor":3},{"not_picked":["Clash","Heavy Blade"],"picked":"Fire Breathing","floor":4},{"not_picked":["Shockwave","Pommel Strike"],"picked":"Evolve","floor":7},{"not_picked":["Brutality","Fire Breathing"],"picked":"Pummel","floor":11},{"not_picked":["Inflame","Cleave","Clash"],"picked":"SKIP","floor":12},{"not_picked":["Perfected Strike","Whirlwind","Uppercut"],"picked":"SKIP","floor":13},{"not_picked":["Second Wind","Warcry","Shrug It Off"],"picked":"SKIP","floor":14},{"not_picked":["Second Wind","Shrug It Off"],"picked":"Warcry","floor":14}],"player_experience":5416297,"relics_obtained":[{"floor":7,"key":"Peace Pipe"},{"floor":9,"key":"Potion Belt"},{"floor":11,"key":"Strawberry"}],"event_choices":[{"cards_removed":["Combust"],"damage_healed":18,"gold_gain":0,"player_choice":"Offered Uncommon","damage_taken":0,"max_hp_gain":0,"max_hp_loss":0,"event_name":"Bonfire Elementals","floor":2,"gold_loss":0},{"damage_healed":0,"gold_gain":0,"player_choice":"Gave Potion","damage_taken":0,"relics_obtained":["Red Skull"],"max_hp_gain":0,"max_hp_loss":0,"event_name":"WeMeetAgain","floor":5,"gold_loss":0}],"is_beta":false,"boss_relics":[],"items_purged_floors":[10],"is_endless":false,"potions_floor_spawned":[1,3,13,14],"killed_by":"The Guardian","ascension_level":20}}