{"host":"pyelotildgrd5mks","time":1612780476,"event":{"mods":["BaseMod","Downfall","Minty Spire (QoL Compilation)","Quick Restart","StSLib"],"gold_per_floor":[99,99,99,99,153,183,254,283,283,293,313,330,330,365,380,479,479,379,394,413,413,423,333,333,333,218,235,235,135,147,178,194,297,297,297,310,323,339,199,199,199,199,199,210,210,220,220,245,259,259],"floor_reached":51,"language":"ZHS","playtime":3566,"items_purged":["Guardian:Defend_Guardian","Guardian:Strike_Guardian","Guardian:Strike_Guardian"],"score":1436,"play_id":"26d10b94-00dd-475a-98a1-4fc841f29e18","local_time":"20210208183436","is_ascension_mode":true,"campfire_choices":[{"data":"Guardian:TwinSlam","floor":1.0,"key":"SMITH"},{"data":"Guardian:Planning","floor":9.0,"key":"SMITH"},{"data":"Guardian:PrismaticBeam","floor":13.0,"key":"SMITH"},{"data":"Guardian:CurlUp","floor":18.0,"key":"SMITH"},{"floor":25.0,"key":"RECALL"},{"data":"Guardian:SphericShield","floor":29.0,"key":"SMITH"},{"data":"Guardian:CompilePackage","floor":35.0,"key":"SMITH"},{"data":"Guardian:FloatingOrbs","floor":40.0,"key":"SMITH"},{"data":"Guardian:TimeCapacitor","floor":42.0,"key":"SMITH"},{"data":"Guardian:ArmoredProtocol","floor":47,"key":"SMITH"}],"circlet_count":0,"master_deck":["AscendersBane","Guardian:Defend_Guardian+1","Guardian:CurlUp+1","Guardian:TwinSlam+1","Guardian:Planning+1","Guardian:PrismaticBeam+1","Guardian:TimeSifter","Guardian:Suspension+1","Guardian:ShieldCharger+1","Guardian:AncientConstruct+1","Guardian:TimeCapacitor+1","Guardian:SphericShield+1","Guardian:TemporalShield+1","Guardian:CompilePackage+1","Guardian:FloatingOrbs+1","Guardian:ArmoredProtocol+1","Guardian:BronzeOrb+1"],"relics":["Guardian:ModeShifter","downfall:HeartsMalice","Tiny Chest","InkBottle","Guardian:SackOfGems","Astrolabe","downfall:HeartBlessingGreen","Slimebound:StickyStick","Mummified Hand","downfall:HeartBlessingRed","Singing Bowl","Philosopher\u0027s Stone","Blue Candle","Bird Faced Urn","War Paint"],"acts_visited":["Exordium","TheCity","TheBeyond"],"potions_floor_usage":[],"damage_taken":[{"damage":0.0,"enemies":"Small Slimes","floor":2.0,"turns":1.0},{"damage":0.0,"enemies":"Jaw Worm","floor":3.0,"turns":1.0},{"damage":0.0,"enemies":"Gremlin Nob","floor":8.0,"turns":1.0},{"damage":0.0,"enemies":"Cultist","floor":10.0,"turns":3.0},{"damage":17.0,"enemies":"Exordium Thugs","floor":11.0,"turns":6.0},{"damage":14.0,"enemies":"Exordium Wildlife","floor":12.0,"turns":5.0},{"damage":0.0,"enemies":"Lagavulin","floor":14.0,"turns":7.0},{"damage":0.0,"enemies":"Gremlin Gang","floor":15.0,"turns":3.0},{"damage":20.0,"enemies":"DF_ARCHETYPE_STREAMLINE","floor":16.0,"turns":12.0},{"damage":6.0,"enemies":"Chosen","floor":19.0,"turns":4.0},{"damage":18.0,"enemies":"Snake Plant","floor":20.0,"turns":5.0},{"damage":6.0,"enemies":"Shelled Parasite and Fungi","floor":22.0,"turns":6.0},{"damage":0.0,"enemies":"downfall:FleeingMerchant","floor":23.0,"turns":4.0},{"damage":0.0,"enemies":"downfall:FleeingMerchant","floor":26.0,"turns":4.0},{"damage":14.0,"enemies":"Centurion and Healer","floor":27.0,"turns":6.0},{"damage":0.0,"enemies":"Chosen and Byrds","floor":30.0,"turns":4.0},{"damage":6.0,"enemies":"Book of Stabbing","floor":31.0,"turns":4.0},{"damage":0.0,"enemies":"Snake Plant","floor":32.0,"turns":3.0},{"damage":0.0,"enemies":"IC_MUSHROOM_ARCHETYPE","floor":33.0,"turns":7.0},{"damage":0.0,"enemies":"Orb Walker","floor":36.0,"turns":4.0},{"damage":0.0,"enemies":"3 Darklings","floor":37.0,"turns":5.0},{"damage":0.0,"enemies":"Jaw Worm Horde","floor":38.0,"turns":5.0},{"damage":0.0,"enemies":"downfall:FleeingMerchant","floor":39.0,"turns":4.0},{"damage":0.0,"enemies":"Transient","floor":44.0,"turns":5.0},{"damage":0,"enemies":"Spire Growth","floor":46,"turns":4},{"damage":0,"enemies":"Nemesis","floor":48,"turns":5},{"damage":0,"enemies":"Maw","floor":49,"turns":6},{"damage":13,"enemies":"SI_POISON_ARCHETYPE","floor":50,"turns":11}],"seed_played":"-672552118203270825","potions_obtained":[{"floor":11.0,"key":"bronze:BurnAndBuffPotion"},{"floor":12.0,"key":"Fire Potion"},{"floor":16.0,"key":"PowerPotion"},{"floor":30.0,"key":"Fire Potion"},{"floor":33.0,"key":"SneckoOil"},{"floor":38.0,"key":"Block Potion"}],"is_trial":false,"path_per_floor":["R","M","M","?","T","?","T","E","R","M","M","M","R","E","M","B",null,"R","M","M","?","M","$","T","R","$","M","T","R","M","E","M","B",null,"R","M","M","M","$","R","T","R","?","M","?","M","R","E","M","B",null],"character_chosen":"GUARDIAN","items_purchased":[],"campfire_rested":0,"item_purchase_floors":[],"current_hp_per_floor":[72,72,72,72,72,72,72,72,72,72,55,41,41,41,41,21,65,65,59,41,41,35,35,35,35,35,21,21,21,21,17,19,19,68,68,70,72,74,74,74,74,74,74,74,74,86,86,94,96,86],"gold":259,"neow_bonus":"THREE_ENEMY_KILL","is_daily":false,"chose_seed":false,"campfire_upgraded":9,"win_rate":0.0,"timestamp":1612780476,"path_taken":["R","M","M","?","?","?","T","E","R","M","M","M","R","E","M","BOSS","R","M","M","?","M","?","T","R","$","M","?","R","M","E","M","BOSS","R","M","M","M","$","R","T","R","?","?","?","M","R","E","M","BOSS"],"items_purchased_type":[],"build_version":"2020-12-22","purchased_purges":3,"victory":true,"max_hp_per_floor":[80,80,80,80,80,80,80,80,80,80,80,80,80,80,80,80,80,80,80,80,80,80,80,80,80,80,80,80,80,80,82,84,84,84,84,86,88,90,90,90,90,90,90,90,90,92,92,94,96,96],"card_choices":[{"not_picked":["Guardian:TemporalStrike","Guardian:Incinerate","Guardian:Preprogram"],"picked":"SKIP","floor":2.0},{"not_picked":["Guardian:WalkerClaw","Guardian:Preprogram"],"picked":"Guardian:Planning","floor":3.0},{"not_picked":["Guardian:Gem_Cyan","Guardian:EvasiveProtocol","Guardian:PrismaticBeam"],"picked":"SKIP","floor":8.0},{"not_picked":["Guardian:Incinerate","Guardian:PrimingBeam"],"picked":"Guardian:Gem_White","floor":10.0},{"not_picked":["Guardian:RollAttack","Guardian:Orbwalk"],"picked":"Guardian:PrismaticBeam","floor":11.0},{"not_picked":["Guardian:CrystalBeam","Guardian:Reroute","Guardian:Recover"],"picked":"SKIP","floor":12.0},{"not_picked":["Guardian:ChargeUp","Guardian:GuardianWhirl"],"picked":"Guardian:Gem_Fragmented","floor":14.0},{"not_picked":["Guardian:ChargeCore","Guardian:Planning"],"picked":"Guardian:BronzeArmor","floor":15.0},{"not_picked":["Guardian:StasisField","Guardian:StasisStrike"],"picked":"Guardian:TimeSifter","floor":16.0},{"not_picked":["Guardian:Gem_Cyan","Guardian:VentSteam","Guardian:DonusPower+1"],"picked":"SKIP","floor":19.0},{"not_picked":["Guardian:Gem_Lightblue","Guardian:Gem_Red"],"picked":"Guardian:TimeCapacitor","floor":20.0},{"not_picked":["Guardian:Incinerate","Guardian:GuardianWhirl","Guardian:TemporalStrike"],"picked":"SKIP","floor":22.0},{"not_picked":["Guardian:Incinerate","Guardian:GuardianWhirl","Guardian:TemporalStrike"],"picked":"SKIP","floor":22.0},{"not_picked":["Guardian:ShieldSpikes","Guardian:RollAttack"],"picked":"Guardian:TemporalShield+1","floor":23.0},{"not_picked":["Guardian:Clone","Guardian:Gem_Synthetic","Guardian:BronzeArmor"],"picked":"SKIP","floor":26.0},{"not_picked":["Guardian:TimeBomb","Guardian:WalkerClaw+1","Guardian:ShieldCharger+1"],"picked":"SKIP","floor":27.0},{"not_picked":["Guardian:Gem_Red","Guardian:Reroute","Guardian:PiercingHide+1"],"picked":"SKIP","floor":30.0},{"not_picked":["Guardian:Incinerate","Guardian:WalkerClaw","Guardian:TimeCapacitor+1"],"picked":"Singing Bowl","floor":31.0},{"not_picked":["Guardian:Planning+1","Guardian:WalkerClaw+1","Guardian:Reroute"],"picked":"Singing Bowl","floor":32.0},{"not_picked":["Guardian:GatlingBeam","Guardian:AncientConstruct"],"picked":"Guardian:CompilePackage","floor":33.0},{"not_picked":["Guardian:Gem_Blue","Guardian:TemporalShield","Guardian:DecasProtection+1"],"picked":"Singing Bowl","floor":36.0},{"not_picked":["Guardian:MultiBeam","Guardian:Reroute","Guardian:PolyBeam"],"picked":"Singing Bowl","floor":37.0},{"not_picked":["Guardian:VentSteam","Guardian:Reroute","Guardian:Gem_Cyan"],"picked":"Singing Bowl","floor":38.0},{"not_picked":["Guardian:FuturePlans","Guardian:BronzeArmor+1"],"picked":"Guardian:FloatingOrbs","floor":39.0},{"not_picked":["Guardian:ChargeUp","Guardian:TimeBomb+1"],"picked":"Guardian:BronzeOrb+1","floor":44.0},{"not_picked":["Guardian:Recover+1","Guardian:EvasiveProtocol","Guardian:Incinerate+1"],"picked":"Singing Bowl","floor":46},{"not_picked":["Guardian:RollAttack","Guardian:Gem_Yellow","Guardian:Reroute"],"picked":"Singing Bowl","floor":48},{"not_picked":["Guardian:RollAttack","Guardian:Suspension+1","Guardian:Incinerate+1"],"picked":"Singing Bowl","floor":49}],"player_experience":708859,"relics_obtained":[{"floor":5.0,"key":"Tiny Chest"},{"floor":7.0,"key":"InkBottle"},{"floor":8.0,"key":"Guardian:SackOfGems"},{"floor":14.0,"key":"Shuriken"},{"floor":24.0,"key":"Slimebound:StickyStick"},{"floor":28.0,"key":"Mummified Hand"},{"floor":31.0,"key":"Singing Bowl"},{"floor":41.0,"key":"Blue Candle"},{"floor":45,"key":"Bird Faced Urn"},{"floor":48,"key":"War Paint"}],"event_choices":[],"is_beta":false,"boss_relics":[{"not_picked":["Guardian:ModeShifterPlus","sneckomod:SneckoTalon"],"picked":"Astrolabe"},{"not_picked":["Fusion Hammer","Busted Crown"],"picked":"Philosopher\u0027s Stone"}],"items_purged_floors":[23,26,39],"is_endless":false,"potions_floor_spawned":[11,12,16,19,22,27,30,32,33,38,44,46],"ascension_level":10}}