{"host":"zsnmfqgcm92hlreo","time":1612764833,"event":{"mods":["AchievementEnabler","BaseMod","Bestiary","Block Reminder","Colored Map","Colored Powertips","Minty Spire (QoL Compilation)","Permanent Neow","Quick Restart","Relic Stats","StSLib","Weighted Paths"],"gold_per_floor":[117,134,145,295,295,328,328,355,410,428,439,473,485,315,315,391,441,456,11,27,27,59,59,72,82,106,141,141,141,141,156,156,227,227,246,300,300,300,300,300,329,329,329,329,551,5,38,52,52,52,52,52,52,52,81,81,81],"floor_reached":56,"language":"ENG","playtime":2216,"items_purged":["Strike_R","Strike_R"],"score":1928,"play_id":"92c98804-aecf-4b2d-867a-c23ec89a5ecd","local_time":"20210208001353","is_ascension_mode":true,"campfire_choices":[{"data":"Bash","floor":7.0,"key":"SMITH"},{"data":"Shockwave","floor":15.0,"key":"SMITH"},{"floor":23.0,"key":"REST"},{"floor":28.0,"key":"REST"},{"floor":30.0,"key":"REST"},{"floor":32.0,"key":"REST"},{"data":"Double Tap","floor":40.0,"key":"SMITH"},{"data":"Bludgeon","floor":42,"key":"SMITH"},{"data":"Inflame","floor":44,"key":"SMITH"},{"floor":49,"key":"RECALL"},{"data":"Bludgeon","floor":53,"key":"SMITH"}],"circlet_count":0,"master_deck":["AscendersBane","Strike_R","Strike_R","Strike_R","Defend_R","Defend_R","Defend_R","Defend_R","Bash+1","Flame Barrier","Feel No Pain","Heavy Blade","Disarm+1","Reaper","Shockwave+1","Heavy Blade","Bludgeon+1","Inflame+1","Bludgeon+1","Juggernaut","Inflame","Heavy Blade","Heavy Blade","Immolate","Corruption","Clothesline+1","Double Tap+1","Bash","Impervious","Disarm","Sever Soul+1","Reaper","Clothesline+1","Spot Weakness"],"relics":["Snecko Eye","Gremlin Horn","Juzu Bracelet","Pen Nib","MawBank","Tiny House","DollysMirror","Red Mask","Toy Ornithopter","Bottled Flame","Nilry\u0027s Codex","Runic Dome","Dead Branch","Strawberry","Bronze Scales","HandDrill","Prayer Wheel","Lantern"],"acts_visited":["Exordium","TheCity","TheBeyond","TheEnding"],"potions_floor_usage":[50,50],"damage_taken":[{"damage":0.0,"enemies":"Small Slimes","floor":1.0,"turns":2.0},{"damage":0.0,"enemies":"Jaw Worm","floor":2.0,"turns":2.0},{"damage":0.0,"enemies":"Cultist","floor":3.0,"turns":3.0},{"damage":11.0,"enemies":"3 Sentries","floor":6.0,"turns":14.0},{"damage":8.0,"enemies":"Gremlin Nob","floor":8.0,"turns":3.0},{"damage":6.0,"enemies":"Blue Slaver","floor":10.0,"turns":2.0},{"damage":11.0,"enemies":"Exordium Wildlife","floor":11.0,"turns":3.0},{"damage":16.0,"enemies":"3 Sentries","floor":12.0,"turns":8.0},{"damage":41.0,"enemies":"Slime Boss","floor":16.0,"turns":11.0},{"damage":20.0,"enemies":"2 Thieves","floor":18.0,"turns":5.0},{"damage":8.0,"enemies":"Spheric Guardian","floor":20.0,"turns":3.0},{"damage":41.0,"enemies":"Masked Bandits","floor":22.0,"turns":4.0},{"damage":15.0,"enemies":"Snake Plant","floor":24.0,"turns":3.0},{"damage":29.0,"enemies":"Shelled Parasite and Fungi","floor":25.0,"turns":4.0},{"damage":3.0,"enemies":"Gremlin Leader","floor":27.0,"turns":4.0},{"damage":0.0,"enemies":"Snecko","floor":31.0,"turns":2.0},{"damage":32.0,"enemies":"Champ","floor":33.0,"turns":5.0},{"damage":3.0,"enemies":"Orb Walker","floor":35.0,"turns":2.0},{"damage":0.0,"enemies":"2 Orb Walkers","floor":36.0,"turns":3.0},{"damage":8,"enemies":"Reptomancer","floor":41,"turns":3},{"damage":8,"enemies":"Giant Head","floor":47,"turns":6},{"damage":29,"enemies":"3 Shapes","floor":48,"turns":4},{"damage":39,"enemies":"Donu and Deca","floor":50,"turns":5},{"damage":38,"enemies":"Time Eater","floor":51,"turns":3},{"damage":69,"enemies":"Shield and Spear","floor":55,"turns":5},{"damage":66,"enemies":"The Heart","floor":56,"turns":3}],"seed_played":"-6373885945746701200","potions_obtained":[{"floor":2.0,"key":"DuplicationPotion"},{"floor":6.0,"key":"Strength Potion"},{"floor":20.0,"key":"CultistPotion"},{"floor":33.0,"key":"Dexterity Potion"},{"floor":41,"key":"Regen Potion"}],"is_trial":false,"path_per_floor":["M","M","M","?","?","E","R","E","T","M","M","E","$","$","R","B",null,"M","$","M","?","?","R","M","M","T","E","R","?","R","M","R","B",null,"M","?","?","?","?","R","E","R","T","R","?","$","E","M","R","B","B",null,"R","$","E","B"],"character_chosen":"IRONCLAD","items_purchased":["Shockwave","Heavy Blade","DollysMirror","Juggernaut","Bronze Scales","Impervious","Disarm","HandDrill"],"campfire_rested":4,"item_purchase_floors":[14,14,19,19,46,46,46,46],"current_hp_per_floor":[68,68,68,68,68,57,57,49,49,43,32,40,40,40,40,5,63,43,43,35,35,21,45,30,7,7,16,40,19,43,47,71,56,74,80,80,80,80,80,80,79,79,79,79,79,79,75,72,72,72,64,81,81,81,12,0,0],"gold":81,"neow_bonus":"BOSS_RELIC","is_daily":false,"chose_seed":false,"campfire_upgraded":6,"win_rate":0.0,"timestamp":1612764833,"path_taken":["M","M","M","?","?","E","R","E","T","M","M","E","?","$","R","BOSS","M","$","M","?","?","R","M","M","T","E","R","?","R","M","R","BOSS","M","?","?","?","?","R","E","R","T","R","?","$","E","M","R","BOSS","BOSS","R","$","E","BOSS"],"items_purchased_type":["Card","Card","Relic","Card","Relic","Card","Card","Relic"],"build_version":"2020-12-22","purchased_purges":2,"victory":false,"max_hp_per_floor":[75,75,75,75,75,75,75,75,75,75,75,75,75,75,75,75,80,80,80,80,80,80,80,80,80,80,80,80,80,80,80,80,80,80,80,80,80,80,80,80,87,87,87,87,87,87,87,87,87,87,87,87,87,87,87,87,87],"relic_stats":{"Gremlin Horn":[24,24],"counters":[26,112],"Dead Branch":[97],"Bronze Scales":[105],"Snecko Eye":[182,168,185,184],"Prayer Wheel":1,"Pen Nib":[19],"Juzu Bracelet":1,"HandDrill":[10],"MawBank":24,"obtain_stats":[{"Lantern":55,"Tiny House":17,"Gremlin Horn":6,"Nilry\u0027s Codex":29,"Dead Branch":36,"Pen Nib":9,"Juzu Bracelet":8,"MawBank":12,"Burning Blood":0,"Runic Dome":34,"Bottled Flame":27,"DollysMirror":19,"Strawberry":41,"Bronze Scales":46,"Snecko Eye":0,"Prayer Wheel":47,"Red Mask":22,"HandDrill":46,"Toy Ornithopter":26},{"Lantern":25,"Tiny House":9,"Gremlin Horn":4,"Nilry\u0027s Codex":15,"Dead Branch":19,"Pen Nib":5,"Juzu Bracelet":5,"MawBank":8,"Burning Blood":0,"Runic Dome":17,"Bottled Flame":15,"DollysMirror":10,"Strawberry":20,"Bronze Scales":20,"Snecko Eye":0,"Prayer Wheel":21,"Red Mask":12,"HandDrill":20,"Toy Ornithopter":14},{"Lantern":109,"Tiny House":48,"Gremlin Horn":21,"Nilry\u0027s Codex":71,"Dead Branch":83,"Pen Nib":24,"Juzu Bracelet":24,"MawBank":37,"Burning Blood":0,"Runic Dome":78,"Bottled Flame":71,"DollysMirror":53,"Strawberry":86,"Bronze Scales":86,"Snecko Eye":0,"Prayer Wheel":92,"Red Mask":60,"HandDrill":86,"Toy Ornithopter":67}],"Toy Ornithopter":20},"card_choices":[{"not_picked":["Pommel Strike","Cleave","Twin Strike"],"picked":"SKIP","floor":1.0},{"not_picked":["Rage","Whirlwind"],"picked":"Flame Barrier","floor":2.0},{"not_picked":["Reckless Charge","Second Wind"],"picked":"Feel No Pain","floor":3.0},{"not_picked":["Flex","Ghostly Armor"],"picked":"Heavy Blade","floor":6.0},{"not_picked":["Armaments","Seeing Red"],"picked":"Disarm","floor":8.0},{"not_picked":["Headbutt","Body Slam","Armaments"],"picked":"SKIP","floor":10.0},{"not_picked":["Sword Boomerang","Burning Pact"],"picked":"Reaper","floor":11.0},{"not_picked":["True Grit","Sword Boomerang","Iron Wave"],"picked":"SKIP","floor":12.0},{"not_picked":["Brutality","Reaper"],"picked":"Bludgeon","floor":16.0},{"not_picked":["Havoc","Wild Strike"],"picked":"Inflame","floor":17.0},{"not_picked":["Clash+1","Reckless Charge","Armaments"],"picked":"SKIP","floor":18.0},{"not_picked":["Wild Strike+1","Sword Boomerang"],"picked":"Inflame","floor":20.0},{"not_picked":["Flex","Havoc"],"picked":"Heavy Blade","floor":24.0},{"not_picked":["Exhume","Perfected Strike"],"picked":"Heavy Blade","floor":25.0},{"not_picked":["Anger","Flame Barrier"],"picked":"Immolate","floor":27.0},{"not_picked":["Anger","Metallicize","Armaments"],"picked":"SKIP","floor":31.0},{"not_picked":["Impervious","Fiend Fire"],"picked":"Corruption","floor":33.0},{"not_picked":["Headbutt","Warcry"],"picked":"Clothesline+1","floor":35.0},{"not_picked":["Reckless Charge","Rage","Havoc"],"picked":"SKIP","floor":41},{"not_picked":["Headbutt","Iron Wave+1"],"picked":"Sever Soul+1","floor":47},{"not_picked":["Headbutt","Pummel"],"picked":"Reaper","floor":48},{"not_picked":["Fire Breathing","Body Slam"],"picked":"Clothesline+1","floor":48},{"not_picked":["Infernal Blade","Heavy Blade"],"picked":"Spot Weakness","floor":55}],"player_experience":1047200,"relics_obtained":[{"floor":6.0,"key":"Gremlin Horn"},{"floor":8.0,"key":"Juzu Bracelet"},{"floor":9.0,"key":"Pen Nib"},{"floor":12.0,"key":"MawBank"},{"floor":22.0,"key":"Red Mask"},{"floor":26.0,"key":"Toy Ornithopter"},{"floor":27.0,"key":"Bottled Flame"},{"floor":29.0,"key":"Nilry\u0027s Codex"},{"floor":36.0,"key":"Dead Branch"},{"floor":41,"key":"Strawberry"},{"floor":47,"key":"Prayer Wheel"},{"floor":55,"key":"Lantern"}],"event_choices":[{"damage_healed":0.0,"max_hp_gain":0.0,"max_hp_loss":0.0,"gold_gain":150.0,"event_name":"Liars Game","player_choice":"AGREE","floor":4.0,"gold_loss":0.0,"damage_taken":0.0,"cards_obtained":["Doubt"]},{"cards_removed":["Doubt"],"damage_healed":0.0,"max_hp_gain":0.0,"max_hp_loss":0.0,"gold_gain":0.0,"event_name":"Living Wall","player_choice":"Forget","floor":5.0,"gold_loss":0.0,"damage_taken":0.0},{"damage_healed":0.0,"max_hp_gain":0.0,"max_hp_loss":0.0,"gold_gain":0.0,"event_name":"Drug Dealer","player_choice":"Obtain J.A.X.","floor":21.0,"gold_loss":0.0,"damage_taken":0.0,"cards_obtained":["J.A.X."]},{"damage_healed":0.0,"max_hp_gain":0.0,"max_hp_loss":0.0,"gold_gain":0.0,"event_name":"Masked Bandits","player_choice":"Fought Bandits","floor":22.0,"gold_loss":0.0,"damage_taken":0.0},{"damage_healed":0.0,"max_hp_gain":0.0,"max_hp_loss":0.0,"gold_gain":0.0,"event_name":"Cursed Tome","player_choice":"Obtained Book","floor":29.0,"gold_loss":0.0,"damage_taken":21.0},{"damage_healed":0.0,"max_hp_gain":0.0,"max_hp_loss":0.0,"gold_gain":0.0,"event_name":"Mysterious Sphere","player_choice":"Fight","floor":36.0,"gold_loss":0.0,"damage_taken":0.0},{"damage_healed":0.0,"max_hp_gain":0.0,"max_hp_loss":0.0,"gold_gain":0.0,"event_name":"Match and Keep!","player_choice":"2 cards matched","floor":37.0,"gold_loss":0.0,"damage_taken":0.0,"cards_obtained":["Double Tap","Bash"]},{"cards_removed":["J.A.X."],"damage_healed":0.0,"max_hp_gain":0.0,"max_hp_loss":0.0,"gold_gain":0.0,"event_name":"Falling","player_choice":"Removed Skill","floor":38.0,"gold_loss":0.0,"damage_taken":0.0},{"damage_healed":0.0,"max_hp_gain":0.0,"max_hp_loss":0.0,"gold_gain":0.0,"event_name":"SensoryStone","player_choice":"Memory 1","floor":39.0,"gold_loss":0.0,"damage_taken":0.0},{"damage_healed":0,"gold_gain":222,"player_choice":"Wore Mask","damage_taken":0,"max_hp_gain":0,"max_hp_loss":0,"event_name":"Tomb of Lord Red Mask","floor":45,"gold_loss":0}],"is_beta":false,"boss_relics":[{"not_picked":["Runic Pyramid","Busted Crown"],"picked":"Tiny House"},{"not_picked":["Empty Cage","Calling Bell"],"picked":"Runic Dome"}],"items_purged_floors":[14,19],"is_endless":false,"potions_floor_spawned":[2,6,8,11,12,20,22,27,33,41,47,48],"killed_by":"The Heart","ascension_level":20}}