{"host":"4gr5irrdjh39ysed","time":1612760959,"event":{"mods":["AchievementEnabler","BaseMod","Colored Map","Downfall","Hermit","Minty Spire (QoL Compilation)","Random Character Button","StSLib","The Construct","The Cursed","The Disciple","The Hierophant","The Mystic","The Necromancer","The Runesmith"],"gold_per_floor":[99,119,219,287,118,18,43,57,82,95,114,131,157,157,176,279,279,179,195,213,313,330,330,330,343,243,243,94,112,112,130,142,237,237,237,254,354,364,384,318,344,363,379,379,379,198,198,218,228,228,228,261,51,51,51,51],"floor_reached":57,"language":"ENG","playtime":3982,"items_purged":["champ:Defend","champ:Defend","champ:Shatter"],"score":1195,"play_id":"4900827b-0288-489f-9c35-1dd2db2d6961","local_time":"20210207220919","is_ascension_mode":false,"campfire_choices":[{"floor":1,"key":"RECALL"},{"data":"champ:Devastate","floor":6,"key":"SMITH"},{"data":"champ:TripleStrike","floor":18,"key":"SMITH"},{"data":"champ:Encircle","floor":26,"key":"SMITH"},{"data":"champ:TripleStrike","floor":30,"key":"SMITH"},{"data":"champ:StrikeOfGenius","floor":35,"key":"SMITH"},{"data":"champ:SteelEdge","floor":44,"key":"SMITH"},{"data":"expansioncontent:DashGenerateEvil","floor":47,"key":"SMITH"},{"data":"champ:Devastate","floor":54,"key":"SMITH"}],"circlet_count":0,"master_deck":["champ:Strike","champ:Strike","champ:Execute+1","champ:Taunt","champ:GladiatorStyle","champ:Devastate+1","champ:FocusedDefense+1","champ:RisingSlash","champ:HeartStrike","champ:CalledShot+1","champ:ArenaPreparation+1","champ:IgnorePain+1","champ:StanceDance+1","champ:TripleStrike+1","champ:BringItOn+1","champ:StanceDance+1","champ:RisingSlash","champ:Backstep+1","J.A.X.+1","champ:Encircle+1","champ:ShieldSlam+1","champ:FlashCut+1","champ:TripleStrike+1","champ:Duel","champ:Parry+1","champ:ShieldWall","champ:StrikeOfGenius+1","champ:Lariat+1","champ:FancyFootwork+1","champ:PreemptiveStrike+1","champ:SteelEdge+1","champ:EnragedBash+1","expansioncontent:DashGenerateEvil+1","champ:DeathBlow+1","champ:Encircle","champ:Devastate+1","Swift Strike"],"relics":["champ:ChampionCrown","Toxic Egg 2","downfall:HeartBlessingRed","Tiny Chest","Pen Nib","champ:FightingForDummies","downfall:ShatteredFragment","Black Star","downfall:HeartBlessingGreen","MutagenicStrength","Ancient Tea Set","downfall:HeartBlessingBlue","Empty Cage","Matryoshka","Boot","Bag of Marbles","Orichalcum","StrikeDummy","Shuriken","Mercury Hourglass"],"acts_visited":["Exordium","TheCity","TheBeyond","TheEnding"],"potions_floor_usage":[13,28,32,36,40,42,50,50,50,50,55,56],"damage_taken":[{"damage":16,"enemies":"2 Louse","floor":2,"turns":2},{"damage":30,"enemies":"downfall:FleeingMerchant","floor":5,"turns":4},{"damage":21,"enemies":"Jaw Worm","floor":8,"turns":3},{"damage":66,"enemies":"Gremlin Nob","floor":9,"turns":6},{"damage":15,"enemies":"Cultist","floor":10,"turns":3},{"damage":23,"enemies":"Exordium Wildlife","floor":11,"turns":3},{"damage":10,"enemies":"Blue Slaver","floor":12,"turns":3},{"damage":22,"enemies":"Lagavulin","floor":13,"turns":5},{"damage":17,"enemies":"Exordium Thugs","floor":15,"turns":4},{"damage":101,"enemies":"DF_ARCHETYPE_STREAMLINE","floor":16,"turns":8},{"damage":14,"enemies":"Spheric Guardian","floor":19,"turns":3},{"damage":20,"enemies":"Chosen and Byrds","floor":20,"turns":5},{"damage":50,"enemies":"downfall:Augmenter","floor":21,"turns":5},{"damage":13,"enemies":"3 Cultists","floor":22,"turns":4},{"damage":19,"enemies":"Centurion and Healer","floor":25,"turns":3},{"damage":25,"enemies":"downfall:FleeingMerchant","floor":28,"turns":4},{"damage":13,"enemies":"Cultist and Chosen","floor":29,"turns":3},{"damage":12,"enemies":"Shelled Parasite and Fungi","floor":31,"turns":2},{"damage":8,"enemies":"Snake Plant","floor":32,"turns":2},{"damage":84,"enemies":"IC_MUSHROOM_ARCHETYPE","floor":33,"turns":7},{"damage":3,"enemies":"Orb Walker","floor":36,"turns":1},{"damage":45,"enemies":"3 Shapes","floor":38,"turns":2},{"damage":81,"enemies":"3 Darklings","floor":39,"turns":4},{"damage":13,"enemies":"downfall:FleeingMerchant","floor":40,"turns":2},{"damage":3,"enemies":"4 Shapes","floor":42,"turns":2},{"damage":34,"enemies":"Spire Growth","floor":43,"turns":4},{"damage":10,"enemies":"3 Darklings","floor":48,"turns":2},{"damage":30,"enemies":"4 Shapes","floor":49,"turns":2},{"damage":333,"enemies":"WA_ARCHETYPE_DIVINITY","floor":50,"turns":8},{"damage":97,"enemies":"downfall:CharBossMerchant","floor":52,"turns":6},{"damage":82,"enemies":"downfall:NeowBoss","floor":55,"turns":11},{"damage":180,"enemies":"downfall:NeowBossFinal","floor":56,"turns":11}],"seed_played":"-4166191561248678911","potions_obtained":[{"floor":9,"key":"BlessingOfTheForge"},{"floor":11,"key":"Dexterity Potion"},{"floor":12,"key":"PowerPotion"},{"floor":22,"key":"LiquidBronze"},{"floor":29,"key":"LiquidMemories"},{"floor":33,"key":"EntropicBrew"},{"floor":38,"key":"sneckomod:MuddlingPotion"},{"floor":42,"key":"PowerPotion"},{"floor":43,"key":"sneckomod:MuddlingPotion"},{"floor":52,"key":"champ:OpenerPotion"}],"is_trial":false,"path_per_floor":["R","M","?","T","$","R","T","M","E","M","M","M","E","?","M","B",null,"R","M","M","?","M","T","T","M","R","?","$","M","R","M","M","B",null,"R","M","?","M","M","$","T","M","M","R","T","$","R","M","M","B",null,"E","$","R","B","B",null],"character_chosen":"THE_CHAMP","items_purchased":["champ:FocusedDefense+1","champ:Duel","Matryoshka","champ:SteelEdge","expansioncontent:DashGenerateEvil","Swift Strike"],"campfire_rested":0,"item_purchase_floors":[5,28,40,40,46,53],"current_hp_per_floor":[2299,2293,2293,2293,2283,2283,2283,2272,2221,2221,2208,2208,2196,2169,2157,2081,2299,2299,2295,2295,2265,2267,2267,2267,2258,2268,2268,2268,2255,2255,2243,2235,2161,2309,2309,2306,2306,2281,2220,2217,2217,2214,2185,2185,2185,2185,2185,2185,2170,1907,2309,2252,2252,2252,2195,2034],"gold":51,"neow_bonus":"TEN_PERCENT_HP_BONUS","is_daily":false,"chose_seed":false,"campfire_upgraded":8,"win_rate":0.0,"timestamp":1612760959,"path_taken":["R","M","?","?","?","R","T","M","E","M","?","M","E","?","M","BOSS","R","M","M","?","M","?","T","M","R","?","$","M","R","M","M","BOSS","R","M","?","?","M","$","T","M","M","R","?","$","R","M","M","BOSS","E","$","R","BOSS","BOSS"],"items_purchased_type":["Card","Card","Relic","Card","Card","Card"],"build_version":"2020-12-22","purchased_purges":3,"victory":true,"max_hp_per_floor":[2299,2299,2299,2299,2299,2299,2299,2299,2299,2299,2299,2299,2299,2299,2299,2299,2299,2299,2299,2299,2299,2299,2299,2299,2299,2309,2309,2309,2309,2309,2309,2309,2309,2309,2309,2309,2309,2309,2309,2309,2309,2309,2309,2309,2309,2309,2309,2309,2309,2309,2309,2309,2309,2309,2309,2309],"card_choices":[{"not_picked":["champ:EnragedBash","champ:Parry"],"picked":"champ:GladiatorStyle","floor":2},{"not_picked":["champ:CrownThrow","champ:EndlessRage"],"picked":"champ:Devastate","floor":5},{"not_picked":["champ:GladiatorStyle","champ:Circumvent+1"],"picked":"champ:RisingSlash","floor":8},{"not_picked":["champ:Duel","champ:Encircle"],"picked":"champ:HeartStrike","floor":9},{"not_picked":["champ:BladeFlurry","champ:GutPunch"],"picked":"champ:CalledShot+1","floor":10},{"not_picked":["champ:RecklessLeap","champ:RisingSlash"],"picked":"champ:ArenaPreparation+1","floor":11},{"not_picked":["champ:BladeFlurry","champ:Haymaker"],"picked":"champ:Shatter","floor":12},{"not_picked":["champ:Shatter","champ:Encircle"],"picked":"champ:IgnorePain+1","floor":13},{"not_picked":["champ:AdrenalArmor+1","champ:PreciseThrust"],"picked":"champ:StanceDance+1","floor":15},{"not_picked":["champ:MurderStrike","champ:GladiatorForm"],"picked":"champ:TripleStrike","floor":16},{"not_picked":["champ:EnGarde+1","champ:RecklessLeap+1"],"picked":"champ:BringItOn+1","floor":19},{"not_picked":["champ:BerserkersShout+1","champ:FalseCounter+1"],"picked":"champ:StanceDance+1","floor":20},{"not_picked":[],"picked":"J.A.X.","floor":21},{"not_picked":["champ:DefensiveShout+1","champ:RecklessLeap"],"picked":"champ:Encircle","floor":21},{"not_picked":["champ:AdrenalArmor+1","champ:TornadoPunch"],"picked":"champ:ShieldSlam+1","floor":22},{"not_picked":["champ:Haymaker","champ:RisingSlash+1"],"picked":"champ:FlashCut+1","floor":25},{"not_picked":["champ:Backstep+1","champ:TornadoPunch"],"picked":"champ:TripleStrike","floor":28},{"not_picked":["champ:GladiatorStyle+1","champ:Backstep+1"],"picked":"champ:Parry+1","floor":29},{"not_picked":["champ:FaceSlap","champ:GladiatorStyle+1","champ:DefensiveShout+1"],"picked":"SKIP","floor":31},{"not_picked":["champ:FanOfKnives","champ:IronFortress"],"picked":"champ:ShieldWall","floor":32},{"not_picked":["champ:SteelEdge","champ:HoldFirm+1"],"picked":"champ:StrikeOfGenius","floor":33},{"not_picked":["champ:FalseCounter+1","champ:BringItOn+1","champ:EnGarde+1"],"picked":"SKIP","floor":36},{"not_picked":["champ:Haymaker+1","champ:ArenaPreparation+1"],"picked":"champ:Lariat+1","floor":38},{"not_picked":["champ:StanceDance+1","champ:Parry+1"],"picked":"champ:FancyFootwork+1","floor":39},{"not_picked":["champ:BladeFlurry","champ:PreciseThrust+1"],"picked":"champ:PreemptiveStrike+1","floor":40},{"not_picked":["champ:BringItOn+1","champ:AdrenalArmor+1","champ:Lariat+1"],"picked":"SKIP","floor":42},{"not_picked":["champ:GutPunch+1","champ:Backstep+1"],"picked":"champ:EnragedBash+1","floor":43},{"not_picked":["champ:TornadoPunch+1","champ:GutPunch+1"],"picked":"champ:DeathBlow+1","floor":48},{"not_picked":["champ:Shatter","champ:ArenaPreparation+1"],"picked":"champ:Encircle","floor":49},{"not_picked":["champ:FlashCut","champ:Encircle"],"picked":"champ:Devastate","floor":52}],"player_experience":323931,"relics_obtained":[{"floor":4,"key":"Toxic Egg 2"},{"floor":7,"key":"Tiny Chest"},{"floor":9,"key":"Pen Nib"},{"floor":13,"key":"champ:FightingForDummies"},{"floor":21,"key":"MutagenicStrength"},{"floor":24,"key":"Ancient Tea Set"},{"floor":41,"key":"Boot"},{"floor":41,"key":"Bag of Marbles"},{"floor":45,"key":"Orichalcum"},{"floor":45,"key":"StrikeDummy"},{"floor":52,"key":"Shuriken"},{"floor":52,"key":"Mercury Hourglass"}],"event_choices":[{"damage_healed":0,"gold_gain":0,"player_choice":"Forge","damage_taken":0,"max_hp_gain":0,"max_hp_loss":0,"event_name":"Accursed Blacksmith","floor":27,"gold_loss":0,"cards_upgraded":["champ:Execute"]}],"is_beta":false,"boss_relics":[{"not_picked":["Astrolabe","Busted Crown"],"picked":"Black Star"},{"not_picked":["Snecko Eye","Runesmith:UraniumAnvil"],"picked":"Empty Cage"}],"items_purged_floors":[5,28,53],"is_endless":false,"potions_floor_spawned":[9,11,12,15,22,29,31,33,38,42,43,48,52],"ascension_level":0}}