{"host":"Stephanie","time":1612763302,"event":{"mods":["BaseMod","Colored Powertips","Minty Spire (QoL Compilation)","Rare Cards Sparkle","Relic Stats","StSLib","The Marked"],"gold_per_floor":[119,119,119,134,150,150,179,179,179,205,103,103,278,278,278,399,399,420,26,47,146,162,205,205,229,229,268,303,303,428,467,467,595,595,611,625,625,847,847,847,880,880,880,924,937,968,1024,1044,1044,1044,1044,1044,117,155,155],"floor_reached":56,"language":"ENG","playtime":3920,"items_purged":["theMarked:Strike","theMarked:Strike"],"score":1476,"play_id":"05d6ad5c-77fb-4e42-a762-04e5bf161156","local_time":"20210208004822","is_ascension_mode":true,"campfire_choices":[{"data":"theMarked:ParalyzingBlade","floor":6.0,"key":"SMITH"},{"data":"theMarked:Defy","floor":8.0,"key":"SMITH"},{"data":"theMarked:ResourceFulStrike","floor":15.0,"key":"SMITH"},{"floor":24.0,"key":"REST"},{"data":"theMarked:Defy","floor":32.0,"key":"SMITH"},{"data":"theMarked:Toughness","floor":40.0,"key":"SMITH"},{"floor":49,"key":"RECALL"},{"data":"theMarked:TakeOffHeels","floor":52,"key":"SMITH"}],"circlet_count":0,"master_deck":["theMarked:Strike","theMarked:Strike","theMarked:Defend","theMarked:Defend","theMarked:Defend","theMarked:Defend","theMarked:SoldierOfQuellstein+1","theMarked:ResourceFulStrike+1","theMarked:ParalyzingBlade+1","theMarked:HeightenedSenses","theMarked:Defy+1","theMarked:Standoff","theMarked:ElectricStrings","theMarked:TakeOffHeels+1","theMarked:ChannelForce","theMarked:EternalStudent","theMarked:EmpowerWeapon+1","theMarked:Overcharge","theMarked:ChannelForce","theMarked:Panic+1","theMarked:Determination","theMarked:MuscleMemory","Writhe","theMarked:Defy+1","theMarked:Toughness+1","theMarked:WardOff+1","Dark Shackles","Pain","theMarked:EmpowerWeapon+1","theMarked:Heritage","theMarked:OneWithTheBlade","Sadistic Nature","theMarked:StartUp","theMarked:Parry"],"relics":["SlaversCollar","Ornamental Fan","Smiling Mask","Juzu Bracelet","Golden Idol","Black Star","Kunai","Orrery","Mummified Hand","Bottled Lightning","Meat on the Bone","Red Mask","Strawberry","Incense Burner","Sundial","TungstenRod","Pantograph","Eternal Feather","Blue Candle","Philosopher\u0027s Stone","StrikeDummy","Calipers","WarpedTongs","Nunchaku","Boot","Darkstone Periapt","Omamori","Dead Branch","Oddly Smooth Stone","Lantern","TheAbacus","Lizard Tail","Shuriken"],"acts_visited":["Exordium","TheCity","TheBeyond","TheEnding"],"potions_floor_usage":[47,55,55],"damage_taken":[{"damage":7.0,"enemies":"Small Slimes","floor":1.0,"turns":4.0},{"damage":0.0,"enemies":"Jaw Worm","floor":4.0,"turns":3.0},{"damage":0.0,"enemies":"Cultist","floor":5.0,"turns":3.0},{"damage":8.0,"enemies":"3 Sentries","floor":7.0,"turns":9.0},{"damage":4.0,"enemies":"Gremlin Nob","floor":10.0,"turns":4.0},{"damage":15.0,"enemies":"Hexaghost","floor":16.0,"turns":9.0},{"damage":6.0,"enemies":"Chosen","floor":18.0,"turns":7.0},{"damage":5.0,"enemies":"Spheric Guardian","floor":20.0,"turns":3.0},{"damage":26.0,"enemies":"Snake Plant","floor":22.0,"turns":4.0},{"damage":0.0,"enemies":"Slavers","floor":23.0,"turns":3.0},{"damage":32.0,"enemies":"Centurion and Healer","floor":25.0,"turns":5.0},{"damage":6.0,"enemies":"Masked Bandits","floor":27.0,"turns":3.0},{"damage":14.0,"enemies":"Gremlin Leader","floor":28.0,"turns":5.0},{"damage":14.0,"enemies":"Colosseum Slavers","floor":30.0,"turns":4.0},{"damage":0.0,"enemies":"Colosseum Nobs","floor":30.0,"turns":3.0},{"damage":7.0,"enemies":"Book of Stabbing","floor":31.0,"turns":6.0},{"damage":8.0,"enemies":"Champ","floor":33.0,"turns":9.0},{"damage":11.0,"enemies":"3 Shapes","floor":35.0,"turns":5.0},{"damage":32.0,"enemies":"3 Darklings","floor":36.0,"turns":4.0},{"damage":0.0,"enemies":"Giant Head","floor":41.0,"turns":6.0},{"damage":7.0,"enemies":"Reptomancer","floor":44.0,"turns":6.0},{"damage":37.0,"enemies":"Maw","floor":45.0,"turns":7.0},{"damage":13.0,"enemies":"Nemesis","floor":46.0,"turns":3.0},{"damage":0,"enemies":"2 Orb Walkers","floor":47,"turns":4},{"damage":0,"enemies":"Sphere and 2 Shapes","floor":48,"turns":5},{"damage":37,"enemies":"Awakened One","floor":50,"turns":12},{"damage":0,"enemies":"Shield and Spear","floor":54,"turns":3},{"damage":54,"enemies":"The Heart","floor":55,"turns":8}],"seed_played":"4541330978437678676","potions_obtained":[{"floor":1.0,"key":"Swift Potion"},{"floor":5.0,"key":"ColorlessPotion"},{"floor":16.0,"key":"theMarked:SummonPotion"},{"floor":20.0,"key":"Fire Potion"},{"floor":23.0,"key":"Fire Potion"},{"floor":25.0,"key":"Fire Potion"},{"floor":28.0,"key":"SkillPotion"},{"floor":30.0,"key":"LiquidBronze"},{"floor":44.0,"key":"Energy Potion"},{"floor":46.0,"key":"DistilledChaos"},{"floor":48,"key":"theMarked:ChargePotion"}],"is_trial":false,"path_per_floor":["M","?","?","M","M","R","E","R","T","E","$","?","?","?","R","B",null,"M","$","M","?","M","E","R","M","T","?","E","?","?","E","R","B",null,"M","M","?","?","?","R","E","?","T","E","M","E","?","M","R","B",null,"R","$","E","B",null],"character_chosen":"THE_DEFAULT","items_purchased":["theMarked:ElectricStrings","Kunai","Orrery","Oddly Smooth Stone","theMarked:OneWithTheBlade","Sadistic Nature","Lantern","LiquidBronze","theMarked:StartUp","theMarked:Parry","TheAbacus"],"campfire_rested":1,"item_purchase_floors":[11,19,19,53,53,53,53,53,53,53,53],"current_hp_per_floor":[63,56,56,56,56,56,48,48,48,44,44,44,44,44,44,29,65,59,59,54,54,28,28,47,15,15,21,26,26,36,41,56,64,72,61,41,41,41,32,47,47,47,47,40,15,14,26,38,56,43,68,68,68,68,26],"gold":155,"neow_bonus":"BOSS_RELIC","is_daily":false,"chose_seed":false,"campfire_upgraded":6,"win_rate":0.0,"timestamp":1612763302,"path_taken":["M","?","?","M","M","R","E","R","T","E","$","?","?","?","R","BOSS","M","?","M","?","M","E","R","M","T","?","E","?","?","E","R","BOSS","M","M","?","?","?","R","E","?","T","E","M","E","?","M","R","BOSS","R","$","E","BOSS"],"items_purchased_type":["Card","Relic","Relic","Relic","Card","Card","Relic","Potion","Card","Card","Relic"],"build_version":"2020-12-18","purchased_purges":2,"victory":true,"max_hp_per_floor":[70,70,70,70,70,70,70,70,70,70,70,65,65,65,65,65,65,65,65,65,65,65,65,65,65,65,65,72,72,72,72,72,72,72,72,72,68,68,68,68,68,68,68,68,68,68,68,68,68,68,68,68,68,68,68],"relic_stats":{"Darkstone Periapt":0,"counters":[28,147],"Golden Idol":227,"Blue Candle":[17],"Dead Branch":[58],"Eternal Feather":48,"Juzu Bracelet":3,"Smiling Mask":75,"Boot":[16],"WarpedTongs":[47],"Nunchaku":[8],"Lizard Tail":0,"TheAbacus":[6],"Ornamental Fan":[108],"Mummified Hand":[68],"Sundial":[6],"Shuriken":[2],"Pantograph":28,"Black Star":7,"Kunai":[19],"obtain_stats":[{"Darkstone Periapt":46,"Lantern":53,"Calipers":41,"Juzu Bracelet":10,"Incense Burner":28,"Smiling Mask":9,"Boot":44,"Nunchaku":44,"Lizard Tail":54,"TheAbacus":53,"Mummified Hand":23,"Sundial":29,"Strawberry":28,"Pantograph":30,"Philosopher\u0027s Stone":34,"Red Mask":27,"Kunai":19,"Golden Idol":12,"Blue Candle":31,"Dead Branch":47,"Oddly Smooth Stone":53,"Eternal Feather":31,"Omamori":46,"WarpedTongs":42,"theMarked:ArtifactOfAir":0,"SlaversCollar":0,"Ornamental Fan":7,"Shuriken":54,"Orrery":19,"Black Star":17,"Bottled Lightning":23,"StrikeDummy":41,"TungstenRod":30,"Meat on the Bone":26},{"Darkstone Periapt":23,"Lantern":26,"Calipers":20,"Juzu Bracelet":5,"Incense Burner":13,"Smiling Mask":4,"Boot":21,"Nunchaku":21,"Lizard Tail":27,"TheAbacus":26,"Mummified Hand":10,"Sundial":13,"Strawberry":13,"Pantograph":15,"Philosopher\u0027s Stone":17,"Red Mask":12,"Kunai":7,"Golden Idol":5,"Blue Candle":16,"Dead Branch":24,"Oddly Smooth Stone":26,"Eternal Feather":16,"Omamori":23,"WarpedTongs":20,"theMarked:ArtifactOfAir":0,"SlaversCollar":0,"Ornamental Fan":4,"Shuriken":27,"Orrery":7,"Black Star":6,"Bottled Lightning":10,"StrikeDummy":20,"TungstenRod":15,"Meat on the Bone":11},{"Darkstone Periapt":115,"Lantern":136,"Calipers":99,"Juzu Bracelet":23,"Incense Burner":62,"Smiling Mask":19,"Boot":105,"Nunchaku":105,"Lizard Tail":139,"TheAbacus":136,"Mummified Hand":49,"Sundial":62,"Strawberry":62,"Pantograph":69,"Philosopher\u0027s Stone":84,"Red Mask":57,"Kunai":39,"Golden Idol":23,"Blue Candle":75,"Dead Branch":119,"Oddly Smooth Stone":136,"Eternal Feather":75,"Omamori":115,"WarpedTongs":99,"theMarked:ArtifactOfAir":0,"SlaversCollar":0,"Ornamental Fan":19,"Shuriken":139,"Orrery":39,"Black Star":32,"Bottled Lightning":49,"StrikeDummy":99,"TungstenRod":69,"Meat on the Bone":54}],"TungstenRod":95,"Meat on the Bone":144},"card_choices":[{"not_picked":["theMarked:Generate","theMarked:Indomitable"],"picked":"theMarked:ResourceFulStrike","floor":1.0},{"not_picked":["theMarked:WardOff","theMarked:Improvise"],"picked":"theMarked:ParalyzingBlade","floor":4.0},{"not_picked":["theMarked:ResourceFulStrike","theMarked:WardOff"],"picked":"theMarked:HeightenedSenses","floor":5.0},{"not_picked":["theMarked:Convert","theMarked:Memento"],"picked":"theMarked:Defy","floor":7.0},{"not_picked":["theMarked:Static","theMarked:Improvise"],"picked":"theMarked:Standoff","floor":10.0},{"not_picked":["theMarked:MagusForm","theMarked:TurnInvisible"],"picked":"theMarked:TakeOffHeels","floor":16.0},{"not_picked":["theMarked:HeightenedSenses","theMarked:Aftermath","theMarked:ChainLightning"],"picked":"SKIP","floor":18.0},{"not_picked":["theMarked:WardOff+1","theMarked:TunnelVision"],"picked":"theMarked:ChannelForce","floor":19.0},{"not_picked":["theMarked:ResourceFulStrike","theMarked:Static+1"],"picked":"theMarked:EternalStudent","floor":19.0},{"not_picked":["theMarked:Opportunist","theMarked:ChainLightning"],"picked":"theMarked:EmpowerWeapon+1","floor":19.0},{"not_picked":["theMarked:WardOff","theMarked:BanishingStrike+1"],"picked":"theMarked:Overcharge","floor":19.0},{"not_picked":["theMarked:WardOff","theMarked:DispelDoubt"],"picked":"theMarked:ChannelForce","floor":20.0},{"not_picked":["theMarked:WastefulAttack","theMarked:EmpowerWeapon"],"picked":"theMarked:Panic+1","floor":22.0},{"not_picked":["theMarked:TheMission+1","theMarked:WastefulAttack"],"picked":"theMarked:Determination","floor":23.0},{"not_picked":["theMarked:WastefulAttack","theMarked:TakeCover"],"picked":"theMarked:MuscleMemory","floor":25.0},{"not_picked":["theMarked:Electrocute+1","theMarked:ResourceFulStrike","theMarked:Parkour"],"picked":"SKIP","floor":28.0},{"not_picked":["theMarked:WardOff","theMarked:EnhanceMovement"],"picked":"theMarked:Defy","floor":31.0},{"not_picked":["theMarked:SuspiciousRaven","theMarked:MagusForm"],"picked":"theMarked:Toughness","floor":33.0},{"not_picked":["theMarked:TwofoldDefense","theMarked:ResourceFulStrike+1","theMarked:HeightenedSenses+1"],"picked":"SKIP","floor":35.0},{"not_picked":["theMarked:CreepingChasm+1","theMarked:Seal+1"],"picked":"theMarked:WardOff+1","floor":36.0},{"not_picked":["Blind","Panacea"],"picked":"Dark Shackles","floor":39.0},{"not_picked":["theMarked:BanishingStrike","theMarked:SwordAndMagic","theMarked:Convert+1"],"picked":"SKIP","floor":41.0},{"not_picked":["theMarked:GodGivenPower","theMarked:Generate"],"picked":"theMarked:EmpowerWeapon+1","floor":44.0},{"not_picked":["theMarked:WastefulAttack","theMarked:Frustration+1","theMarked:CreepingChasm+1"],"picked":"SKIP","floor":45.0},{"not_picked":["theMarked:TwofoldDefense","theMarked:WastefulAttack+1","theMarked:ChannelForce+1"],"picked":"SKIP","floor":46.0},{"not_picked":["theMarked:Parkour+1","theMarked:Overcharge+1"],"picked":"theMarked:Heritage","floor":47},{"not_picked":["theMarked:Static","theMarked:TwofoldDefense+1","theMarked:Seal"],"picked":"SKIP","floor":48},{"not_picked":["theMarked:Convert","theMarked:TurnInvisible","theMarked:Parry+1"],"picked":"SKIP","floor":54}],"player_experience":894182,"relics_obtained":[{"floor":7.0,"key":"Ornamental Fan"},{"floor":9.0,"key":"Smiling Mask"},{"floor":10.0,"key":"Juzu Bracelet"},{"floor":23.0,"key":"Mummified Hand"},{"floor":23.0,"key":"Bottled Lightning"},{"floor":26.0,"key":"Meat on the Bone"},{"floor":27.0,"key":"Red Mask"},{"floor":28.0,"key":"Strawberry"},{"floor":28.0,"key":"Incense Burner"},{"floor":30.0,"key":"TungstenRod"},{"floor":30.0,"key":"Pantograph"},{"floor":31.0,"key":"Eternal Feather"},{"floor":31.0,"key":"Blue Candle"},{"floor":41.0,"key":"StrikeDummy"},{"floor":41.0,"key":"Calipers"},{"floor":44.0,"key":"Nunchaku"},{"floor":44.0,"key":"Boot"},{"floor":46.0,"key":"Darkstone Periapt"},{"floor":46.0,"key":"Omamori"},{"floor":47,"key":"Dead Branch"},{"floor":54,"key":"Lizard Tail"},{"floor":54,"key":"Shuriken"}],"event_choices":[{"cards_removed":["theMarked:Strike"],"damage_healed":0.0,"max_hp_gain":0.0,"max_hp_loss":0.0,"gold_gain":0.0,"event_name":"Golden Wing","player_choice":"Card Removal","floor":2.0,"gold_loss":0.0,"damage_taken":7.0},{"damage_healed":0.0,"max_hp_gain":0.0,"max_hp_loss":0.0,"gold_gain":0.0,"event_name":"Living Wall","player_choice":"Grow","floor":3.0,"gold_loss":0.0,"damage_taken":0.0,"cards_upgraded":["theMarked:SoldierOfQuellstein"]},{"damage_healed":0.0,"max_hp_gain":0.0,"max_hp_loss":5.0,"gold_gain":0.0,"event_name":"Golden Idol","player_choice":"Lose Max HP","floor":12.0,"gold_loss":0.0,"damage_taken":0.0,"relics_obtained":["Golden Idol"]},{"damage_healed":0.0,"max_hp_gain":0.0,"max_hp_loss":0.0,"gold_gain":175.0,"event_name":"Liars Game","player_choice":"AGREE","floor":13.0,"gold_loss":0.0,"damage_taken":0.0,"cards_obtained":["Doubt"]},{"cards_removed":["Doubt"],"damage_healed":0.0,"max_hp_gain":0.0,"max_hp_loss":0.0,"gold_gain":0.0,"event_name":"Purifier","player_choice":"Purged","floor":14.0,"gold_loss":0.0,"damage_taken":0.0},{"damage_healed":0.0,"max_hp_gain":0.0,"max_hp_loss":0.0,"gold_gain":99.0,"event_name":"Nest","player_choice":"Stole From Cult","floor":21.0,"gold_loss":0.0,"damage_taken":0.0},{"damage_healed":0.0,"max_hp_gain":0.0,"max_hp_loss":0.0,"gold_gain":0.0,"event_name":"Masked Bandits","player_choice":"Fought Bandits","floor":27.0,"gold_loss":0.0,"damage_taken":0.0},{"damage_healed":0.0,"max_hp_gain":0.0,"max_hp_loss":0.0,"gold_gain":0.0,"event_name":"The Mausoleum","player_choice":"Opened","floor":29.0,"gold_loss":0.0,"damage_taken":0.0,"relics_obtained":["Sundial"],"cards_obtained":["Writhe"]},{"damage_healed":0.0,"max_hp_gain":0.0,"max_hp_loss":0.0,"gold_gain":0.0,"event_name":"Colosseum","player_choice":"Fight","floor":30.0,"gold_loss":0.0,"damage_taken":0.0},{"damage_healed":0.0,"max_hp_gain":0.0,"max_hp_loss":0.0,"gold_gain":0.0,"event_name":"Colosseum","player_choice":"Fought Nobs","floor":30.0,"gold_loss":0.0,"damage_taken":0.0},{"damage_healed":0.0,"max_hp_gain":0.0,"max_hp_loss":4.0,"gold_gain":0.0,"event_name":"Winding Halls","player_choice":"Max HP","floor":37.0,"gold_loss":0.0,"damage_taken":0.0},{"damage_healed":0.0,"max_hp_gain":0.0,"max_hp_loss":0.0,"gold_gain":222.0,"event_name":"Tomb of Lord Red Mask","player_choice":"Wore Mask","floor":38.0,"gold_loss":0.0,"damage_taken":0.0},{"damage_healed":0.0,"max_hp_gain":0.0,"max_hp_loss":0.0,"gold_gain":0.0,"event_name":"SensoryStone","player_choice":"Memory 3","floor":39.0,"gold_loss":0.0,"damage_taken":10.0},{"damage_healed":0.0,"max_hp_gain":0.0,"max_hp_loss":0.0,"gold_gain":0.0,"event_name":"Accursed Blacksmith","player_choice":"Rummage","floor":42.0,"gold_loss":0.0,"damage_taken":0.0,"relics_obtained":["WarpedTongs"],"cards_obtained":["Pain"]},{"damage_healed":0,"gold_gain":0,"player_choice":"Fight","damage_taken":0,"max_hp_gain":0,"max_hp_loss":0,"event_name":"Mysterious Sphere","floor":47,"gold_loss":0}],"is_beta":true,"boss_relics":[{"not_picked":["SacredBark","Ectoplasm"],"picked":"Black Star"},{"not_picked":["Coffee Dripper","Runic Dome"],"picked":"Philosopher\u0027s Stone"}],"items_purged_floors":[11,53],"is_endless":false,"potions_floor_spawned":[1,5,16,20,23,25,28,30,44,46,48],"ascension_level":1}}