{"host":"syozzdlzcqop4jia","time":1612747841,"event":{"mods":["BaseMod","Colored Map","Colored Powertips","Minty Spire (QoL Compilation)","Quick Restart"],"gold_per_floor":[116,116,129,139,154,179,279,291,314,314,314],"floor_reached":10,"language":"ENG","playtime":721,"items_purged":[],"score":74,"play_id":"9df3b4cc-f4c1-4fd2-a384-2fcfe9262868","local_time":"20210208023041","is_ascension_mode":true,"campfire_choices":[],"circlet_count":0,"master_deck":["Strike_B","Strike_B","Strike_B","Strike_B","Defend_B","Defend_B","Defend_B","Zap","Dualcast","Leap","Beam Cell","Ball Lightning","Self Repair","Leap"],"relics":["Cracked Core","Boot","Bag of Preparation"],"acts_visited":["Exordium"],"potions_floor_usage":[],"damage_taken":[{"damage":1,"enemies":"Jaw Worm","floor":1,"turns":3},{"damage":0,"enemies":"Cultist","floor":3,"turns":3},{"damage":3,"enemies":"Small Slimes","floor":4,"turns":3},{"damage":2,"enemies":"Blue Slaver","floor":5,"turns":3},{"damage":12,"enemies":"Lagavulin","floor":6,"turns":5},{"damage":19,"enemies":"3 Louse","floor":8,"turns":4},{"damage":35,"enemies":"3 Sentries","floor":10,"turns":4}],"seed_played":"3528946448225070866","potions_obtained":[{"floor":3,"key":"SneckoOil"},{"floor":4,"key":"Weak Potion"},{"floor":5,"key":"SpeedPotion"}],"is_trial":false,"path_per_floor":["M","?","M","M","M","E","?","M","T","E"],"character_chosen":"DEFECT","items_purchased":[],"campfire_rested":0,"item_purchase_floors":[],"current_hp_per_floor":[81,74,74,71,69,57,57,45,45,10,10],"gold":314,"neow_bonus":"TEN_PERCENT_HP_BONUS","is_daily":false,"chose_seed":false,"campfire_upgraded":0,"win_rate":0.0,"timestamp":1612747841,"path_taken":["M","?","M","M","M","E","?","M","T","E"],"items_purchased_type":[],"build_version":"2020-12-22","purchased_purges":0,"victory":false,"max_hp_per_floor":[82,82,82,82,82,82,82,82,82,82,82],"card_choices":[{"not_picked":["Stack","Barrage"],"picked":"Leap","floor":1},{"not_picked":["Streamline","Aggregate"],"picked":"Beam Cell","floor":3},{"not_picked":["Turbo","Steam Power"],"picked":"Ball Lightning","floor":4},{"not_picked":["Hello World","Gash","Barrage"],"picked":"SKIP","floor":5},{"not_picked":["Fission","Coolheaded"],"picked":"Self Repair","floor":6},{"not_picked":["Barrage","Coolheaded"],"picked":"Leap","floor":8}],"player_experience":599959,"relics_obtained":[{"floor":6,"key":"Boot"},{"floor":9,"key":"Bag of Preparation"}],"event_choices":[{"cards_removed":["Defend_B"],"damage_healed":0,"gold_gain":0,"player_choice":"Card Removal","damage_taken":7,"max_hp_gain":0,"max_hp_loss":0,"event_name":"Golden Wing","floor":2,"gold_loss":0},{"damage_healed":0,"gold_gain":100,"player_choice":"Gold","damage_taken":0,"max_hp_gain":0,"max_hp_loss":0,"event_name":"Wheel of Change","floor":7,"gold_loss":0}],"is_beta":false,"boss_relics":[],"items_purged_floors":[],"is_endless":false,"potions_floor_spawned":[3,4,5],"killed_by":"3 Sentries","ascension_level":1}}