{"host":"uv5ws9rdk87e8i5k","time":1612812005,"event":{"mods":["AchievementEnabler","BaseMod","Colored Map","Minty Spire (QoL Compilation)","Permanent Neow","Quick Restart","StSLib","SuperFastMode","The Necromancer"],"gold_per_floor":[17,37,48,62,79,114,125,150,150,150,115,40,40,74,74,169,169,187,207,225,150,170,205,205,238,264,283,283,309,309,319,319,422,422,442,452,452,452,20,46,46,59,59,59,78,97,117,150,150,150],"floor_reached":51,"language":"ENG","playtime":1267,"items_purged":["Strike_R","Defend_R"],"score":1226,"play_id":"62319681-3b57-4ea6-a97a-4685ff5ec379","local_time":"20210208132005","is_ascension_mode":true,"campfire_choices":[{"data":"Demon Form","floor":10.0,"key":"SMITH"},{"data":"Heavy Blade","floor":15.0,"key":"SMITH"},{"data":"Clothesline","floor":24.0,"key":"SMITH"},{"data":"Bludgeon","floor":32.0,"key":"SMITH"},{"data":"Shockwave","floor":41,"key":"SMITH"},{"data":"Inflame","floor":49,"key":"SMITH"}],"circlet_count":0,"master_deck":["Defend_R","Defend_R","Bash","Clothesline+1","Shrug It Off","Uppercut+1","Dropkick","Havoc","Demon Form+1","Heavy Blade+1","Rage","Feed+1","Blood for Blood","Heavy Blade+1","Bludgeon+1","Blood for Blood","Blood for Blood","Inflame+1","Shockwave+1","Flame Barrier+1","Heavy Blade+1"],"relics":["Burning Blood","Gambling Chip","Matryoshka","Vajra","Boot","Shuriken","Singing Bowl","Incense Burner","Snecko Eye","Whetstone","Mercury Hourglass","Lantern","Nunchaku","Bag of Preparation","Empty Cage","Brimstone","Calipers","Omamori","Toy Ornithopter"],"acts_visited":["Exordium","TheCity","TheBeyond"],"potions_floor_usage":[40,42,50,50],"damage_taken":[{"damage":4.0,"enemies":"2 Louse","floor":1.0,"turns":3.0},{"damage":6.0,"enemies":"Small Slimes","floor":2.0,"turns":4.0},{"damage":0.0,"enemies":"Cultist","floor":3.0,"turns":3.0},{"damage":9.0,"enemies":"Red Slaver","floor":4.0,"turns":4.0},{"damage":18.0,"enemies":"Gremlin Gang","floor":5.0,"turns":7.0},{"damage":30.0,"enemies":"Lagavulin","floor":6.0,"turns":8.0},{"damage":4.0,"enemies":"Blue Slaver","floor":7.0,"turns":4.0},{"damage":7.0,"enemies":"Gremlin Nob","floor":8.0,"turns":3.0},{"damage":11.0,"enemies":"Lagavulin","floor":14.0,"turns":5.0},{"damage":18.0,"enemies":"Hexaghost","floor":16.0,"turns":6.0},{"damage":7.0,"enemies":"3 Byrds","floor":18.0,"turns":4.0},{"damage":2.0,"enemies":"Shell Parasite","floor":19.0,"turns":2.0},{"damage":13.0,"enemies":"Chosen and Byrds","floor":20.0,"turns":5.0},{"damage":0.0,"enemies":"Snake Plant","floor":22.0,"turns":2.0},{"damage":10.0,"enemies":"Slavers","floor":23.0,"turns":4.0},{"damage":16.0,"enemies":"Gremlin Leader","floor":25.0,"turns":4.0},{"damage":0.0,"enemies":"Snecko","floor":27.0,"turns":2.0},{"damage":0.0,"enemies":"Book of Stabbing","floor":29.0,"turns":2.0},{"damage":0.0,"enemies":"Cultist and Chosen","floor":31.0,"turns":3.0},{"damage":0.0,"enemies":"Champ","floor":33.0,"turns":3.0},{"damage":4.0,"enemies":"3 Shapes","floor":35.0,"turns":2.0},{"damage":18,"enemies":"3 Darklings","floor":36,"turns":3},{"damage":0,"enemies":"Giant Head","floor":40,"turns":3},{"damage":0,"enemies":"Spire Growth","floor":42,"turns":2},{"damage":3,"enemies":"Writhing Mass","floor":45,"turns":2},{"damage":3,"enemies":"3 Darklings","floor":46,"turns":3},{"damage":0,"enemies":"4 Shapes","floor":47,"turns":1},{"damage":2,"enemies":"Nemesis","floor":48,"turns":3},{"damage":35,"enemies":"Awakened One","floor":50,"turns":4}],"seed_played":"-6486214695970545293","potions_obtained":[{"floor":1.0,"key":"EssenceOfSteel"},{"floor":2.0,"key":"LiquidBronze"},{"floor":7.0,"key":"LiquidBronze"},{"floor":8.0,"key":"CultistPotion"},{"floor":14.0,"key":"SmokeBomb"},{"floor":19.0,"key":"EssenceOfSteel"},{"floor":25.0,"key":"EssenceOfSteel"},{"floor":27.0,"key":"AttackPotion"},{"floor":33.0,"key":"EssenceOfSteel"},{"floor":36,"key":"Regen Potion"},{"floor":40,"key":"Energy Potion"},{"floor":42,"key":"SneckoOil"}],"is_trial":false,"path_per_floor":["M","M","M","M","M","E","M","E","T","R","?","$","?","E","R","B",null,"M","M","M","?","M","E","R","E","T","M","?","E","?","M","R","B",null,"M","M","?","?","$","E","R","M","T","$","M","M","M","E","R","B",null],"character_chosen":"IRONCLAD","items_purchased":["Brimstone","FairyPotion","Shockwave"],"campfire_rested":0,"item_purchase_floors":[39,39,39],"current_hp_per_floor":[74,74,80,77,65,41,43,42,42,42,62,62,59,56,56,44,73,75,79,77,77,85,86,86,76,76,84,84,90,90,98,98,103,103,105,93,95,95,95,101,101,109,109,109,111,113,119,123,123,94],"gold":150,"neow_bonus":"ONE_RARE_RELIC","is_daily":false,"chose_seed":false,"campfire_upgraded":6,"win_rate":0.0,"timestamp":1612812005,"path_taken":["M","M","M","M","M","E","M","E","T","R","?","$","?","E","R","BOSS","M","M","M","?","M","E","R","E","T","M","?","E","?","M","R","BOSS","M","M","?","?","$","E","R","?","T","?","M","M","?","E","R","BOSS"],"items_purchased_type":["Relic","Potion","Card"],"build_version":"2020-12-22","purchased_purges":2,"victory":true,"max_hp_per_floor":[80,80,80,80,80,80,80,80,80,80,80,80,80,82,82,82,82,85,85,90,90,92,97,97,97,97,99,99,99,99,101,101,103,103,105,105,107,107,107,107,107,109,109,109,111,113,119,123,123,123],"card_choices":[{"not_picked":["Dual Wield","Seeing Red"],"picked":"Clothesline","floor":1.0},{"not_picked":["Iron Wave","Infernal Blade"],"picked":"Shrug It Off","floor":2.0},{"not_picked":["Iron Wave","Seeing Red"],"picked":"Uppercut","floor":3.0},{"not_picked":["Inflame","Armaments"],"picked":"Dropkick","floor":4.0},{"not_picked":["Armaments","Twin Strike"],"picked":"Havoc","floor":5.0},{"not_picked":["Heavy Blade","Clothesline"],"picked":"Demon Form","floor":6.0},{"not_picked":["Whirlwind","Rupture"],"picked":"Heavy Blade","floor":7.0},{"not_picked":["Uppercut","Fire Breathing"],"picked":"Rage","floor":8.0},{"not_picked":["Iron Wave","Shrug It Off","Disarm"],"picked":"Singing Bowl","floor":14.0},{"not_picked":["Brutality","Fiend Fire"],"picked":"Feed","floor":16.0},{"not_picked":["Warcry","Carnage"],"picked":"Blood for Blood","floor":18.0},{"not_picked":["Twin Strike","Iron Wave"],"picked":"Heavy Blade+1","floor":19.0},{"not_picked":["Iron Wave","Wild Strike","Carnage"],"picked":"Singing Bowl","floor":20.0},{"not_picked":["Thunderclap+1","Searing Blow","Seeing Red"],"picked":"Singing Bowl","floor":22.0},{"not_picked":["Anger","Headbutt","Pommel Strike"],"picked":"Singing Bowl","floor":23.0},{"not_picked":["Flex+1","Thunderclap"],"picked":"Bludgeon","floor":25.0},{"not_picked":["True Grit+1","Carnage+1","Clash"],"picked":"Singing Bowl","floor":27.0},{"not_picked":["Clothesline","Armaments"],"picked":"Blood for Blood","floor":29.0},{"not_picked":["Iron Wave","Sentinel","Anger+1"],"picked":"Singing Bowl","floor":31.0},{"not_picked":["Corruption","Offering","Barricade"],"picked":"Singing Bowl","floor":33.0},{"not_picked":["Warcry","Armaments","Pummel+1"],"picked":"Singing Bowl","floor":35.0},{"not_picked":["Seeing Red+1","Disarm"],"picked":"Blood for Blood","floor":36},{"not_picked":["Deep Breath","Madness","Purity"],"picked":"Singing Bowl","floor":37},{"not_picked":["Disarm","Anger"],"picked":"Flame Barrier+1","floor":40},{"not_picked":["Headbutt","Ghostly Armor","Dark Embrace"],"picked":"Singing Bowl","floor":42},{"not_picked":["Metallicize","Flex","Evolve"],"picked":"Singing Bowl","floor":45},{"not_picked":["True Grit+1","Intimidate+1","Headbutt+1"],"picked":"Singing Bowl","floor":46},{"not_picked":["Double Tap","Armaments","Burning Pact+1"],"picked":"Singing Bowl","floor":47},{"not_picked":["Havoc","Clash"],"picked":"Heavy Blade+1","floor":48}],"player_experience":254357,"relics_obtained":[{"floor":6.0,"key":"Matryoshka"},{"floor":8.0,"key":"Vajra"},{"floor":9.0,"key":"Boot"},{"floor":9.0,"key":"Shuriken"},{"floor":14.0,"key":"Incense Burner"},{"floor":23.0,"key":"Whetstone"},{"floor":25.0,"key":"Mercury Hourglass"},{"floor":26.0,"key":"Lantern"},{"floor":26.0,"key":"Nunchaku"},{"floor":29.0,"key":"Bag of Preparation"},{"floor":40,"key":"Calipers"},{"floor":43,"key":"Omamori"},{"floor":48,"key":"Toy Ornithopter"}],"event_choices":[{"damage_healed":20.0,"max_hp_gain":0.0,"max_hp_loss":0.0,"gold_gain":0.0,"event_name":"The Cleric","player_choice":"Healed","floor":11.0,"gold_loss":35.0,"damage_taken":0.0},{"damage_healed":0.0,"max_hp_gain":0.0,"max_hp_loss":0.0,"gold_gain":0.0,"event_name":"Scrap Ooze","player_choice":"Success","floor":13.0,"gold_loss":0.0,"damage_taken":3.0,"relics_obtained":["Singing Bowl"]},{"cards_removed":["Strike_R"],"damage_healed":0.0,"max_hp_gain":0.0,"max_hp_loss":0.0,"gold_gain":0.0,"event_name":"Beggar","player_choice":"Gave Gold","floor":21.0,"gold_loss":75.0,"damage_taken":0.0},{"damage_healed":0.0,"max_hp_gain":0.0,"max_hp_loss":0.0,"gold_gain":0.0,"event_name":"Ghosts","player_choice":"Ignored","floor":28.0,"gold_loss":0.0,"damage_taken":0.0},{"cards_removed":["Strike_R"],"damage_healed":0.0,"max_hp_gain":0.0,"max_hp_loss":0.0,"gold_gain":0.0,"event_name":"Back to Basics","player_choice":"Elegance","floor":30.0,"gold_loss":0.0,"damage_taken":0.0},{"damage_healed":0,"gold_gain":0,"player_choice":"Memory 1","damage_taken":0,"max_hp_gain":0,"max_hp_loss":0,"event_name":"SensoryStone","floor":37,"gold_loss":0},{"damage_healed":0,"gold_gain":0,"cards_transformed":["Defend_R"],"player_choice":"Transformed","damage_taken":0,"max_hp_gain":0,"max_hp_loss":0,"event_name":"Transmorgrifier","floor":38,"gold_loss":0,"cards_obtained":["Inflame"]}],"is_beta":false,"boss_relics":[{"not_picked":["Mark of Pain","Cursed Key"],"picked":"Snecko Eye"},{"not_picked":["Runic Cube","Pandora\u0027s Box"],"picked":"Empty Cage"}],"items_purged_floors":[12,39],"is_endless":false,"potions_floor_spawned":[1,2,7,8,14,19,25,27,31,33,36,40,42,46],"ascension_level":6}}