{"host":"vflj39ie5n27t074","time":1612754843,"event":{"mods":["BaseMod","BetterRewards","Bossed Relics","Colored Map","Colored Powertips","Downfall","Hero for Fun","Hubris","Infinite Spire","Marisa????????","Minty Spire (QoL Compilation)","Replay The Spire","SIMod","StSLib","The Jungle","The Mystic","The Poker Player","The Servant 0.9.4"],"gold_per_floor":[20,32,32,47,65,90,100,100,100,100,130,130,130,142,142,245,245,257,167,183,195,40,72,72,104,104,104,122,122,132,152,152,256,256,276,288,288,303,319,345,345,345,345,345,119,133,133,184,184,184,184],"floor_reached":50,"language":"ENG","playtime":5472,"items_purged":["infinitespire:Starlight"],"score":524,"play_id":"eaf72406-29fa-4a8a-906a-1f62eab6cc1b","local_time":"20210207212723","is_ascension_mode":true,"campfire_choices":[{"data":"Boundary","floor":8.0,"key":"SMITH"},{"data":"hubris:Fate","floor":12.0,"key":"SMITH"},{"floor":15.0,"key":"REST"},{"data":"Perfectionism","floor":24.0,"key":"SMITH"},{"data":"Yay","floor":24.0,"key":"SMITH"},{"data":"LoveMe","floor":41,"key":"SMITH"},{"data":"Louder","floor":41,"key":"SMITH"},{"data":"Louder","floor":47,"key":"SMITH"},{"data":"BehindTheScene","floor":47,"key":"SMITH"},{"data":"TasteRainbow","floor":49,"key":"SMITH"},{"data":"HarmonyShield","floor":49,"key":"SMITH"}],"circlet_count":0,"master_deck":["Strike_AJ","Strike_RR","Strike_RD","Defend_TS","Defend_PP","Defend_FS","Defend_AJ","ConcertedEfforts","HarmonyShield+1","Perfectionism+1","Boundary+1","Louder+1","AlloutStrike+1","hubris:Fate+1","ISayNo","Louder+1","TakeTheLead+1","Yay+1","BehindTheScene+1","hubris:Fate+1","Louder+1","LoveMe+1","SwiftKick+1","TasteRainbow+1","Anxiousness+1","Yay+1","Return_To_Past+1","Parasite"],"relics":["The_element_of_harmony","hubris:FunFungus","Pyrelight","Replay:Mystery Machine","hubris:SphereOfDissonance","Bottled Tornado","Garlic","ReplayTheSpireMod:SealedPack","DollysMirror","Replay:Arrowhead","Replay:Towering Pillar of Hats","Thread and Needle","hubris:BottledHeart","SacredBark","hubris:CuriousFeather","Bottled Flame","hubris:SlimyHat","CatCart"],"acts_visited":["Exordium","TheCity","TheBeyond"],"potions_floor_usage":[48,50],"damage_taken":[{"damage":0.0,"enemies":"Cultist","floor":1.0,"turns":5.0},{"damage":1.0,"enemies":"Jaw Worm","floor":2.0,"turns":5.0},{"damage":0.0,"enemies":"Small Slimes","floor":4.0,"turns":4.0},{"damage":7.0,"enemies":"Blue Slaver","floor":5.0,"turns":6.0},{"damage":18.0,"enemies":"Lagavulin","floor":6.0,"turns":7.0},{"damage":8.0,"enemies":"Red Slaver","floor":7.0,"turns":4.0},{"damage":0.0,"enemies":"Gremlin Nob","floor":11.0,"turns":3.0},{"damage":0.0,"enemies":"Lots of Slimes","floor":14.0,"turns":2.0},{"damage":99.0,"enemies":"Fading Forest","floor":16.0,"turns":11.0},{"damage":0.0,"enemies":"Spheric Guardian","floor":18.0,"turns":4.0},{"damage":0.0,"enemies":"3 Byrds","floor":20.0,"turns":2.0},{"damage":0.0,"enemies":"Shelled Parasite and Fungi","floor":21.0,"turns":3.0},{"damage":0.0,"enemies":"Book of Stabbing","floor":23.0,"turns":2.0},{"damage":9.0,"enemies":"Replay:Snechameleon","floor":25.0,"turns":5.0},{"damage":0.0,"enemies":"3 Cultists","floor":28.0,"turns":3.0},{"damage":2.0,"enemies":"Snecko","floor":30.0,"turns":3.0},{"damage":0.0,"enemies":"Cultist and Chosen","floor":31.0,"turns":4.0},{"damage":0.0,"enemies":"Automaton","floor":33.0,"turns":1.0},{"damage":0,"enemies":"3 Darklings","floor":35,"turns":12},{"damage":0,"enemies":"Orb Walker","floor":36,"turns":2},{"damage":0,"enemies":"3 Darklings","floor":38,"turns":4},{"damage":0,"enemies":"Maw","floor":39,"turns":5},{"damage":0,"enemies":"Nightmare","floor":40,"turns":8},{"damage":0,"enemies":"Writhing Mass","floor":46,"turns":3},{"damage":0,"enemies":"Orin","floor":48,"turns":9},{"damage":24,"enemies":"Time Eater","floor":50,"turns":10}],"seed_played":"-1434234462404413477","potions_obtained":[{"floor":1.0,"key":"BlessingOfTheForge"},{"floor":5.0,"key":"bronze:BurnAndBuffPotion"},{"floor":14.0,"key":"FairyPotion"},{"floor":21.0,"key":"SteroidPotion"},{"floor":23.0,"key":"Death Potion"},{"floor":25.0,"key":"LiquidBronze"},{"floor":33.0,"key":"BlessingOfTheForge"},{"floor":46,"key":"SteroidPotion"},{"floor":48,"key":"Cursed Concoction"}],"is_trial":false,"path_per_floor":["M","M","?","M","M","E","M","R","T","?","E","R","T","M","R","B",null,"M","?","M","M","$","E","R","E","T","?","M","?","M","M","R_BF","B",null,"M","M","?","M","M","NM","R","?","T","?","$","M","R","?","R","B"],"character_chosen":"TWI_CLASS","items_purchased":["DollysMirror","hubris:SlimyHat"],"campfire_rested":1,"item_purchase_floors":[22,45],"current_hp_per_floor":[82,81,81,82,75,59,53,53,53,33,34,34,34,34,58,29,82,82,82,82,82,82,82,82,73,73,73,82,82,81,81,1,1,1,1,1,1,1,1,1,1,1,1,1,1,1,1,1,1,0,0],"gold":184,"neow_bonus":"ONE_RARE_RELIC","is_daily":false,"chose_seed":false,"campfire_upgraded":10,"win_rate":0.0,"timestamp":1612754843,"path_taken":["M","?","?","M","M","E","M","R","T","?","E","R","?","M","R","BOSS","M","?","M","?","?","E","R","E","T","?","M","?","M","M","R_BF","BOSS","M","M","?","M","M","NM","R","?","T","?","$","?","R","?","R","BOSS"],"items_purchased_type":["Relic","Relic"],"build_version":"2020-12-22","purchased_purges":1,"victory":false,"max_hp_per_floor":[82,82,82,82,82,82,82,82,82,82,82,82,82,82,82,82,82,82,82,82,82,82,82,82,82,82,82,82,82,82,82,1,1,1,1,1,1,1,1,1,1,1,1,1,1,1,1,1,1,1,1],"card_choices":[{"not_picked":["Return_To_Past"],"picked":"Perfectionism","floor":1.0},{"not_picked":["RashStunts","Mischief"],"picked":"SKIP","floor":1.0},{"not_picked":["CleanLibrary"],"picked":"Boundary","floor":2.0},{"not_picked":["PinkiePromise","Celebrities"],"picked":"SKIP","floor":2.0},{"not_picked":["Celebrities"],"picked":"Louder","floor":4.0},{"not_picked":["PartyTime","Smile"],"picked":"SKIP","floor":4.0},{"not_picked":["AppleFeast"],"picked":"AlloutStrike","floor":5.0},{"not_picked":["Return_To_Past","AppleFeast"],"picked":"SKIP","floor":5.0},{"not_picked":["AppleFeast","ServeMeal"],"picked":"SKIP","floor":6.0},{"not_picked":["GemstoneDetection","Lasso"],"picked":"SKIP","floor":6.0},{"not_picked":["Celebrities","GemstoneDetection"],"picked":"SKIP","floor":7.0},{"not_picked":["TwentyPercentcooler","CleanLibrary"],"picked":"SKIP","floor":7.0},{"not_picked":["infinitespire:Gouge","hubris:Rewind"],"picked":"hubris:Fate","floor":10.0},{"not_picked":["InspirationRecovery"],"picked":"ISayNo","floor":11.0},{"not_picked":["ServeMeal","Magictrain"],"picked":"SKIP","floor":11.0},{"not_picked":["PartyAlone"],"picked":"Louder","floor":14.0},{"not_picked":["ISayNo","Honesty"],"picked":"SKIP","floor":14.0},{"not_picked":["Overwhelming"],"picked":"TakeTheLead","floor":16.0},{"not_picked":["infinitespire:Oblivion"],"picked":"infinitespire:Starlight","floor":17.0},{"not_picked":["RunningOfTheLeaves"],"picked":"Yay","floor":18.0},{"not_picked":["SwiftKick","Honesty+1"],"picked":"SKIP","floor":18.0},{"not_picked":["PartyTime"],"picked":"BehindTheScene","floor":20.0},{"not_picked":["AllByMyself","Mischief"],"picked":"SKIP","floor":20.0},{"not_picked":["Laughter","FollowTherRainbow"],"picked":"SKIP","floor":21.0},{"not_picked":["AppleFever","ThunderCloud+1"],"picked":"SKIP","floor":21.0},{"not_picked":["Stare","GemstoneDetection"],"picked":"SKIP","floor":23.0},{"not_picked":["FriendOfNature","TwentyPercentcooler"],"picked":"SKIP","floor":23.0},{"not_picked":["ServeMeal"],"picked":"LadiesDemeanor","floor":25.0},{"not_picked":["Magic_Beam","Tornado"],"picked":"SKIP","floor":25.0},{"not_picked":["RushToSky"],"picked":"Louder+1","floor":28.0},{"not_picked":["GemstoneDetection","ReinventMyself"],"picked":"SKIP","floor":28.0},{"not_picked":["Honesty","Smile"],"picked":"SKIP","floor":30.0},{"not_picked":["Mischief+1","Honesty+1"],"picked":"SKIP","floor":30.0},{"not_picked":["Honesty","Anxiousness"],"picked":"SKIP","floor":31.0},{"not_picked":["Mischief","GemstoneDetection"],"picked":"SKIP","floor":31.0},{"not_picked":["PartyCana"],"picked":"LoveMe","floor":33.0},{"not_picked":["Celebrities+1"],"picked":"SwiftKick+1","floor":35},{"not_picked":["FarmExpert+1","AppleFeast"],"picked":"SKIP","floor":35},{"not_picked":["Boundary","RunningOfTheLeaves"],"picked":"SKIP","floor":36},{"not_picked":["Whining","Harmanyblast"],"picked":"SKIP","floor":36},{"not_picked":["FriendOfNature+1"],"picked":"TasteRainbow","floor":38},{"not_picked":["TwentyPercentcooler","BigDeal+1"],"picked":"SKIP","floor":38},{"not_picked":["ReinventMyself+1"],"picked":"Anxiousness+1","floor":39},{"not_picked":["FarmExpert+1","BehindTheScene"],"picked":"SKIP","floor":39},{"not_picked":["BatchProduction"],"picked":"Yay+1","floor":40},{"not_picked":["Charge+1"],"picked":"Return_To_Past+1","floor":40},{"not_picked":["HideCarefully","BigDeal+1"],"picked":"SKIP","floor":46},{"not_picked":["Return_To_Past+1","AppleFeast"],"picked":"SKIP","floor":46}],"player_experience":84491,"relics_obtained":[{"floor":6.0,"key":"Replay:Mystery Machine"},{"floor":9.0,"key":"hubris:SphereOfDissonance"},{"floor":11.0,"key":"Bottled Tornado"},{"floor":13.0,"key":"Garlic"},{"floor":23.0,"key":"Replay:Arrowhead"},{"floor":25.0,"key":"Replay:Towering Pillar of Hats"},{"floor":26.0,"key":"Thread and Needle"},{"floor":40,"key":"hubris:CuriousFeather"},{"floor":43,"key":"Bottled Flame"},{"floor":48,"key":"CatCart"}],"event_choices":[{"cards_removed":["Strike_TS"],"damage_healed":0.0,"max_hp_gain":0.0,"max_hp_loss":0.0,"gold_gain":0.0,"event_name":"Designer","player_choice":"Upgrade and Remove","floor":19.0,"gold_loss":90.0,"damage_taken":0.0,"cards_upgraded":["TakeTheLead"]},{"damage_healed":0.0,"max_hp_gain":0.0,"max_hp_loss":0.0,"gold_gain":0.0,"event_name":"Ghosts","player_choice":"Ignored","floor":29.0,"gold_loss":0.0,"damage_taken":0.0},{"cards_removed":["LadiesDemeanor"],"damage_healed":0,"gold_gain":0,"player_choice":"Removed Power","damage_taken":0,"max_hp_gain":0,"max_hp_loss":0,"event_name":"Falling","floor":42,"gold_loss":0},{"cards_removed":["downfall:Icky"],"damage_healed":0,"gold_gain":0,"player_choice":"Removed Curses","damage_taken":0,"max_hp_gain":0,"max_hp_loss":0,"event_name":"Fountain of Cleansing","floor":44,"gold_loss":0},{"damage_healed":0,"gold_gain":0,"player_choice":"Fight","damage_taken":0,"max_hp_gain":0,"max_hp_loss":0,"event_name":"OrinTheCat","floor":48,"gold_loss":0}],"is_beta":false,"boss_relics":[{"not_picked":["Coffee Dripper","hubris:TerracottaHorce"],"picked":"ReplayTheSpireMod:SealedPack"},{"not_picked":["Replay:Bronze Core","bronze:MakeshiftBattery"],"picked":"SacredBark"}],"items_purged_floors":[45],"is_endless":false,"potions_floor_spawned":[1,5,14,21,23,25,33,46,48],"killed_by":"Time Eater","ascension_level":1}}