{"host":"2qv44oxt58ptq59r","time":1612819214,"event":{"mods":["AchievementEnabler","BaseMod","Colored Powertips","Highlight Path","Minty Spire (QoL Compilation)","Permanent Neow","StSLib"],"gold_per_floor":[109,127,147,72,86,114,114,133,133,195,44,44,59,59,59,184,184,207,207,230,255,268,268,4,4,4,4,25,0,34,57,57,57,57],"floor_reached":33,"language":"ENG","playtime":4193,"items_purged":["Strike_R","Strike_R"],"score":397,"play_id":"294d1f59-0c18-4364-a0c1-8413dd642fc2","local_time":"20210208212014","is_ascension_mode":true,"campfire_choices":[{"data":"Bash","floor":7,"key":"SMITH"},{"floor":12,"key":"REST"},{"floor":15,"key":"REST"},{"floor":23,"key":"REST"},{"data":"Metallicize","floor":27,"key":"SMITH"},{"data":"Heavy Blade","floor":32,"key":"SMITH"}],"circlet_count":0,"master_deck":["Strike_R","Strike_R","Strike_R","Defend_R","Defend_R","Defend_R","Defend_R","Bash+1","Cleave","Thunderclap","Whirlwind+1","Carnage","Battle Trance+1","Reaper","Heavy Blade+1","Seeing Red+1","Spot Weakness+1","Metallicize+1","True Grit+1","True Grit+1","Dark Embrace"],"relics":["Burning Blood","Regal Pillow","Toxic Egg 2","Pen Nib","Golden Idol","Busted Crown","Membership Card","Paper Frog","Self Forming Clay"],"acts_visited":["Exordium","TheCity"],"potions_floor_usage":[2,5,6,6,20,21,28,31,33,33,33],"damage_taken":[{"damage":1,"enemies":"Cultist","floor":1,"turns":4},{"damage":7,"enemies":"Jaw Worm","floor":2,"turns":4},{"damage":6,"enemies":"2 Louse","floor":3,"turns":3},{"damage":2,"enemies":"Looter","floor":5,"turns":4},{"damage":24,"enemies":"Gremlin Nob","floor":6,"turns":4},{"damage":30,"enemies":"Gremlin Gang","floor":8,"turns":5},{"damage":18,"enemies":"Large Slime","floor":13,"turns":3},{"damage":8,"enemies":"Slime Boss","floor":16,"turns":6},{"damage":32,"enemies":"2 Thieves","floor":18,"turns":4},{"damage":0,"enemies":"3 Byrds","floor":20,"turns":2},{"damage":12,"enemies":"Cultist and Chosen","floor":21,"turns":4},{"damage":72,"enemies":"Shelled Parasite and Fungi","floor":22,"turns":6},{"damage":38,"enemies":"Snake Plant","floor":28,"turns":4},{"damage":0,"enemies":"Slavers","floor":30,"turns":1},{"damage":14,"enemies":"Snecko","floor":31,"turns":3},{"damage":80,"enemies":"Collector","floor":33,"turns":8}],"seed_played":"6184418456693171912","potions_obtained":[{"floor":0,"key":"FearPotion"},{"floor":0,"key":"Strength Potion"},{"floor":0,"key":"Weak Potion"},{"floor":3,"key":"DistilledChaos"},{"floor":13,"key":"Regen Potion"},{"floor":16,"key":"Swift Potion"},{"floor":18,"key":"FearPotion"},{"floor":28,"key":"Swift Potion"},{"floor":31,"key":"ColorlessPotion"}],"is_trial":false,"path_per_floor":["M","M","M","$","M","E","R","M","T","?","$","R","M","?","R","B",null,"M","?","M","M","M","R","$","?","T","R","M","$","E","M","R","B"],"character_chosen":"IRONCLAD","items_purchased":["Pen Nib","Membership Card","Metallicize","BlessingOfTheForge","Energy Potion"],"campfire_rested":3,"item_purchase_floors":[11,24,24,24,29],"current_hp_per_floor":[77,76,76,76,80,62,62,38,38,38,38,77,65,45,80,78,80,58,58,80,80,18,57,57,57,57,57,41,41,47,53,53,0,0],"gold":57,"neow_bonus":"THREE_SMALL_POTIONS","is_daily":false,"chose_seed":false,"campfire_upgraded":3,"win_rate":0.0,"timestamp":1612819214,"path_taken":["M","?","M","$","M","E","R","M","T","?","?","R","M","?","R","BOSS","M","?","?","M","M","R","$","?","T","R","M","$","E","M","R","BOSS"],"items_purchased_type":["Relic","Relic","Card","Potion","Potion"],"build_version":"2020-12-22","purchased_purges":2,"victory":false,"max_hp_per_floor":[80,80,80,80,80,80,80,80,80,80,80,80,80,80,80,80,80,80,80,80,80,80,80,80,80,80,80,80,80,80,80,80,80,80],"card_choices":[{"not_picked":["Entrench","Warcry"],"picked":"Cleave","floor":1},{"not_picked":["True Grit","Perfected Strike"],"picked":"Thunderclap","floor":2},{"not_picked":["Body Slam","Heavy Blade"],"picked":"Whirlwind","floor":3},{"not_picked":["Thunderclap","Wild Strike","Body Slam"],"picked":"SKIP","floor":5},{"not_picked":["Armaments","Exhume","Dropkick"],"picked":"SKIP","floor":6},{"not_picked":["Pommel Strike","Iron Wave"],"picked":"Carnage","floor":8},{"not_picked":["Perfected Strike","Burning Pact+1"],"picked":"Battle Trance+1","floor":13},{"not_picked":["Brutality","Bludgeon"],"picked":"Reaper","floor":16},{"not_picked":[],"picked":"Heavy Blade","floor":18},{"not_picked":[],"picked":"Seeing Red+1","floor":20},{"not_picked":["Searing Blow"],"picked":"SKIP","floor":21},{"not_picked":[],"picked":"Spot Weakness+1","floor":22},{"not_picked":[],"picked":"True Grit+1","floor":28},{"not_picked":[],"picked":"True Grit+1","floor":30},{"not_picked":[],"picked":"Dark Embrace","floor":31}],"player_experience":5640033,"relics_obtained":[{"floor":6,"key":"Regal Pillow"},{"floor":9,"key":"Toxic Egg 2"},{"floor":26,"key":"Paper Frog"},{"floor":30,"key":"Self Forming Clay"}],"event_choices":[{"damage_healed":0,"gold_gain":62,"player_choice":"Gained Gold","damage_taken":0,"max_hp_gain":0,"max_hp_loss":0,"event_name":"Golden Wing","floor":10,"gold_loss":0},{"damage_healed":0,"gold_gain":0,"player_choice":"Take Damage","damage_taken":20,"relics_obtained":["Golden Idol"],"max_hp_gain":0,"max_hp_loss":0,"event_name":"Golden Idol","floor":14,"gold_loss":0},{"damage_healed":0,"gold_gain":0,"player_choice":"Upgraded","damage_taken":0,"max_hp_gain":0,"max_hp_loss":0,"event_name":"Upgrade Shrine","floor":19,"gold_loss":0,"cards_upgraded":["Whirlwind"]},{"damage_healed":0,"gold_gain":0,"player_choice":"Ignored","damage_taken":0,"max_hp_gain":0,"max_hp_loss":0,"event_name":"Ghosts","floor":25,"gold_loss":0}],"is_beta":false,"boss_relics":[{"not_picked":["Philosopher\u0027s Stone","Astrolabe"],"picked":"Busted Crown"}],"items_purged_floors":[4,24],"is_endless":false,"potions_floor_spawned":[3,13,16,18,28,31],"killed_by":"Collector","ascension_level":7}}