{"host":"q3lif1jtip1s8oen","time":1612814661,"event":{"mods":["2.2 Compatiblity","BaseMod","Better Note","Downfall","Marisa????????","Minty Spire (QoL Compilation)","READ ME - Guardian Mod","Rare Cards Sparkle","Replay The Spire","StSLib","The Cursed","The Jungle","The Runesmith","The Servant 0.9.4"],"gold_per_floor":[113,113,213,224,235,261,261,51,78,78,409,419,444,455,455,558,558,576,243,258,330,344,344,354,354,354],"floor_reached":25,"language":"ENG","playtime":2305,"items_purged":[],"score":328,"play_id":"930787cb-bfdb-48b9-95f0-14c827a57197","local_time":"20210208120421","is_ascension_mode":true,"campfire_choices":[{"data":"WitchLeyline","floor":7,"key":"SMITH"},{"data":"FairyDestructionRay","floor":10,"key":"SMITH"},{"data":"OortCloud","floor":15,"key":"SMITH"},{"data":"AbsoluteMagnitude","floor":23,"key":"SMITH"}],"circlet_count":0,"master_deck":["Strike_MRS","Strike_MRS","Strike_MRS","Strike_MRS","Defend_MRS","Defend_MRS","Defend_MRS","MasterSpark+1","UpSweep","AsteroidBelt","WitchLeyline+1","PropBag","MysteriousBeam","GrandCross","FairyDestructionRay+1","MagicChant","AsteroidBelt","GalacticHalo","SatelliteIllusion","OortCloud+1","ShootingEcho","BlazingStar","OortCloud+1","MilkyWay","MilkyWay","PulseMagic","Pot Of Greed","Pot Of Greed","Pot Of Greed","SporeBomb","PowerUp+1","AbsoluteMagnitude+1","StarBarrage+1"],"relics":["MiniHakkero","Omamori","Simple Rune","Old Coin","Akabeko","RampagingMagicTools","Ginger","Grinning Jar"],"acts_visited":["Exordium","TheCity"],"potions_floor_usage":[13,14,16,22,22,24,25],"damage_taken":[{"damage":7,"enemies":"Jaw Worm","floor":1,"turns":3},{"damage":3,"enemies":"Small Slimes","floor":4,"turns":4},{"damage":1,"enemies":"Cultist","floor":5,"turns":3},{"damage":25,"enemies":"Replay:BlueRogue","floor":6,"turns":5},{"damage":17,"enemies":"Lagavulin","floor":11,"turns":6},{"damage":4,"enemies":"Large Slime","floor":12,"turns":6},{"damage":6,"enemies":"Gremlin Nob","floor":13,"turns":3},{"damage":3,"enemies":"Blue Slaver","floor":14,"turns":2},{"damage":0,"enemies":"Slime Boss","floor":16,"turns":5},{"damage":11,"enemies":"Shell Parasite","floor":18,"turns":3},{"damage":5,"enemies":"Spheric Guardian","floor":20,"turns":3},{"damage":12,"enemies":"Snake Plant","floor":22,"turns":2},{"damage":0,"enemies":"Cultist and Chosen","floor":24,"turns":3},{"damage":26,"enemies":"Slavers","floor":25,"turns":1}],"seed_played":"-3425044116493901034","potions_obtained":[{"floor":11,"key":"Toxic Potion"},{"floor":12,"key":"Death Potion"},{"floor":13,"key":"ColorlessPotion"},{"floor":14,"key":"DuplicationPotion"},{"floor":21,"key":"Reflective Coating"},{"floor":22,"key":"DistilledChaos"},{"floor":24,"key":"Dexterity Potion"}],"is_trial":false,"path_per_floor":["M","?","?","M","M","E","R","$","T","R","E","M","E","M","R","B",null,"M","$","M","?","M","R","M","E"],"character_chosen":"MARISA","items_purchased":["GrandCross","FairyDestructionRay","MagicChant","AsteroidBelt","Ginger","MilkyWay"],"campfire_rested":0,"item_purchase_floors":[8,8,8,8,19,19],"current_hp_per_floor":[68,61,61,58,57,32,32,32,32,32,15,11,5,2,2,2,75,64,64,59,29,17,17,17,0,0],"gold":354,"neow_bonus":"UPGRADE_CARD","is_daily":false,"chose_seed":false,"campfire_upgraded":4,"win_rate":0.0,"timestamp":1612814661,"path_taken":["M","?","?","M","?","E","R","$","T","R","E","M","E","M","R","BOSS","M","$","M","?","M","R","M","E"],"items_purchased_type":["Card","Card","Card","Card","Relic","Card"],"build_version":"2020-12-22","purchased_purges":0,"victory":false,"max_hp_per_floor":[75,75,75,75,75,75,75,75,75,75,75,75,75,75,75,75,75,75,75,75,75,75,75,75,75,75],"card_choices":[{"not_picked":["Acceleration","OrrerysSun"],"picked":"AsteroidBelt","floor":1},{"not_picked":["ShootingEcho","WitchOfGreed"],"picked":"WitchLeyline","floor":4},{"not_picked":["LuminesStrike","PowerUp"],"picked":"PropBag","floor":5},{"not_picked":["OpenUniverse","ManaConvection"],"picked":"MysteriousBeam","floor":6},{"not_picked":["WitchLeyline","Singularity"],"picked":"GalacticHalo","floor":11},{"not_picked":["DoubleSpark","GrandCross"],"picked":"SatelliteIllusion","floor":12},{"not_picked":["DC","AlicesGift"],"picked":"OortCloud","floor":13},{"not_picked":["ManaConvection","6A"],"picked":"ShootingEcho","floor":14},{"not_picked":["BigCrunch","StarDustReverie"],"picked":"BlazingStar","floor":16},{"not_picked":["AsteroidBelt","MilkyWay"],"picked":"OortCloud+1","floor":18},{"not_picked":["WitchLeyline","GravityBeat"],"picked":"PulseMagic","floor":20},{"not_picked":["PowerUp+1","IllusionStar+1"],"picked":"SporeBomb","floor":21},{"not_picked":["MysteriousBeam","AsteroidBelt"],"picked":"PowerUp+1","floor":21},{"not_picked":["GravityBeat","AsteroidBelt"],"picked":"AbsoluteMagnitude","floor":22},{"not_picked":["WitchOfGreed","DC"],"picked":"StarBarrage+1","floor":24}],"player_experience":1088562,"relics_obtained":[{"floor":6,"key":"Omamori"},{"floor":9,"key":"Simple Rune"},{"floor":11,"key":"Old Coin"},{"floor":13,"key":"Akabeko"},{"floor":21,"key":"Grinning Jar"}],"event_choices":[{"cards_removed":["Defend_MRS"],"damage_healed":0,"gold_gain":0,"player_choice":"Card Removal","damage_taken":7,"max_hp_gain":0,"max_hp_loss":0,"event_name":"Golden Wing","floor":2,"gold_loss":0},{"damage_healed":0,"gold_gain":100,"player_choice":"Pray","damage_taken":0,"max_hp_gain":0,"max_hp_loss":0,"event_name":"Golden Shrine","floor":3,"gold_loss":0}],"is_beta":false,"boss_relics":[{"not_picked":["ReplayTheSpireMod:DimensionalGlitch","Replay:Drink Me"],"picked":"RampagingMagicTools"}],"items_purged_floors":[],"is_endless":false,"potions_floor_spawned":[11,12,13,14,22,24],"killed_by":"Slavers","ascension_level":4}}