{"host":"wshey5htrz8rni6u","time":1612775241,"event":{"mods":["2.2 Compatiblity","BaseMod","Best Route Mod","Block Reminder","Colored Map","Colored Powertips","Current Relic Mod","Curses Come First","Dark Map","Key Reminder","Minty Spire (QoL Compilation)","Potion Indicator Mod","Quick Restart","Random Character Button","Relic Sorter","Relic Stats","StSLib","SuperFastMode","Twitch Utils","Unceasing Turn Reminder","Weighted Paths","everything is the same but u backflip on backflip"],"gold_per_floor":[115,44,44,219,237,266,279,279,279],"floor_reached":8,"language":"ENG","playtime":285,"items_purged":[],"score":59,"play_id":"c70bd980-2213-426d-a312-6c99c9d20e90","local_time":"20210208010721","is_ascension_mode":true,"campfire_choices":[],"circlet_count":0,"master_deck":["Strike_R","Strike_R","Strike_R","Defend_R","Defend_R","Defend_R","Defend_R","Bash","Limit Break","Anger","Ghostly Armor","Inflame","Doubt","Hemokinesis","Spot Weakness","Spot Weakness"],"relics":["Burning Blood","Happy Flower","Bag of Marbles","keyreminder:keyreminder"],"acts_visited":["Exordium"],"potions_floor_usage":[8],"damage_taken":[{"damage":1,"enemies":"Jaw Worm","floor":1,"turns":3},{"damage":12,"enemies":"Small Slimes","floor":5,"turns":4},{"damage":55,"enemies":"Gremlin Nob","floor":6,"turns":5},{"damage":5,"enemies":"2 Louse","floor":7,"turns":4},{"damage":23,"enemies":"Lagavulin","floor":8,"turns":4}],"seed_played":"-2130989182403498051","potions_obtained":[{"floor":6,"key":"ElixirPotion"}],"is_trial":false,"path_per_floor":["M","$","?","?","M","E","M","E"],"character_chosen":"IRONCLAD","items_purchased":["Inflame"],"campfire_rested":0,"item_purchase_floors":[2],"current_hp_per_floor":[72,72,65,65,59,10,11,0,0],"gold":279,"neow_bonus":"TRANSFORM_TWO_CARDS","is_daily":false,"chose_seed":false,"campfire_upgraded":0,"win_rate":0.0,"timestamp":1612775241,"path_taken":["M","$","?","?","M","E","M","E"],"items_purchased_type":["Card"],"build_version":"2020-12-13","purchased_purges":0,"victory":false,"max_hp_per_floor":[72,72,72,72,72,72,72,72,72],"relic_stats":{"Happy Flower":[5],"counters":[5,20],"obtain_stats":[{"keyreminder:keyreminder":6,"Happy Flower":3,"Bag of Marbles":6,"Burning Blood":0},{"keyreminder:keyreminder":3,"Happy Flower":1,"Bag of Marbles":3,"Burning Blood":0},{"keyreminder:keyreminder":12,"Happy Flower":3,"Bag of Marbles":12,"Burning Blood":0}],"Burning Blood":19},"card_choices":[{"not_picked":["Cleave","Twin Strike"],"picked":"Ghostly Armor","floor":1},{"not_picked":["Seeing Red","Rupture"],"picked":"Hemokinesis","floor":5},{"not_picked":["Heavy Blade","Rampage"],"picked":"Spot Weakness","floor":6},{"not_picked":["Dark Embrace","Twin Strike"],"picked":"Spot Weakness","floor":7}],"player_experience":19704,"relics_obtained":[{"floor":6,"key":"Bag of Marbles"}],"event_choices":[{"damage_healed":0,"gold_gain":0,"player_choice":"Success","damage_taken":7,"relics_obtained":["Happy Flower"],"max_hp_gain":0,"max_hp_loss":0,"event_name":"Scrap Ooze","floor":3,"gold_loss":0},{"damage_healed":0,"gold_gain":175,"player_choice":"AGREE","damage_taken":0,"max_hp_gain":0,"max_hp_loss":0,"event_name":"Liars Game","floor":4,"gold_loss":0,"cards_obtained":["Doubt"]}],"is_beta":false,"boss_relics":[],"items_purged_floors":[],"is_endless":false,"potions_floor_spawned":[6],"killed_by":"Lagavulin","ascension_level":1}}