{"host":"5kirneupyg4uzd3w","time":1612766516,"event":{"mods":["BaseMod","Colored Map","Custom Start","Minty Spire (QoL Compilation)","StSLib","SuperFastMode"],"gold_per_floor":[16,33,33,108,55,55,80,101,155,155,176,197,122,165,165,165,165],"floor_reached":16,"language":"KOR","playtime":305,"items_purged":[],"score":204,"play_id":"41d04ba0-6d9a-4fac-b89d-acb2c604f28b","local_time":"20210208154156","is_ascension_mode":true,"campfire_choices":[{"data":"Feel No Pain","floor":6.0,"key":"SMITH"},{"data":"Wild Strike","floor":10.0,"key":"SMITH"},{"data":"Fire Breathing","floor":15.0,"key":"SMITH"}],"circlet_count":0,"master_deck":["AscendersBane","Strike_R","Strike_R","Strike_R","Strike_R","Defend_R","Defend_R","Defend_R","Defend_R","Bash","Limit Break","Feel No Pain+1","Sword Boomerang","Shrug It Off","Wild Strike+1","Shrug It Off","Fire Breathing+1","Body Slam","Second Wind"],"relics":["Burning Blood","Golden Idol","Smiling Mask","Lantern"],"acts_visited":["Exordium"],"potions_floor_usage":[16],"damage_taken":[{"damage":7.0,"enemies":"Cultist","floor":1.0,"turns":4.0},{"damage":10.0,"enemies":"Small Slimes","floor":2.0,"turns":5.0},{"damage":10.0,"enemies":"Jaw Worm","floor":7.0,"turns":6.0},{"damage":27.0,"enemies":"Lots of Slimes","floor":8.0,"turns":5.0},{"damage":1.0,"enemies":"2 Fungi Beasts","floor":11.0,"turns":4.0},{"damage":0.0,"enemies":"Blue Slaver","floor":12.0,"turns":5.0},{"damage":36.0,"enemies":"Lagavulin","floor":14.0,"turns":9.0},{"damage":38,"enemies":"Slime Boss","floor":16,"turns":3}],"seed_played":"104718320988034444","potions_obtained":[{"floor":1.0,"key":"LiquidBronze"},{"floor":8.0,"key":"BlessingOfTheForge"},{"floor":14.0,"key":"Regen Potion"}],"is_trial":false,"path_per_floor":["M","M","?","?","$","R","M","M","T","R","M","M","?","E","R","B"],"character_chosen":"IRONCLAD","items_purchased":["Shrug It Off"],"campfire_rested":0,"item_purchase_floors":[5],"current_hp_per_floor":[67,63,63,52,52,52,48,27,27,27,32,38,38,8,8,0,0],"gold":165,"neow_bonus":"THREE_RARE_CARDS","is_daily":false,"chose_seed":false,"campfire_upgraded":3,"win_rate":0.0,"timestamp":1612766516,"path_taken":["M","M","?","?","?","R","M","M","T","R","M","?","?","E","R","BOSS"],"items_purchased_type":["Card"],"build_version":"2020-12-22","purchased_purges":0,"victory":false,"max_hp_per_floor":[75,75,68,68,68,68,68,68,68,68,68,68,68,68,68,68,68],"card_choices":[{"not_picked":["Exhume","Impervious"],"picked":"Limit Break","floor":0.0},{"not_picked":["Battle Trance","Anger"],"picked":"Feel No Pain","floor":1.0},{"not_picked":["Clash","True Grit"],"picked":"Sword Boomerang","floor":2.0},{"not_picked":["Clash","True Grit"],"picked":"Wild Strike","floor":7.0},{"not_picked":["Corruption","Wild Strike"],"picked":"Shrug It Off","floor":8.0},{"not_picked":["Thunderclap","Sword Boomerang"],"picked":"Fire Breathing","floor":11.0},{"not_picked":["Sword Boomerang","Clash"],"picked":"Body Slam","floor":12.0},{"not_picked":["Limit Break","Havoc"],"picked":"Second Wind","floor":14.0}],"player_experience":305275,"relics_obtained":[{"floor":9.0,"key":"Smiling Mask"},{"floor":14.0,"key":"Lantern"}],"event_choices":[{"damage_healed":0.0,"max_hp_gain":0.0,"max_hp_loss":7.0,"gold_gain":0.0,"event_name":"Golden Idol","player_choice":"Lose Max HP","floor":3.0,"gold_loss":0.0,"damage_taken":0.0,"relics_obtained":["Golden Idol"]},{"damage_healed":0.0,"max_hp_gain":0.0,"max_hp_loss":0.0,"gold_gain":75.0,"event_name":"World of Goop","player_choice":"Gather Gold","floor":4.0,"gold_loss":0.0,"damage_taken":11.0},{"cards_removed":["Strike_R"],"damage_healed":0.0,"max_hp_gain":0.0,"max_hp_loss":0.0,"gold_gain":0.0,"event_name":"The Cleric","player_choice":"Card Removal","floor":13.0,"gold_loss":75.0,"damage_taken":0.0}],"is_beta":false,"boss_relics":[],"items_purged_floors":[],"is_endless":false,"potions_floor_spawned":[1,8,14],"killed_by":"Slime Boss","ascension_level":20}}