{"host":"krw8blyxua7at9ak","time":1612774820,"event":{"mods":["BaseMod","Highlight Path","Minty Spire (QoL Compilation)","ojb\u0027s Info Mod"],"gold_per_floor":[119,119,129,143,68,101,114,146,146,146,146,208,239,289,289,289,289],"floor_reached":16,"language":"ENG","playtime":791,"items_purged":[],"score":240,"play_id":"eb7591bb-e0f0-413b-9b21-2dddbe311b33","local_time":"20210208100020","is_ascension_mode":true,"campfire_choices":[{"data":"Bouncing Flask","floor":11,"key":"SMITH"},{"floor":15,"key":"REST"}],"circlet_count":0,"master_deck":["AscendersBane","Strike_G","Strike_G","Strike_G","Strike_G","Defend_G","Defend_G","Defend_G","Defend_G","Defend_G","Survivor","Neutralize","Crippling Poison","Bouncing Flask+1","Footwork","Acrobatics","Backflip","Leg Sweep"],"relics":["Ring of the Snake","Boot","WarpedTongs","Incense Burner","Kunai","Ginger","SsserpentHead","Dead Branch"],"acts_visited":["Exordium"],"potions_floor_usage":[6,8,12],"damage_taken":[{"damage":0,"enemies":"Jaw Worm","floor":1,"turns":6},{"damage":1,"enemies":"Cultist","floor":3,"turns":4},{"damage":2,"enemies":"2 Louse","floor":4,"turns":4},{"damage":24,"enemies":"3 Sentries","floor":6,"turns":12},{"damage":3,"enemies":"Looter","floor":7,"turns":3},{"damage":6,"enemies":"Gremlin Nob","floor":8,"turns":5},{"damage":2,"enemies":"Exordium Thugs","floor":12,"turns":6},{"damage":9,"enemies":"Lagavulin","floor":13,"turns":7},{"damage":31,"enemies":"Slime Boss","floor":16,"turns":15}],"seed_played":"-2272613886355073393","potions_obtained":[{"floor":1,"key":"GhostInAJar"},{"floor":4,"key":"DuplicationPotion"},{"floor":7,"key":"ColorlessPotion"},{"floor":13,"key":"SteroidPotion"}],"is_trial":false,"path_per_floor":["M","?","M","M","?","E","M","E","T","?","R","M","E","?","R","B"],"character_chosen":"THE_SILENT","items_purchased":[],"campfire_rested":1,"item_purchase_floors":[],"current_hp_per_floor":[59,59,58,56,56,32,29,23,23,23,23,21,12,12,31,0,0],"gold":289,"neow_bonus":"RANDOM_COMMON_RELIC","is_daily":false,"chose_seed":false,"campfire_upgraded":1,"win_rate":0.0,"timestamp":1612774820,"path_taken":["M","?","?","M","?","E","M","E","T","?","R","?","E","?","R","BOSS"],"items_purchased_type":[],"build_version":"2020-12-22","purchased_purges":0,"victory":false,"max_hp_per_floor":[66,66,66,66,66,66,66,66,66,66,66,66,66,66,66,66,66],"card_choices":[{"not_picked":["Infinite Blades","Flying Knee"],"picked":"Crippling Poison","floor":1},{"not_picked":["Reflex","Accuracy"],"picked":"Bouncing Flask","floor":3},{"not_picked":["Terror","Slice"],"picked":"Footwork","floor":4},{"not_picked":["Reflex","Expertise","Predator"],"picked":"SKIP","floor":6},{"not_picked":["Deflect","Footwork"],"picked":"Acrobatics","floor":7},{"not_picked":["Poisoned Stab","Dagger Spray","Quick Slash"],"picked":"SKIP","floor":8},{"not_picked":["A Thousand Cuts","Dodge and Roll"],"picked":"Backflip","floor":12},{"not_picked":["Sucker Punch","Eviscerate","Heel Hook"],"picked":"SKIP","floor":13}],"player_experience":387464,"relics_obtained":[{"floor":6,"key":"Incense Burner"},{"floor":8,"key":"Kunai"},{"floor":9,"key":"Ginger"},{"floor":13,"key":"Dead Branch"}],"event_choices":[{"damage_healed":0,"gold_gain":0,"player_choice":"Rummage","damage_taken":0,"relics_obtained":["WarpedTongs"],"max_hp_gain":0,"max_hp_loss":0,"event_name":"Accursed Blacksmith","floor":2,"gold_loss":0,"cards_obtained":["Pain"]},{"cards_removed":["Pain"],"damage_healed":0,"gold_gain":0,"player_choice":"Card Removal","damage_taken":0,"max_hp_gain":0,"max_hp_loss":0,"event_name":"The Cleric","floor":5,"gold_loss":75},{"damage_healed":0,"gold_gain":0,"player_choice":"Trade","damage_taken":0,"relics_obtained":["SsserpentHead"],"max_hp_gain":0,"max_hp_loss":0,"event_name":"FaceTrader","floor":10,"gold_loss":0},{"damage_healed":0,"gold_gain":0,"cards_transformed":["Strike_G"],"player_choice":"Change","damage_taken":0,"max_hp_gain":0,"max_hp_loss":0,"event_name":"Living Wall","floor":14,"gold_loss":0,"cards_obtained":["Leg Sweep"]}],"is_beta":false,"boss_relics":[],"items_purged_floors":[],"is_endless":false,"potions_floor_spawned":[1,4,7,13],"killed_by":"Slime Boss","ascension_level":20}}