{"host":"phy652c7lim9lcu2","time":1612786704,"event":{"mods":["BaseMod","BetterRewards","Colored Powertips","Downfall","Googly Eyes","Hubris","Minty Spire (QoL Compilation)","Relic Stats","Spicy Shops","StSLib","everything is the same but u backflip on backflip"],"gold_per_floor":[111,122,30,45,120,120,70,70,149,179,191,220,236,264,264,363,363,383,400,400,412,426,426,458,458,458,492,592,620,633,645,645,748,748,764,210,229,67,85,85,45,73,97,130,142,48,58,68,68,68,68,68,6,39,39],"floor_reached":56,"language":"ENG","playtime":2770,"items_purged":["Strike_P","Defend_P","Defend_P"],"score":2496,"play_id":"45efcf67-3750-4171-9189-bccbaff54305","local_time":"20210208221824","is_ascension_mode":true,"campfire_choices":[{"data":"LessonLearned","floor":6.0,"key":"SMITH"},{"data":"BowlingBash","floor":8.0,"key":"SMITH"},{"floor":15,"key":"REST"},{"floor":23,"key":"RECALL"},{"floor":32,"key":"REST"},{"data":"Omniscience","floor":40,"key":"SMITH"},{"data":"InnerPeace","floor":49,"key":"SMITH"},{"data":"MentalFortress","floor":52,"key":"SMITH"}],"circlet_count":0,"master_deck":["AscendersBane","Strike_P+1","Strike_P+1","Defend_P+1","Defend_P+1","Eruption+1","Vigilance+1","LessonLearned+1","CutThroughFate+1","FearNoEvil+1","WheelKick+1","LikeWater+1","Consecrate+1","BowlingBash+1","DevaForm+1","Meditate+1","ClearTheMind+1","MentalFortress+1","EmptyBody+1","ThirdEye+1","Fasting2+1","Vault+1","TalkToTheHand+1","FollowUp+1","Omniscience+1","InnerPeace+1","WindmillStrike+1","Wireheading+1","Tantrum+1"],"relics":["PureWater","Lee\u0027s Waffle","Kunai","hubris:OldNail","hubris:TinFlute","Gremlin Horn","Membership Card","Bronze Scales","Pen Nib","Dream Catcher","Darkstone Periapt","Vajra","Sozu","hubris:SlimyHat","The Courier","Torii","Anchor","hubris:Backtick","Calipers","TeardropLocket","Strawberry","CaptainsWheel","hubris:Zylophone","Mango","Mercury Hourglass","Blood Vial","Oddly Smooth Stone","Lantern","PreservedInsect","Chemical X","Medical Kit","InkBottle"],"acts_visited":[],"potions_floor_usage":[14,29],"damage_taken":[{"damage":4.0,"enemies":"Jaw Worm","floor":1.0,"turns":4.0},{"damage":0.0,"enemies":"2 Louse","floor":2.0,"turns":3.0},{"damage":7.0,"enemies":"Small Slimes","floor":4.0,"turns":2.0},{"damage":8.0,"enemies":"Lagavulin","floor":10.0,"turns":4.0},{"damage":14.0,"enemies":"Red Slaver","floor":11.0,"turns":2.0},{"damage":0.0,"enemies":"Gremlin Nob","floor":12.0,"turns":2.0},{"damage":12,"enemies":"3 Louse","floor":13,"turns":2},{"damage":0,"enemies":"3 Sentries","floor":14,"turns":3},{"damage":0,"enemies":"Slime Boss","floor":16,"turns":3},{"damage":0,"enemies":"Chosen","floor":18,"turns":3},{"damage":7,"enemies":"Spheric Guardian","floor":19,"turns":3},{"damage":5,"enemies":"Chosen and Byrds","floor":21,"turns":3},{"damage":0,"enemies":"Snecko","floor":22,"turns":6},{"damage":9,"enemies":"Book of Stabbing","floor":24,"turns":4},{"damage":17,"enemies":"Gremlin Leader","floor":27,"turns":6},{"damage":15,"enemies":"Slavers","floor":29,"turns":4},{"damage":0,"enemies":"Centurion and Healer","floor":30,"turns":4},{"damage":0,"enemies":"Cultist and Chosen","floor":31,"turns":4},{"damage":9,"enemies":"Automaton","floor":33,"turns":10},{"damage":16,"enemies":"Orb Walker","floor":35,"turns":5},{"damage":1,"enemies":"3 Darklings","floor":37,"turns":4},{"damage":0,"enemies":"Transient","floor":39,"turns":6},{"damage":1,"enemies":"Giant Head","floor":42,"turns":8},{"damage":0,"enemies":"Nemesis","floor":44,"turns":9},{"damage":11,"enemies":"Jaw Worm Horde","floor":45,"turns":5},{"damage":0,"enemies":"Writhing Mass","floor":47,"turns":7},{"damage":0,"enemies":"Sphere and 2 Shapes","floor":48,"turns":1},{"damage":15,"enemies":"Awakened One","floor":50,"turns":9},{"damage":0,"enemies":"Shield and Spear","floor":54,"turns":6},{"damage":4,"enemies":"The Heart","floor":55,"turns":8}],"seed_played":"-1559172531956473979","potions_obtained":[{"floor":4.0,"key":"ColorlessPotion"},{"floor":11.0,"key":"sneckomod:MuddlingPotion"},{"floor":16,"key":"Regen Potion"}],"is_trial":false,"path_per_floor":["M","M","$","M","?","R","?","R","T","E","M","E","M","E","R","B",null,"M","M","?","M","M","R","E","?","T","E","?","E","M","M","R","B",null,"M","$","M","$","M","R","?","E","T","E","M","$","M","M","R","B",null,"R","$","E","B",null],"character_chosen":"WATCHER","items_purchased":["Lee\u0027s Waffle","Kunai","hubris:OldNail","LessonLearned","hubris:TinFlute","Gremlin Horn","CutThroughFate","FearNoEvil","Membership Card","Bronze Scales","WheelKick","LikeWater","BowlingBash","Pen Nib","TalkToTheHand","TeardropLocket","Strawberry","InnerPeace","CaptainsWheel","hubris:Zylophone","Mango","Mercury Hourglass","Blood Vial","Tantrum","Chemical X","Medical Kit"],"campfire_rested":2,"item_purchase_floors":[0,0,0,0,0,0,0,0,0,0,0,0,3,3,36,36,36,36,36,36,36,38,38,46,46,53],"current_hp_per_floor":[75,75,75,68,57,57,57,57,57,49,35,35,23,23,46,46,71,71,64,64,59,59,59,50,50,50,33,33,18,18,18,41,32,67,51,72,71,71,73,73,73,74,74,76,67,67,69,71,71,58,90,90,90,92,90],"gold":39,"neow_bonus":"","is_daily":false,"chose_seed":false,"campfire_upgraded":5,"win_rate":0.0,"timestamp":1612786704,"path_taken":["M","M","$","M","?","R","?","R","T","E","M","E","M","E","R","BOSS","M","M","?","?","M","R","E","?","T","E","?","E","M","M","R","BOSS","M","$","?","$","M","R","?","E","T","E","M","$","M","?","R","BOSS","R","$","E","BOSS"],"items_purchased_type":["Relic","Relic","Relic","Card","Relic","Relic","Card","Card","Relic","Relic","Card","Card","Card","Relic","Card","Relic","Relic","Card","Relic","Relic","Relic","Relic","Relic","Card","Relic","Relic"],"build_version":"2020-12-22","purchased_purges":3,"victory":true,"max_hp_per_floor":[79,79,79,79,79,79,79,79,79,79,79,79,79,79,79,79,79,79,79,79,79,79,79,79,79,79,79,79,79,79,79,79,79,79,79,100,100,100,100,100,100,100,100,100,100,100,100,100,100,100,100,100,100,100,100],"relic_stats":{"Darkstone Periapt":0,"Lee\u0027s Waffle":56,"Gremlin Horn":[27,27],"Torii":11,"counters":[142,643],"Pen Nib":[58],"PreservedInsect":77,"Medical Kit":[3],"Mercury Hourglass":[175],"Sozu":6,"Blood Vial":39,"Dream Catcher":2,"Bronze Scales":[411],"Kunai":[49],"Chemical X":[6],"obtain_stats":[{"Tiny House":34,"hubris:CrystalStatue":38,"Calipers":34,"Gremlin Horn":17,"CeramicFish":31,"Vajra":14,"Runic Capacitor":0,"Whetstone":54,"Sling":14,"Boot":25,"hubris:TerracottaHorce":17,"Blood Vial":30,"Sozu":17,"Centennial Puzzle":8,"Lizard Tail":7,"Strawberry":6,"MealTicket":26,"downfall:ExtraCursedKey":13,"VioletLotus":17,"Kunai":53,"Toxic Egg 2":11,"hubris:TinFlute":7,"Pear":24,"Happy Flower":27,"hubris:DuctTape":47,"Astrolabe":17,"Blue Candle":36,"Dead Branch":54,"Oddly Smooth Stone":0,"Pen Nib":26,"Letter Opener":41,"Akabeko":14,"hubris:Zylophone":36,"Shuriken":45,"Bronze Scales":0,"hubris:PeanutButter":9,"hubris:ToyBattleship":30,"Meat on the Bone":25,"Pocketwatch":28,"Darkstone Periapt":12,"Lantern":43,"Torii":27,"Mango":36,"Juzu Bracelet":6,"hubris:SlimyHat":43,"CloakClasp":53,"TeardropLocket":9,"hubris:EmptyBottle":12,"Smiling Mask":14,"Ancient Tea Set":0,"ClockworkSouvenir":19,"Nunchaku":26,"Dream Catcher":10,"hubris:Backtick":34,"Gambling Chip":21,"Tiny Chest":17,"Red Mask":0,"Chemical X":0,"Cracked Core":0,"InkBottle":54,"Potion Belt":42,"Lee\u0027s Waffle":0,"PreservedInsect":0,"The Courier":14,"Orichalcum":0,"hubris:Towel":22,"Medical Kit":53,"Mercury Hourglass":38,"Calling Bell":17,"Peace Pipe":0,"Strange Spoon":36,"CaptainsWheel":11,"Anchor":29,"Orrery":0,"HolyWater":34,"Turnip":17,"Bag of Marbles":23,"Membership Card":4,"hubris:CrackedHourglass":17,"PureWater":0,"TungstenRod":0,"Toy Ornithopter":11,"hubris:OldNail":0},{"Tiny House":47,"hubris:CrystalStatue":103,"Calipers":131,"Gremlin Horn":41,"CeramicFish":46,"Vajra":120,"Runic Capacitor":5,"Whetstone":57,"Sling":71,"Boot":78,"hubris:TerracottaHorce":72,"Blood Vial":99,"Sozu":121,"Centennial Puzzle":22,"Lizard Tail":87,"Strawberry":20,"MealTicket":78,"downfall:ExtraCursedKey":12,"VioletLotus":92,"Kunai":56,"Toxic Egg 2":24,"hubris:TinFlute":36,"Pear":44,"Happy Flower":45,"hubris:DuctTape":54,"Astrolabe":14,"Blue Candle":48,"Dead Branch":111,"Oddly Smooth Stone":32,"Pen Nib":31,"Letter Opener":52,"Akabeko":40,"hubris:Zylophone":132,"Shuriken":53,"Bronze Scales":112,"hubris:PeanutButter":11,"hubris:ToyBattleship":45,"Meat on the Bone":97,"Pocketwatch":98,"Darkstone Periapt":118,"Lantern":135,"Torii":127,"Mango":132,"Juzu Bracelet":10,"hubris:SlimyHat":106,"CloakClasp":110,"TeardropLocket":88,"hubris:EmptyBottle":24,"Smiling Mask":12,"Ancient Tea Set":32,"ClockworkSouvenir":42,"Nunchaku":44,"Dream Catcher":116,"hubris:Backtick":131,"Gambling Chip":29,"Tiny Chest":41,"Red Mask":0,"Chemical X":0,"Cracked Core":0,"InkBottle":141,"Potion Belt":106,"Lee\u0027s Waffle":112,"PreservedInsect":0,"The Courier":91,"Orichalcum":14,"hubris:Towel":29,"Medical Kit":140,"Mercury Hourglass":133,"Calling Bell":41,"Peace Pipe":58,"Strange Spoon":48,"CaptainsWheel":70,"Anchor":128,"Orrery":83,"HolyWater":101,"Turnip":41,"Bag of Marbles":76,"Membership Card":8,"hubris:CrackedHourglass":27,"PureWater":0,"TungstenRod":0,"Toy Ornithopter":37,"hubris:OldNail":112},{"Tiny House":200,"hubris:CrystalStatue":460,"Calipers":576,"Gremlin Horn":169,"CeramicFish":191,"Vajra":526,"Runic Capacitor":13,"Whetstone":252,"Sling":306,"Boot":329,"hubris:TerracottaHorce":312,"Blood Vial":434,"Sozu":529,"Centennial Puzzle":80,"Lizard Tail":356,"Strawberry":73,"MealTicket":329,"downfall:ExtraCursedKey":43,"VioletLotus":379,"Kunai":247,"Toxic Egg 2":86,"hubris:TinFlute":151,"Pear":181,"Happy Flower":183,"hubris:DuctTape":234,"Astrolabe":56,"Blue Candle":203,"Dead Branch":497,"Oddly Smooth Stone":131,"Pen Nib":122,"Letter Opener":222,"Akabeko":165,"hubris:Zylophone":581,"Shuriken":229,"Bronze Scales":504,"hubris:PeanutButter":38,"hubris:ToyBattleship":183,"Meat on the Bone":408,"Pocketwatch":415,"Darkstone Periapt":521,"Lantern":599,"Torii":554,"Mango":581,"Juzu Bracelet":34,"hubris:SlimyHat":473,"CloakClasp":493,"TeardropLocket":360,"hubris:EmptyBottle":86,"Smiling Mask":43,"Ancient Tea Set":131,"ClockworkSouvenir":172,"Nunchaku":181,"Dream Catcher":517,"hubris:Backtick":576,"Gambling Chip":115,"Tiny Chest":169,"Red Mask":0,"Chemical X":0,"Cracked Core":0,"InkBottle":635,"Potion Belt":473,"Lee\u0027s Waffle":504,"PreservedInsect":0,"The Courier":372,"Orichalcum":56,"hubris:Towel":115,"Medical Kit":629,"Mercury Hourglass":585,"Calling Bell":169,"Peace Pipe":261,"Strange Spoon":203,"CaptainsWheel":303,"Anchor":558,"Orrery":344,"HolyWater":450,"Turnip":169,"Bag of Marbles":323,"Membership Card":24,"hubris:CrackedHourglass":107,"PureWater":0,"TungstenRod":0,"Toy Ornithopter":156,"hubris:OldNail":504}],"InkBottle":[3]},"card_choices":[{"not_picked":["CrushJoints","Study","FlyingSleeves"],"picked":"SKIP","floor":1.0},{"not_picked":["ReachHeaven","Halt"],"picked":"Consecrate","floor":2.0},{"not_picked":["Meditate","CrushJoints"],"picked":"DevaForm","floor":4.0},{"not_picked":["WaveOfTheHand","CrushJoints"],"picked":"Meditate","floor":10.0},{"not_picked":["Study","FlurryOfBlows"],"picked":"ClearTheMind","floor":11.0},{"not_picked":["Sanctity","TalkToTheHand"],"picked":"MentalFortress","floor":12.0},{"not_picked":["ForeignInfluence","Evaluate","Consecrate"],"picked":"SKIP","floor":13},{"not_picked":["Consecrate","ForeignInfluence","SandsOfTime"],"picked":"SKIP","floor":14},{"not_picked":["Consecrate","FlurryOfBlows"],"picked":"EmptyBody","floor":15},{"not_picked":["SashWhip","Evaluate"],"picked":"ThirdEye","floor":18},{"not_picked":["Crescendo","FlurryOfBlows"],"picked":"Fasting2","floor":19},{"not_picked":["FlurryOfBlows","Pray","Halt"],"picked":"SKIP","floor":21},{"not_picked":["Crescendo","Study","BowlingBash"],"picked":"SKIP","floor":22},{"not_picked":["EmptyBody","Conclude+1"],"picked":"Vault","floor":24},{"not_picked":["SashWhip","Halt+1","PathToVictory"],"picked":"SKIP","floor":27},{"not_picked":["LessonLearned","EmptyBody","Swivel"],"picked":"SKIP","floor":29},{"not_picked":["CrushJoints+1","EmptyBody","WaveOfTheHand"],"picked":"SKIP","floor":30},{"not_picked":["Sanctity+1","Halt+1"],"picked":"TalkToTheHand+1","floor":31},{"not_picked":["CarveReality","SandsOfTime"],"picked":"FollowUp+1","floor":32},{"not_picked":["LessonLearned","Establishment"],"picked":"Omniscience","floor":33},{"not_picked":["SashWhip","Study","Halt"],"picked":"SKIP","floor":35},{"not_picked":["Wireheading","Fasting2","Meditate"],"picked":"SKIP","floor":37},{"not_picked":["CrushJoints","JustLucky+1","Protect"],"picked":"SKIP","floor":39},{"not_picked":["FollowUp+1","PathToVictory"],"picked":"WindmillStrike+1","floor":42},{"not_picked":["FearNoEvil+1","DevaForm"],"picked":"Wireheading+1","floor":44},{"not_picked":["CutThroughFate","ClearTheMind","LikeWater"],"picked":"SKIP","floor":45},{"not_picked":["PathToVictory+1","FollowUp","Collect+1"],"picked":"SKIP","floor":47},{"not_picked":["FlyingSleeves","Swivel+1","CrushJoints+1"],"picked":"SKIP","floor":48},{"not_picked":["FlurryOfBlows+1","Weave","BowlingBash+1"],"picked":"SKIP","floor":54}],"player_experience":305844,"relics_obtained":[{"floor":10.0,"key":"Dream Catcher"},{"floor":12.0,"key":"Darkstone Periapt"},{"floor":14,"key":"Vajra"},{"floor":24,"key":"hubris:SlimyHat"},{"floor":26,"key":"The Courier"},{"floor":27,"key":"Torii"},{"floor":29,"key":"Anchor"},{"floor":42,"key":"Oddly Smooth Stone"},{"floor":43,"key":"Lantern"},{"floor":44,"key":"PreservedInsect"},{"floor":54,"key":"InkBottle"}],"event_choices":[{"damage_healed":0.0,"max_hp_gain":0.0,"max_hp_loss":0.0,"gold_gain":75.0,"event_name":"World of Goop","player_choice":"Gather Gold","floor":5.0,"gold_loss":0.0,"damage_taken":11.0},{"cards_removed":["Strike_P"],"damage_healed":0.0,"max_hp_gain":0.0,"max_hp_loss":0.0,"gold_gain":0.0,"event_name":"The Cleric","player_choice":"Card Removal","floor":7.0,"gold_loss":50.0,"damage_taken":0.0},{"damage_healed":0,"gold_gain":0,"player_choice":"Upgraded","damage_taken":0,"max_hp_gain":0,"max_hp_loss":0,"event_name":"Upgrade Shrine","floor":20,"gold_loss":0,"cards_upgraded":["Fasting2"]},{"damage_healed":0,"gold_gain":0,"player_choice":"Ignored","damage_taken":0,"max_hp_gain":0,"max_hp_loss":0,"event_name":"Ghosts","floor":25,"gold_loss":0},{"damage_healed":0,"gold_gain":100,"player_choice":"Pray","damage_taken":0,"max_hp_gain":0,"max_hp_loss":0,"event_name":"Golden Shrine","floor":28,"gold_loss":0},{"damage_healed":0,"gold_gain":0,"player_choice":"Upgraded Two","damage_taken":0,"max_hp_gain":0,"max_hp_loss":0,"event_name":"Designer","floor":41,"gold_loss":40,"cards_upgraded":["Consecrate","Strike_P"]}],"is_beta":false,"boss_relics":[{"not_picked":["Velvet Choker","hubris:Stopwatch"],"picked":"Sozu"},{"not_picked":["hubris:HollowSoul","Black Star"],"picked":"hubris:Backtick"}],"items_purged_floors":[0,0,36],"is_endless":false,"potions_floor_spawned":[4,11,16,22,27,30,35,42,44],"ascension_level":10}}