{"host":"aapp7ew3jk5k1bvd","time":1612764658,"event":{"mods":["AchievementEnabler","BaseMod","Colored Map","Minty Spire (QoL Compilation)","Permanent Neow","StSLib","SuperFastMode"],"gold_per_floor":[113,38,50,64,84,84,94,94,94,94,104,123,173,186,186,286,286,286,286],"floor_reached":18,"language":"KOR","playtime":414,"items_purged":["Defend_R"],"score":158,"play_id":"7588632e-27ec-4d56-bd48-5a3eb87ec143","local_time":"20210208151058","is_ascension_mode":false,"campfire_choices":[{"data":"Bash","floor":6,"key":"SMITH"},{"data":"Clash","floor":8,"key":"SMITH"},{"data":"Clash","floor":15,"key":"SMITH"}],"circlet_count":0,"master_deck":["Strike_R","Strike_R","Strike_R","Strike_R","Strike_R","Defend_R","Defend_R","Bash+1","Clash+1","Clash+1"],"relics":["Burning Blood","Frozen Egg 2","SlaversCollar"],"acts_visited":["Exordium","TheCity"],"potions_floor_usage":[16],"damage_taken":[{"damage":3,"enemies":"Small Slimes","floor":1,"turns":3},{"damage":14,"enemies":"Jaw Worm","floor":3,"turns":5},{"damage":1,"enemies":"Cultist","floor":4,"turns":3},{"damage":5,"enemies":"Looter","floor":5,"turns":4},{"damage":20,"enemies":"2 Fungi Beasts","floor":7,"turns":4},{"damage":8,"enemies":"Lots of Slimes","floor":11,"turns":4},{"damage":1,"enemies":"3 Louse","floor":12,"turns":2},{"damage":10,"enemies":"2 Fungi Beasts","floor":14,"turns":3},{"damage":8,"enemies":"Slime Boss","floor":16,"turns":5},{"damage":17,"enemies":"Shell Parasite","floor":18,"turns":4}],"seed_played":"2251025169629590711","potions_obtained":[{"floor":1,"key":"Dexterity Potion"},{"floor":7,"key":"DistilledChaos"},{"floor":12,"key":"Ancient Potion"}],"is_trial":false,"path_per_floor":["M","$","M","M","M","R","M","R","T","$","M","M","?","M","R","B",null,"M"],"character_chosen":"IRONCLAD","items_purchased":[],"campfire_rested":0,"item_purchase_floors":[],"current_hp_per_floor":[80,80,72,77,78,78,64,64,64,64,62,67,67,63,63,61,80,69,69],"gold":286,"neow_bonus":"REMOVE_CARD","is_daily":false,"chose_seed":false,"campfire_upgraded":3,"win_rate":0.0,"timestamp":1612764658,"path_taken":["M","$","M","M","M","R","M","R","T","$","M","M","?","M","R","BOSS","M"],"items_purchased_type":[],"build_version":"2020-12-22","purchased_purges":1,"victory":false,"max_hp_per_floor":[80,80,80,80,80,80,80,80,80,80,80,80,80,80,80,80,80,80,80],"card_choices":[{"not_picked":["Uppercut","Pummel","Perfected Strike"],"picked":"SKIP","floor":1},{"not_picked":["Thunderclap","Sentinel","Metallicize"],"picked":"SKIP","floor":3},{"not_picked":["Clothesline","Carnage","Anger"],"picked":"SKIP","floor":4},{"not_picked":["Warcry","Armaments"],"picked":"Clash","floor":5},{"not_picked":["Anger","Shrug It Off","Clothesline"],"picked":"SKIP","floor":7},{"not_picked":["Limit Break","True Grit","Cleave"],"picked":"SKIP","floor":11},{"not_picked":["Shrug It Off","Reckless Charge","Evolve+1"],"picked":"SKIP","floor":12},{"not_picked":["Feel No Pain+1","Infernal Blade"],"picked":"Clash","floor":14}],"player_experience":1344120,"relics_obtained":[{"floor":9,"key":"Frozen Egg 2"}],"event_choices":[{"damage_healed":0,"gold_gain":50,"player_choice":"Gained Gold","damage_taken":0,"max_hp_gain":0,"max_hp_loss":0,"event_name":"Golden Wing","floor":13,"gold_loss":0}],"is_beta":false,"boss_relics":[{"not_picked":["Snecko Eye","Mark of Pain"],"picked":"SlaversCollar"}],"items_purged_floors":[2],"is_endless":false,"potions_floor_spawned":[1,7,12],"killed_by":"Shell Parasite","ascension_level":0}}