{"host":"8fl9fk3sx00hvnsh","time":1612795820,"event":{"mods":["BaseMod","Bestiary","Bossed Relics","Custom Start","Downfall","Minty Spire (QoL Compilation)","Reliquary","Replay The Spire","StSLib","The Blue Laboratory","The Marked","The Wild Card"],"gold_per_floor":[99,109,109,109,120,120,172,38,54,70,70,89,26,38,57,57,57,57],"floor_reached":16,"language":"ENG","playtime":1064,"items_purged":["Voices"],"score":94,"play_id":"888e3b10-0cc4-4979-8916-d0b83bae5243","local_time":"20210208095020","is_ascension_mode":false,"campfire_choices":[{"floor":11,"key":"REST"}],"circlet_count":0,"master_deck":["sneckomod:Strike","sneckomod:Strike","sneckomod:Strike","sneckomod:Defend","sneckomod:Defend","sneckomod:Defend","sneckomod:TailWhip","sneckomod:SnekBite","Headbutt","sneckomod:UnendingSupply","sneckomod:QuickBite","Guardian:GuardianWhirl","sneckomod:UnknownCommonAttack","Panache","Secret Technique","Mind Blast","sneckomod:Unknown1Cost","sneckomod:QuickMove","sneckomod:UnknownWeak","sneckomod:SerpentIdol","sneckomod:Restock","sneckomod:SnakeSap","sneckomod:MasterEye"],"relics":["sneckomod:SneckoSoul","ReplayTheSpireMod:ShopPack","ReplayTheSpireMod:CursedCoin","reliquary:TatteredRug"],"acts_visited":["Exordium"],"potions_floor_usage":[16,16],"damage_taken":[{"damage":6,"enemies":"Jaw Worm","floor":2,"turns":3},{"damage":0,"enemies":"2 Louse","floor":5,"turns":1},{"damage":10,"enemies":"downfall:FleeingMerchant","floor":8,"turns":4},{"damage":15,"enemies":"Cultist","floor":9,"turns":4},{"damage":17,"enemies":"Large Slime","floor":10,"turns":6},{"damage":18,"enemies":"Exordium Wildlife","floor":12,"turns":5},{"damage":10,"enemies":"downfall:FleeingMerchant","floor":13,"turns":4},{"damage":24,"enemies":"Lots of Slimes","floor":14,"turns":6},{"damage":4,"enemies":"2 Fungi Beasts","floor":15,"turns":3},{"damage":47,"enemies":"DF_ARCHETYPE_STREAMLINE","floor":16,"turns":6}],"seed_played":"-863938487395407598","potions_obtained":[{"floor":5,"key":"SpeedPotion"},{"floor":10,"key":"Weak Potion"},{"floor":14,"key":"BlessingOfTheForge"}],"is_trial":false,"path_per_floor":["R","M","?","?","M","R","T","$","M","M","R","M","$","M","M","B"],"character_chosen":"THE_SNECKO","items_purchased":["ReplayTheSpireMod:ShopPack","ReplayTheSpireMod:CursedCoin","reliquary:TatteredRug","sneckomod:Restock"],"campfire_rested":1,"item_purchase_floors":[8,13,13,13],"current_hp_per_floor":[99,93,93,93,93,93,93,83,76,59,88,70,60,36,32,0,0,0],"gold":57,"neow_bonus":"TEN_PERCENT_HP_BONUS","is_daily":false,"chose_seed":false,"campfire_upgraded":0,"win_rate":0.0,"timestamp":1612795820,"path_taken":["R","M","?","?","M","R","T","$","M","M","R","M","$","M","M","BOSS"],"items_purchased_type":["Relic","Relic","Relic","Card"],"build_version":"2020-12-22","purchased_purges":1,"victory":false,"max_hp_per_floor":[99,99,99,99,99,99,99,99,99,99,99,99,99,99,99,99,99,99],"card_choices":[{"not_picked":["sneckomod:SnakeSap","sneckomod:Nope"],"picked":"sneckomod:UnendingSupply","floor":2},{"not_picked":["sneckomod:DiceBoulder","sneckomod:DefensiveFlair"],"picked":"sneckomod:QuickBite","floor":5},{"not_picked":["sneckomod:RainOfDice","sneckomod:SnekBeam"],"picked":"sneckomod:UnknownCommonAttack","floor":8},{"not_picked":["ReplayTheSpireMod:Brewmster","Secret Weapon"],"picked":"Panache","floor":8},{"not_picked":["Trip","Flash of Steel"],"picked":"Secret Technique","floor":8},{"not_picked":["ReplayTheSpireMod:Trickstab","Impatience"],"picked":"Mind Blast","floor":8},{"not_picked":["sneckomod:UnknownDraw","sneckomod:UnknownUncommonSkill"],"picked":"sneckomod:Unknown1Cost","floor":9},{"not_picked":["sneckomod:UnknownStrike","sneckomod:UnknownWeak"],"picked":"sneckomod:QuickMove","floor":10},{"not_picked":["sneckomod:UnknownCommonAttack","sneckomod:QuickMove"],"picked":"sneckomod:UnknownWeak","floor":12},{"not_picked":["sneckomod:UnknownDraw","sneckomod:IronFang"],"picked":"sneckomod:SerpentIdol","floor":13},{"not_picked":["sneckomod:SlitherStrike","sneckomod:UnknownUncommonSkill"],"picked":"sneckomod:SnakeSap","floor":14},{"not_picked":["sneckomod:WideSting","sneckomod:UnknownDraw"],"picked":"sneckomod:MasterEye","floor":15}],"player_experience":231449,"relics_obtained":[],"event_choices":[],"is_beta":false,"boss_relics":[],"items_purged_floors":[13],"is_endless":false,"potions_floor_spawned":[5,10,14,15],"killed_by":"DF_ARCHETYPE_STREAMLINE","ascension_level":0}}