{"host":"y7b1p9nkx4idorr2","time":1612803268,"event":{"mods":["AchievementEnabler","Act Like it!","BaseMod","Colored Map","Downfall","GifTheSpireLib","Googly Eyes","Highlight Path","Mimic Mod","Minty Spire (QoL Compilation)","Shop Mod","Spicy Shops","StSLib","Unceasing Turn Reminder"],"gold_per_floor":[99,114,130,130,144,172,172,72,85,85,85,11,44,56,71,173,173,73,158,158,21,58,58,58,58,69,88,102,128,147,178,191,191,191,191],"floor_reached":33,"language":"ENG","playtime":1655,"items_purged":["Pain"],"score":354,"play_id":"36d4a5f1-daca-469a-bc61-7acba5c841d7","local_time":"20210208105428","is_ascension_mode":true,"campfire_choices":[{"floor":1,"key":"RECALL"},{"floor":8,"key":"REST"},{"floor":11,"key":"REST"},{"floor":18,"key":"REST"},{"floor":23,"key":"REST"},{"floor":25,"key":"REST"}],"circlet_count":0,"master_deck":["sneckomod:Strike","sneckomod:Strike","sneckomod:Strike","sneckomod:Defend","sneckomod:Defend","sneckomod:Defend","sneckomod:TailWhip","sneckomod:SnekBite","sneckomod:Unknown","sneckomod:Unknown","sneckomod:IronFang","sneckomod:UnknownDraw","sneckomod:Unknown","sneckomod:RainOfDice","sneckomod:UnknownUncommonAttack","sneckomod:QuickMove","sneckomod:ImprovisedGuard","Writhe","sneckomod:UnknownDexterity","sneckomod:ImprovisedAttack","sneckomod:RainOfDice","sneckomod:MorePower","sneckomod:SnakeSap","sneckomod:WideSting","sneckomod:Unknown1Cost+1","sneckomod:UnknownUncommonPower+1","sneckomod:UnknownClassSLIMEBOUND+1","sneckomod:UnknownExhaust+1","sneckomod:UnknownStrength+1","sneckomod:UnknownDraw","sneckomod:UnknownRarePower+1","sneckomod:RainOfDice+1","sneckomod:SlitherStrike+1","sneckomod:UnknownClassSLIMEBOUND","sneckomod:UnknownCommonAttack+1","sneckomod:UnknownCommonAttack","Entrench+1","sneckomod:UnknownDexterity"],"relics":["Fusion Hammer","StrikeDummy","sneckomod:CleanMud","downfall:HeartBlessingRed","WarpedTongs","Vajra","Meat on the Bone","SlaversCollar","downfall:HeartBlessingGreen","sneckomod:SneckoCommon","MealTicket"],"acts_visited":["Exordium","TheCity"],"potions_floor_usage":[13,16,16,26,28,29,31,33],"damage_taken":[{"damage":4,"enemies":"Jaw Worm","floor":2,"turns":2},{"damage":0,"enemies":"Cultist","floor":3,"turns":2},{"damage":3,"enemies":"Small Slimes","floor":5,"turns":2},{"damage":17,"enemies":"3 Sentries","floor":6,"turns":7},{"damage":13,"enemies":"Exordium Thugs","floor":9,"turns":2},{"damage":3,"enemies":"downfall:FleeingMerchant","floor":12,"turns":4},{"damage":12,"enemies":"Lagavulin","floor":13,"turns":3},{"damage":1,"enemies":"3 Louse","floor":14,"turns":3},{"damage":0,"enemies":"2 Fungi Beasts","floor":15,"turns":3},{"damage":16,"enemies":"WA_ARCHETYPE_RETAIN","floor":16,"turns":3},{"damage":3,"enemies":"downfall:FleeingMerchant","floor":21,"turns":4},{"damage":17,"enemies":"Shell Parasite","floor":22,"turns":3},{"damage":24,"enemies":"3 Byrds","floor":26,"turns":4},{"damage":2,"enemies":"Snecko","floor":27,"turns":4},{"damage":21,"enemies":"3 Cultists","floor":28,"turns":5},{"damage":19,"enemies":"Gremlin Leader","floor":29,"turns":4},{"damage":10,"enemies":"Snake Plant","floor":30,"turns":2},{"damage":26,"enemies":"Slavers","floor":31,"turns":5},{"damage":27,"enemies":"Cultist and Chosen","floor":32,"turns":5},{"damage":30,"enemies":"DF_ARCHETYPE_CLAW","floor":33,"turns":6}],"seed_played":"-505242123012235804","potions_obtained":[{"floor":2,"key":"PowerPotion"},{"floor":9,"key":"Swift Potion"},{"floor":13,"key":"BlessingOfTheForge"},{"floor":14,"key":"CultistPotion"},{"floor":16,"key":"Weak Potion"},{"floor":22,"key":"LiquidBronze"},{"floor":26,"key":"sneckomod:CheatPotion"},{"floor":28,"key":"Strength Potion"},{"floor":30,"key":"sneckomod:CheatPotion"}],"is_trial":false,"path_per_floor":["R","M","M","?","M","E","T","R","M","?","R","$","E","M","M","B",null,"R","?","?","$","M","R","T","R","M","M","M","E","M","E","M","B"],"character_chosen":"THE_SNECKO","items_purchased":["Vajra","sneckomod:WideSting"],"campfire_rested":5,"item_purchase_floors":[12,21],"current_hp_per_floor":[90,86,86,86,83,66,66,90,77,77,90,87,79,82,82,66,94,94,80,80,77,60,88,88,94,70,68,59,52,54,40,25,0,0,0],"gold":191,"neow_bonus":"BOSS_RELIC","is_daily":false,"chose_seed":false,"campfire_upgraded":0,"win_rate":0.0,"timestamp":1612803268,"path_taken":["R","M","M","?","M","E","T","R","?","?","R","$","E","M","M","BOSS","R","?","?","$","M","R","T","R","M","M","M","E","M","E","M","BOSS"],"items_purchased_type":["Relic","Card"],"build_version":"2020-12-22","purchased_purges":1,"victory":false,"max_hp_per_floor":[90,90,90,90,90,90,90,90,90,90,90,90,90,94,94,94,94,94,94,94,94,94,94,94,94,94,94,94,94,94,94,94,94,94,94],"card_choices":[{"not_picked":["sneckomod:UnknownExhaust","sneckomod:DiceBlock"],"picked":"sneckomod:IronFang","floor":2},{"not_picked":["sneckomod:IronFang","sneckomod:Unknown1Cost"],"picked":"sneckomod:UnknownDraw","floor":3},{"not_picked":["sneckomod:UnknownCommonAttack","sneckomod:SnekBeam"],"picked":"sneckomod:RainOfDice","floor":5},{"not_picked":["sneckomod:IronFang","sneckomod:UnknownColorless"],"picked":"sneckomod:UnknownUncommonAttack","floor":6},{"not_picked":["sneckomod:UnknownCommonSkill","sneckomod:SoulDraw"],"picked":"sneckomod:QuickMove","floor":9},{"not_picked":["sneckomod:Unknown1Cost","sneckomod:MixItUp"],"picked":"sneckomod:ImprovisedGuard","floor":12},{"not_picked":["sneckomod:Mudshield","sneckomod:DiceCrush"],"picked":"sneckomod:UnknownDexterity","floor":13},{"not_picked":["sneckomod:UnknownUncommonSkill","sneckomod:UnknownWeak"],"picked":"sneckomod:ImprovisedAttack","floor":14},{"not_picked":["sneckomod:Nope","sneckomod:UnknownCommonSkill"],"picked":"sneckomod:RainOfDice","floor":15},{"not_picked":["sneckomod:Transmogrify","sneckomod:SerpentMind"],"picked":"sneckomod:MorePower","floor":16},{"not_picked":["sneckomod:Unknown3Cost+1","sneckomod:UnknownWeak+1"],"picked":"sneckomod:UnknownClassRED+1","floor":21},{"not_picked":["sneckomod:Unknown2Cost","sneckomod:Unknown3Cost"],"picked":"sneckomod:SnakeSap","floor":21},{"not_picked":["sneckomod:DiceCrush","sneckomod:UnknownCommonAttack"],"picked":"sneckomod:Unknown1Cost+1","floor":22},{"not_picked":["sneckomod:UnknownColorless+1","sneckomod:UnknownVulnerable+1"],"picked":"sneckomod:UnknownUncommonPower+1","floor":22},{"not_picked":["sneckomod:UnknownX+1","sneckomod:UnknownCommonSkill+1"],"picked":"sneckomod:UnknownClassSLIMEBOUND+1","floor":26},{"not_picked":["sneckomod:UnknownBlock","sneckomod:Unknown2Cost"],"picked":"sneckomod:UnknownExhaust+1","floor":26},{"not_picked":["sneckomod:UnknownUncommonAttack+1","sneckomod:UnknownClassTHE_BRONZE_AUTOMATON+1"],"picked":"sneckomod:UnknownStrength+1","floor":27},{"not_picked":["sneckomod:WideSting","sneckomod:SoulRoll"],"picked":"sneckomod:UnknownDraw","floor":27},{"not_picked":["sneckomod:UnknownWeak+1","sneckomod:UnknownClassRED+1"],"picked":"sneckomod:UnknownRarePower+1","floor":28},{"not_picked":["sneckomod:TrashToTreasure","sneckomod:Nope"],"picked":"sneckomod:RainOfDice+1","floor":28},{"not_picked":["sneckomod:QuickMove","sneckomod:UnknownRarePower"],"picked":"sneckomod:SlitherStrike+1","floor":29},{"not_picked":["sneckomod:Nope+1","sneckomod:UnknownCommonSkill"],"picked":"sneckomod:Memorize+1","floor":30},{"not_picked":["sneckomod:UnknownBlock+1","sneckomod:UnknownDraw+1"],"picked":"sneckomod:UnknownCommonAttack+1","floor":31},{"not_picked":["sneckomod:Transmogrify","sneckomod:DefensiveFlair"],"picked":"sneckomod:UnknownCommonAttack","floor":31},{"not_picked":["sneckomod:UnknownExhaust+1","sneckomod:CheapStock"],"picked":"sneckomod:UnknownDexterity","floor":32}],"player_experience":2318878,"relics_obtained":[{"floor":6,"key":"StrikeDummy"},{"floor":7,"key":"sneckomod:CleanMud"},{"floor":13,"key":"Meat on the Bone"},{"floor":29,"key":"sneckomod:SneckoCommon"},{"floor":31,"key":"MealTicket"}],"event_choices":[{"damage_healed":0,"gold_gain":0,"player_choice":"Rummage","damage_taken":0,"relics_obtained":["WarpedTongs"],"max_hp_gain":0,"max_hp_loss":0,"event_name":"Accursed Blacksmith","floor":10,"gold_loss":0,"cards_obtained":["Pain"]},{"damage_healed":0,"gold_gain":0,"player_choice":"Ignored","damage_taken":0,"max_hp_gain":0,"max_hp_loss":0,"event_name":"Ghosts","floor":20,"gold_loss":0}],"is_beta":false,"boss_relics":[{"not_picked":["Calling Bell","Black Star"],"picked":"SlaversCollar"}],"items_purged_floors":[21],"is_endless":false,"potions_floor_spawned":[2,9,13,14,16,22,26,28,30],"killed_by":"DF_ARCHETYPE_CLAW","ascension_level":2}}