{"host":"cy3pd5cut10e7v8y","time":1612817697,"event":{"mods":["AchievementEnabler","Act Like it!","BaseMod","Colored Map","Colored Powertips","Koishi","Minty Spire (QoL Compilation)","StSLib","The Animator","Waifu the Spire"],"gold_per_floor":[214,227,152,163,163,163,194,219,242,256,431,336,372,372,372,516,516,516,456,75,75,75,75,75,75,75,75,25,25,25,25,25,25,25,25,0,0,0,0,0,0,0,0,0,0,0,0,0,0,0],"floor_reached":51,"language":"ENG","playtime":4757,"items_purged":["animator:Strike","Writhe"],"score":625,"play_id":"0ad94313-aee0-41b2-be01-fc1d678ab9bb","local_time":"20210208215457","is_ascension_mode":false,"campfire_choices":[{"floor":6,"key":"REST"},{"floor":15,"key":"REST"},{"data":"animator:AcuraAkari","floor":23,"key":"SMITH"},{"floor":25,"key":"REST"},{"floor":27,"key":"REST"},{"data":"animator:AcuraAkari","floor":29,"key":"SMITH"},{"floor":32,"key":"REST"},{"data":"animator:AcuraShin","floor":40,"key":"SMITH"},{"floor":42,"key":"REST"},{"floor":47,"key":"REST"},{"data":"animator:Fredrika","floor":49,"key":"SMITH"}],"circlet_count":0,"master_deck":["animator:Strike_HitsugiNoChaika","animator:Defend_HitsugiNoChaika","animator:AcuraAkari+1","animator:Gillette","animator:AcuraAkari+1","animator:LeleiLaLalena","animator:ChaikaBohdan","animator:CowGirl","animator:TukaLunaMarceau","animator:Strike_OwariNoSeraph","animator:Strike_FullmetalAlchemist","animator:Defend_GATE","animator:Defend_OwariNoSeraph","animator:Defend_Konosuba","animator:Chris","animator:ChaikaTrabant","animator:DwarfShaman","animator:MumenRider+1","animator:Fredrika+1","animator:WinryRockbell","animator:Viivi","animator:Guy","animator:AcuraShin+1","animator:Guy","animator:Fredrika","animator:AcuraTooru","animator:YunYun+1","animator:HigakiRinne"],"relics":["animator:VividPicture","animator:TheMissingPiece","Golden Idol","Smiling Mask","Centennial Puzzle","Ectoplasm","Ornamental Fan","Pear","WingedGreaves","Letter Opener","animator:HeavyHalberd","Red Mask","Gambling Chip","Charon\u0027s Ashes","MealTicket"],"acts_visited":["Exordium","TheCity","TheBeyond"],"potions_floor_usage":[13,13,16,21,33,41,50,50,50],"damage_taken":[{"damage":2,"enemies":"2 Louse","floor":1,"turns":3},{"damage":2,"enemies":"Small Slimes","floor":2,"turns":4},{"damage":3,"enemies":"Jaw Worm","floor":4,"turns":5},{"damage":0,"enemies":"Large Slime","floor":7,"turns":5},{"damage":1,"enemies":"Exordium Wildlife","floor":8,"turns":2},{"damage":1,"enemies":"Red Slaver","floor":10,"turns":3},{"damage":7,"enemies":"Lagavulin","floor":13,"turns":5},{"damage":21,"enemies":"Slime Boss","floor":16,"turns":13},{"damage":7,"enemies":"Chosen","floor":18,"turns":4},{"damage":19,"enemies":"2 Thieves","floor":19,"turns":4},{"damage":6,"enemies":"Snecko","floor":21,"turns":5},{"damage":21,"enemies":"Chosen and Byrds","floor":24,"turns":5},{"damage":1,"enemies":"Colosseum Slavers","floor":30,"turns":4},{"damage":18,"enemies":"Colosseum Nobs","floor":30,"turns":4},{"damage":28,"enemies":"Collector","floor":33,"turns":7},{"damage":0,"enemies":"3 Shapes","floor":35,"turns":6},{"damage":0,"enemies":"Orb Walker","floor":37,"turns":2},{"damage":15,"enemies":"Writhing Mass","floor":38,"turns":4},{"damage":6,"enemies":"Mind Bloom Boss Battle","floor":39,"turns":4},{"damage":24,"enemies":"Nemesis","floor":41,"turns":6},{"damage":0,"enemies":"4 Shapes","floor":45,"turns":4},{"damage":0,"enemies":"Jaw Worm Horde","floor":48,"turns":3},{"damage":57,"enemies":"Time Eater","floor":50,"turns":7}],"seed_played":"-3046182622392750497","potions_obtained":[{"floor":1,"key":"PowerPotion"},{"floor":8,"key":"FearPotion"},{"floor":10,"key":"SteroidPotion"},{"floor":18,"key":"Energy Potion"},{"floor":21,"key":"Explosive Potion"},{"floor":30,"key":"CultistPotion"},{"floor":37,"key":"Block Potion"},{"floor":38,"key":"ColorlessPotion"},{"floor":39,"key":"SteroidPotion"},{"floor":41,"key":"Fire Potion"}],"is_trial":false,"path_per_floor":["M","M","$","M","?","R","M","M","T","M","?","?","E","?","R","B",null,"M","M","$","M","?","R","M","R","T","R","$","R","?","$","R","B",null,"M","?","M","M","?","R","E","R","T","?","M","?","R","M","R","B",null],"character_chosen":"THE_ANIMATOR","items_purchased":["animator:Fredrika","animator:WinryRockbell","Ornamental Fan"],"campfire_rested":7,"item_purchase_floors":[20,20,20],"current_hp_per_floor":[64,62,62,59,43,62,62,61,61,60,60,60,53,46,65,45,67,60,41,41,35,45,45,24,47,47,70,70,70,52,52,75,47,78,78,78,78,63,57,57,35,59,59,59,59,49,73,73,73,16],"gold":0,"neow_bonus":"HUNDRED_GOLD","is_daily":false,"chose_seed":false,"campfire_upgraded":4,"win_rate":0.0,"timestamp":1612817697,"path_taken":["M","M","$","M","?","R","M","M","T","M","?","?","E","?","R","BOSS","M","M","$","M","?","R","M","R","T","R","$","R","?","?","R","BOSS","M","?","M","M","?","R","E","R","T","?","M","?","R","M","R","BOSS"],"items_purchased_type":["Card","Card","Relic"],"build_version":"2020-12-22","purchased_purges":2,"victory":true,"max_hp_per_floor":[66,66,66,66,66,66,66,66,66,66,66,66,66,66,66,67,67,67,67,67,67,77,77,77,77,77,77,77,77,78,78,78,78,78,78,78,78,78,78,78,80,80,80,80,80,80,80,80,80,80],"card_choices":[{"not_picked":["animator:RoyMustang","animator:TukaLunaMarceau"],"picked":"animator:AcuraAkari","floor":1},{"not_picked":["animator:MumenRider","animator:SilverFang","animator:MaesHughes"],"picked":"SKIP","floor":2},{"not_picked":["animator:Darkness","animator:Mitsurugi"],"picked":"animator:LeleiLaLalena","floor":4},{"not_picked":["animator:AcuraAkari","animator:Layla"],"picked":"animator:ChaikaBohdan","floor":7},{"not_picked":["animator:Boros","animator:Gluttony"],"picked":"animator:CowGirl","floor":8},{"not_picked":["animator:Scar","animator:Darkness"],"picked":"animator:TukaLunaMarceau","floor":10},{"not_picked":["animator:Melzalgald","animator:Sloth"],"picked":"animator:Chris","floor":13},{"not_picked":["animator:Hans","animator:Guren"],"picked":"animator:ChaikaTrabant","floor":16},{"not_picked":["animator:Witch","animator:Priestess"],"picked":"animator:DwarfShaman","floor":18},{"not_picked":["animator:Chris+1","animator:Geryuganshoop"],"picked":"animator:MumenRider+1","floor":19},{"not_picked":["animator:ElricAlphonse","animator:RoyMustang"],"picked":"animator:Viivi","floor":21},{"not_picked":["animator:CowGirl","animator:SilverFang","animator:LizardPriest"],"picked":"SKIP","floor":24},{"not_picked":["animator:ChaikaBohdan","animator:Layla"],"picked":"animator:Guy","floor":30},{"not_picked":["animator:GoblinSlayer","animator:Wiz"],"picked":"animator:AcuraShin","floor":33},{"not_picked":["animator:Yoichi","animator:Spearman","animator:CrowleyEusford+1"],"picked":"SKIP","floor":35},{"not_picked":["animator:HighElfArcher+1","animator:Mikaela+1"],"picked":"animator:Guy","floor":37},{"not_picked":["animator:Megumin+1","animator:Guy"],"picked":"animator:Fredrika","floor":38},{"not_picked":["animator:Guy","animator:Gillette"],"picked":"animator:AcuraTooru","floor":41},{"not_picked":["animator:AcuraTooru+1","animator:Gillette+1"],"picked":"animator:YunYun+1","floor":45},{"not_picked":["animator:LizardPriest+1","animator:Mitsuba+1","animator:CrowleyEusford"],"picked":"SKIP","floor":48}],"player_experience":165384,"relics_obtained":[{"floor":9,"key":"Smiling Mask"},{"floor":13,"key":"Centennial Puzzle"},{"floor":26,"key":"WingedGreaves"},{"floor":30,"key":"Letter Opener"},{"floor":30,"key":"animator:HeavyHalberd"},{"floor":39,"key":"Gambling Chip"},{"floor":41,"key":"Charon\u0027s Ashes"},{"floor":43,"key":"MealTicket"}],"event_choices":[{"damage_healed":0,"gold_gain":0,"player_choice":"Take Damage","damage_taken":16,"relics_obtained":["Golden Idol"],"max_hp_gain":0,"max_hp_loss":0,"event_name":"Golden Idol","floor":5,"gold_loss":0},{"damage_healed":0,"gold_gain":175,"player_choice":"AGREE","damage_taken":0,"max_hp_gain":0,"max_hp_loss":0,"event_name":"Liars Game","floor":11,"gold_loss":0,"cards_obtained":["Doubt"]},{"cards_removed":["Doubt"],"damage_healed":0,"gold_gain":0,"player_choice":"Card Removal","damage_taken":7,"max_hp_gain":0,"max_hp_loss":0,"event_name":"Golden Wing","floor":14,"gold_loss":0},{"damage_healed":0,"gold_gain":0,"player_choice":"Opened","damage_taken":0,"relics_obtained":["Pear"],"max_hp_gain":0,"max_hp_loss":0,"event_name":"The Mausoleum","floor":22,"gold_loss":0,"cards_obtained":["Writhe"]},{"damage_healed":0,"gold_gain":0,"player_choice":"Fight","damage_taken":0,"max_hp_gain":0,"max_hp_loss":0,"event_name":"Colosseum","floor":30,"gold_loss":0},{"damage_healed":0,"gold_gain":0,"player_choice":"Fought Nobs","damage_taken":0,"max_hp_gain":0,"max_hp_loss":0,"event_name":"Colosseum","floor":30,"gold_loss":0},{"damage_healed":0,"gold_gain":0,"player_choice":"Paid","damage_taken":0,"relics_obtained":["Red Mask"],"max_hp_gain":0,"max_hp_loss":0,"event_name":"Tomb of Lord Red Mask","floor":36,"gold_loss":25},{"damage_healed":0,"gold_gain":0,"player_choice":"Fight","damage_taken":0,"max_hp_gain":0,"max_hp_loss":0,"event_name":"MindBloom","floor":39,"gold_loss":0},{"damage_healed":0,"gold_gain":0,"player_choice":"Ignored","damage_taken":0,"max_hp_gain":0,"max_hp_loss":0,"event_name":"Mysterious Sphere","floor":44,"gold_loss":0},{"damage_healed":0,"gold_gain":0,"player_choice":"Embrace Madness","damage_taken":10,"max_hp_gain":0,"max_hp_loss":0,"event_name":"Winding Halls","floor":46,"gold_loss":0,"cards_obtained":["animator:HigakiRinne"]}],"is_beta":false,"boss_relics":[{"not_picked":["Velvet Choker","Fusion Hammer"],"picked":"Ectoplasm"},{"not_picked":["Runic Dome","Cursed Key"],"picked":"animator:VividPicture"}],"items_purged_floors":[3,28],"is_endless":false,"potions_floor_spawned":[1,8,10,18,21,30,37,38,39,41],"ascension_level":0}}