{"host":"eaiphzh066bwqdh7","time":1612800168,"event":{"mods":["BaseMod","Better Note","Halation","Hubris","Minty Spire (QoL Compilation)","Reliquary","Replay The Spire","StSLib"],"gold_per_floor":[115,131,56,75,91,122,122,148,148,148,148,161,161,161,161,260,260,271,289,289,308,0,0,11,11,11,23,37,136,136,169,169,169,169],"floor_reached":33,"language":"ENG","playtime":1331,"items_purged":["Defend_G"],"score":332,"play_id":"2e008198-cb7b-4f51-8e6c-8882a44937a3","local_time":"20210208110248","is_ascension_mode":true,"campfire_choices":[{"floor":7,"key":"REST"},{"floor":13,"key":"REST"},{"floor":15,"key":"REST"},{"floor":23,"key":"REST"},{"floor":25,"key":"REST"},{"floor":30,"key":"REST"},{"floor":32,"key":"REST"}],"circlet_count":0,"master_deck":["Defend_G","Defend_G","Defend_G","Neutralize","Backflip","Poisoned Stab","Hidden Blade","Dash","Deadly Poison+1","m_Survivalism","A Thousand Cuts","Storm of Steel","Unload","After Image","Hidden Blade","Deflect+1","Catalyst+1","Bane+1","Expertise","Phantasmal Killer","Slice","Slice","Tools of the Trade"],"relics":["Ring of the Snake","NeowsBlessing","Bottled Lightning","Replay:PocketPolymizer","hubris:CuriousFeather","hubris:HollowSoul","Oddly Smooth Stone","PreservedInsect"],"acts_visited":["Exordium","TheCity"],"potions_floor_usage":[8,8,16,19,24,31],"damage_taken":[{"damage":0,"enemies":"Jaw Worm","floor":1,"turns":1},{"damage":0,"enemies":"Small Slimes","floor":2,"turns":1},{"damage":0,"enemies":"2 Louse","floor":4,"turns":1},{"damage":13,"enemies":"Exordium Thugs","floor":5,"turns":7},{"damage":31,"enemies":"Replay:BlueRogue","floor":6,"turns":8},{"damage":39,"enemies":"Lagavulin","floor":8,"turns":10},{"damage":3,"enemies":"Blue Slaver","floor":12,"turns":3},{"damage":30,"enemies":"Slime Boss","floor":16,"turns":8},{"damage":3,"enemies":"Chosen","floor":18,"turns":4},{"damage":30,"enemies":"Spheric Guardian","floor":19,"turns":5},{"damage":25,"enemies":"Cultist and Chosen","floor":21,"turns":8},{"damage":16,"enemies":"Snake Plant","floor":24,"turns":3},{"damage":18,"enemies":"Snecko","floor":27,"turns":3},{"damage":18,"enemies":"Cultist and Chosen","floor":28,"turns":8},{"damage":12,"enemies":"Gremlin Leader","floor":31,"turns":7},{"damage":16,"enemies":"Champ","floor":33,"turns":7}],"seed_played":"-3368383823876273873","potions_obtained":[{"floor":1,"key":"Weak Potion"},{"floor":5,"key":"Weak Potion"},{"floor":12,"key":"Swift Potion"},{"floor":16,"key":"Weak Potion"},{"floor":21,"key":"PowerPotion"},{"floor":28,"key":"Strength Potion"}],"is_trial":false,"path_per_floor":["M","M","$","M","M","E","R","E","T","?","?","M","R","?","R","B",null,"M","M","?","M","?","R","M","R","T","M","M","?","R","E","R","B"],"character_chosen":"THE_SILENT","items_purchased":[],"campfire_rested":7,"item_purchase_floors":[],"current_hp_per_floor":[70,70,70,70,57,26,47,8,8,8,8,5,26,26,47,17,70,67,37,37,12,12,33,17,38,38,20,2,2,23,11,32,0,0],"gold":169,"neow_bonus":"THREE_ENEMY_KILL","is_daily":false,"chose_seed":false,"campfire_upgraded":0,"win_rate":0.0,"timestamp":1612800168,"path_taken":["M","M","$","M","M","E","R","E","T","?","?","M","R","?","R","BOSS","M","M","?","M","?","R","M","R","T","M","M","?","R","E","R","BOSS"],"items_purchased_type":[],"build_version":"2020-12-22","purchased_purges":1,"victory":false,"max_hp_per_floor":[70,70,70,70,70,70,70,70,70,70,70,70,70,70,70,70,70,70,70,70,70,70,70,70,70,70,70,70,70,70,70,70,70,70],"card_choices":[{"not_picked":["ReplayTheSpireMod:Exploit Weakness","Sneak Up"],"picked":"Backflip","floor":1},{"not_picked":["All Out Attack","Tactician","ReplayTheSpireMod:The Works"],"picked":"SKIP","floor":2},{"not_picked":["Dash","Dodge and Roll"],"picked":"Poisoned Stab","floor":4},{"not_picked":["Concentrate","Acrobatics"],"picked":"Hidden Blade","floor":5},{"not_picked":["Reflex","Well Laid Plans"],"picked":"Dash","floor":6},{"not_picked":["ReplayTheSpireMod:Tripwire","Hidden Blade"],"picked":"Deadly Poison","floor":8},{"not_picked":["Skewer","ReplayTheSpireMod:Speed Training"],"picked":"A Thousand Cuts","floor":12},{"not_picked":["Replay:Bag of Tricks","Poison Darts"],"picked":"After Image","floor":16},{"not_picked":["Masterful Stab","Cloak And Dagger"],"picked":"Hidden Blade","floor":18},{"not_picked":["Prepared","Acrobatics+1"],"picked":"Deflect+1","floor":19},{"not_picked":["Setup","Hidden Blade"],"picked":"Catalyst+1","floor":21},{"not_picked":["ReplayTheSpireMod:Speed Training","Prepared"],"picked":"Bane+1","floor":24},{"not_picked":["Endless Agony","Hidden Blade","Sucker Punch"],"picked":"SKIP","floor":27},{"not_picked":["PiercingWail+1","Well Laid Plans"],"picked":"Phantasmal Killer","floor":28},{"not_picked":["Flying Knee","Quick Slash"],"picked":"Slice","floor":31}],"player_experience":279594,"relics_obtained":[{"floor":6,"key":"Bottled Lightning"},{"floor":8,"key":"Replay:PocketPolymizer"},{"floor":9,"key":"hubris:CuriousFeather"},{"floor":26,"key":"Oddly Smooth Stone"},{"floor":31,"key":"PreservedInsect"}],"event_choices":[{"cards_removed":["Strike_G"],"damage_healed":0,"gold_gain":0,"player_choice":"Purged","damage_taken":0,"max_hp_gain":0,"max_hp_loss":0,"event_name":"Purifier","floor":14,"gold_loss":0},{"damage_healed":0,"gold_gain":0,"player_choice":"Paid Fearfully","damage_taken":0,"max_hp_gain":0,"max_hp_loss":0,"event_name":"Masked Bandits","floor":22,"gold_loss":308},{"damage_healed":0,"gold_gain":99,"player_choice":"Stole From Cult","damage_taken":0,"max_hp_gain":0,"max_hp_loss":0,"event_name":"Nest","floor":29,"gold_loss":0}],"is_beta":false,"boss_relics":[{"not_picked":["Kintsugi","halation:ForbiddenBikini"],"picked":"hubris:HollowSoul"}],"items_purged_floors":[3],"is_endless":false,"potions_floor_spawned":[1,5,12,16,21,28],"killed_by":"Champ","ascension_level":4}}