{"host":"at0t1xvvdwuey7rt","time":1612818636,"event":{"mods":["BaseMod","Downfall","Minty Spire (QoL Compilation)","StSLib"],"gold_per_floor":[114,114,134,134,134,134,147,0,0,0,33,33,43,62,62,167,167,178,190,190,190,200,200,212,212,236,236,236],"floor_reached":27,"language":"ENG","playtime":2462,"items_purged":[],"score":213,"play_id":"39dec63f-2a87-4a4a-bfaf-fea9c882f2a4","local_time":"20210208151036","is_ascension_mode":false,"campfire_choices":[{"data":"Eruption","floor":6,"key":"SMITH"},{"floor":12,"key":"REST"},{"floor":15,"key":"REST"},{"floor":23,"key":"REST"},{"floor":25,"key":"REST"}],"circlet_count":0,"master_deck":["Strike_P","Strike_P","Strike_P","Strike_P","Defend_P","Defend_P","Defend_P+1","Defend_P+1","Eruption+1","Vigilance","BowlingBash","Conclude+1","DeceiveReality","Vengeance+1","Pray+1","Crescendo+1","DeusExMachina+1","CurseOfTheBell","Halt+1","Evaluate+1","Protect+1","Evaluate+1"],"relics":["PureWater","Nunchaku","Boot","Toxic Egg 2","White Beast Statue","Calling Bell","Omamori","InkBottle","Ginger","War Paint"],"acts_visited":["Exordium","TheCity"],"potions_floor_usage":[11,16,16,22],"damage_taken":[{"damage":1,"enemies":"2 Louse","floor":1,"turns":4},{"damage":2,"enemies":"Small Slimes","floor":3,"turns":3},{"damage":1,"enemies":"Jaw Worm","floor":7,"turns":3},{"damage":29,"enemies":"Lagavulin","floor":11,"turns":7},{"damage":3,"enemies":"3 Louse","floor":13,"turns":3},{"damage":6,"enemies":"Large Slime","floor":14,"turns":4},{"damage":58,"enemies":"Hexaghost","floor":16,"turns":10},{"damage":13,"enemies":"Shell Parasite","floor":18,"turns":6},{"damage":10,"enemies":"2 Thieves","floor":19,"turns":3},{"damage":0,"enemies":"3 Cultists","floor":22,"turns":4},{"damage":18,"enemies":"Sentry and Sphere","floor":24,"turns":4},{"damage":114,"enemies":"Snecko","floor":27,"turns":7}],"seed_played":"7640132257741123626","potions_obtained":[{"floor":1,"key":"DistilledChaos"},{"floor":13,"key":"Strength Potion"},{"floor":14,"key":"LiquidBronze"},{"floor":16,"key":"BottledMiracle"},{"floor":18,"key":"StancePotion"},{"floor":19,"key":"Dexterity Potion"},{"floor":22,"key":"Weak Potion"},{"floor":24,"key":"StancePotion"}],"is_trial":false,"path_per_floor":["M","?","M","?","?","R","M","$","T","$","E","R","M","M","R","B",null,"M","M","?","?","M","R","M","R","T","M"],"character_chosen":"WATCHER","items_purchased":["Boot"],"campfire_rested":4,"item_purchase_floors":[8],"current_hp_per_floor":[71,71,69,69,69,69,68,68,68,68,39,60,57,51,72,14,72,59,49,49,49,49,70,52,72,72,0,0],"gold":236,"neow_bonus":"RANDOM_COMMON_RELIC","is_daily":false,"chose_seed":false,"campfire_upgraded":1,"win_rate":0.0,"timestamp":1612818636,"path_taken":["M","?","M","?","?","R","M","$","T","?","E","R","M","M","R","BOSS","M","M","?","?","?","R","M","R","T","M"],"items_purchased_type":["Relic"],"build_version":"2020-12-22","purchased_purges":0,"victory":false,"max_hp_per_floor":[72,72,72,72,72,72,72,72,72,72,72,72,72,72,72,72,72,72,72,72,72,72,72,72,72,72,72,72],"card_choices":[{"not_picked":["Vengeance","InnerPeace"],"picked":"BowlingBash","floor":1},{"not_picked":["CrushJoints","DeceiveReality"],"picked":"Conclude","floor":3},{"not_picked":["CutThroughFate","FlurryOfBlows"],"picked":"DeceiveReality","floor":7},{"not_picked":["Crescendo+1","Tantrum"],"picked":"Vengeance+1","floor":11},{"not_picked":["WreathOfFlame+1","Wallop"],"picked":"Pray+1","floor":13},{"not_picked":["ThirdEye+1","Consecrate"],"picked":"Crescendo+1","floor":14},{"not_picked":["Omniscience+1","LessonLearned"],"picked":"DeusExMachina+1","floor":16},{"not_picked":["Worship+1","FlurryOfBlows"],"picked":"Halt+1","floor":18},{"not_picked":["Wallop","FollowUp"],"picked":"Evaluate+1","floor":19},{"not_picked":["CutThroughFate","Crescendo+1"],"picked":"Protect+1","floor":22},{"not_picked":["Sanctity+1","Nirvana"],"picked":"Evaluate+1","floor":24}],"player_experience":134515,"relics_obtained":[{"floor":9,"key":"Toxic Egg 2"},{"floor":11,"key":"White Beast Statue"},{"floor":17,"key":"Omamori"},{"floor":17,"key":"InkBottle"},{"floor":17,"key":"Ginger"},{"floor":26,"key":"War Paint"}],"event_choices":[{"damage_healed":0,"gold_gain":0,"player_choice":"Fled","damage_taken":0,"max_hp_gain":0,"max_hp_loss":0,"event_name":"Scrap Ooze","floor":2,"gold_loss":0},{"damage_healed":0,"gold_gain":0,"player_choice":"Leave","damage_taken":0,"max_hp_gain":0,"max_hp_loss":0,"event_name":"The Cleric","floor":4,"gold_loss":0},{"damage_healed":0,"gold_gain":0,"player_choice":"Ignored","damage_taken":0,"max_hp_gain":0,"max_hp_loss":0,"event_name":"Liars Game","floor":5,"gold_loss":0},{"damage_healed":0,"gold_gain":0,"player_choice":"Ignored","damage_taken":0,"max_hp_gain":0,"max_hp_loss":0,"event_name":"Vampires","floor":20,"gold_loss":0},{"damage_healed":0,"gold_gain":0,"player_choice":"Upgraded","damage_taken":0,"max_hp_gain":0,"max_hp_loss":0,"event_name":"Upgrade Shrine","floor":21,"gold_loss":0,"cards_upgraded":["Conclude"]}],"is_beta":false,"boss_relics":[{"not_picked":["Busted Crown","Astrolabe"],"picked":"Calling Bell"}],"items_purged_floors":[],"is_endless":false,"potions_floor_spawned":[1,13,14,16,18,19,22,24],"killed_by":"Snecko","ascension_level":0}}