{"host":"d4hjo1dp8g06u19c","time":1612770054,"event":{"mods":["Act Like it!","Arknights","BaseMod","Colored Map","Colored Powertips","Downfall","Marisa£®ÏF”Í°°ƒß¿Ì…≥£©","Minty Spire (QoL Compilation)","Quick Restart","Shop Mod","Spicy Shops","StSLib","The Animator","UnlockEverythingMod","Youmu£®ªÍ∆«—˝√Œ£©"],"gold_per_floor":[367,387,406,424,424,453,468,479,548,562,581,132,132,158,158,158,158],"floor_reached":16,"language":"ZHS","playtime":855,"items_purged":["Regret","ats:Defend"],"score":116,"play_id":"a00181ea-b6d3-4cb9-ba01-1e5b4f8a799f","local_time":"20210208154054","is_ascension_mode":false,"campfire_choices":[{"floor":15,"key":"REST"}],"circlet_count":0,"master_deck":["ats:Strike C","ats:Strike G","ats:Strike S","ats:Strike V","ats:Armor Crushing Shot+1","ats:Defend","ats:Defend","ats:Defend","ats:Emotion Absorption","ats:Red Shift","ats:Blood Oath","ats:Guard Mode","ats:Cat Scratch","ats:Shell Defense","ats:Shell Defense","ats:Blood Oath","ats:Apocalypse","ats:Explosion Area Strengthen","ats:Revitalization"],"relics":["ats:Sanity","Smiling Mask","ats:Originium","Incense Burner","Letter Opener","ats:Industrial Water Cannon","ats:Gyao"],"acts_visited":["Exordium"],"potions_floor_usage":[8,14,14,14,14],"damage_taken":[{"damage":7,"enemies":"2 Louse","floor":1,"turns":3},{"damage":6,"enemies":"Jaw Worm","floor":2,"turns":3},{"damage":0,"enemies":"Cultist","floor":3,"turns":2},{"damage":5,"enemies":"Looter","floor":4,"turns":4},{"damage":30,"enemies":"Gremlin Nob","floor":6,"turns":5},{"damage":7,"enemies":"Blue Slaver","floor":7,"turns":3},{"damage":10,"enemies":"Lots of Slimes","floor":8,"turns":4},{"damage":33,"enemies":"Exordium Wildlife","floor":10,"turns":6},{"damage":5,"enemies":"3 Louse","floor":11,"turns":2},{"damage":27,"enemies":"3 Sentries","floor":14,"turns":5},{"damage":14,"enemies":"Slime Boss","floor":16,"turns":6}],"seed_played":"7723763707704282683","potions_obtained":[{"floor":1,"key":"DuplicationPotion"},{"floor":6,"key":"PowerPotion"},{"floor":7,"key":"Regen Potion"}],"is_trial":false,"path_per_floor":["M","M","M","M","?","E","M","M","T","M","M","$","?","E","R","B"],"character_chosen":"DOCTOR_CLASS","items_purchased":["ats:Industrial Water Cannon","Fire Potion"],"campfire_rested":1,"item_purchase_floors":[12,12],"current_hp_per_floor":[58,52,55,56,56,32,28,30,30,14,15,15,15,13,32,39,39],"gold":158,"neow_bonus":"TWO_FIFTY_GOLD","is_daily":false,"chose_seed":false,"campfire_upgraded":0,"win_rate":0.0,"timestamp":1612770054,"path_taken":["M","M","M","M","?","E","M","M","T","M","M","$","?","E","R","BOSS"],"items_purchased_type":["Relic","Potion"],"build_version":"2020-12-22","purchased_purges":2,"victory":false,"max_hp_per_floor":[65,65,65,65,65,65,65,65,65,65,65,65,65,65,65,65,65],"card_choices":[{"not_picked":["ats:Serious Mode","ats:Overload"],"picked":"ats:Red Shift","floor":1},{"not_picked":["ats:Hammer On","ats:Very Hot Blade"],"picked":"ats:Blood Oath","floor":2},{"not_picked":["ats:Revitalization","ats:Leaping Hammer"],"picked":"ats:Guard Mode","floor":3},{"not_picked":["ats:Powerful Strike","ats:Leaping Hammer"],"picked":"ats:Cat Scratch","floor":4},{"not_picked":["ats:Neurotoxin","ats:Mental Burst"],"picked":"ats:Shell Defense","floor":6},{"not_picked":["ats:Guard Mode","ats:Consecutive Shot Auto"],"picked":"ats:Shell Defense","floor":7},{"not_picked":["ats:Poison Spread","ats:Magnetic Hammer"],"picked":"ats:Blood Oath","floor":8},{"not_picked":["ats:Very Hot Blade","ats:Magnetic Hammer"],"picked":"ats:Apocalypse","floor":10},{"not_picked":["ats:Very Hot Blade","ats:Powerful Strike"],"picked":"ats:Explosion Area Strengthen","floor":11},{"not_picked":["ats:Durian","ats:Absolute Focus"],"picked":"ats:Revitalization","floor":14}],"player_experience":128382,"relics_obtained":[{"floor":6,"key":"ats:Originium"},{"floor":6,"key":"Incense Burner"},{"floor":9,"key":"Letter Opener"},{"floor":14,"key":"ats:Originium"},{"floor":14,"key":"ats:Gyao"}],"event_choices":[{"damage_healed":0,"gold_gain":0,"player_choice":"Box","damage_taken":0,"relics_obtained":["Smiling Mask"],"max_hp_gain":0,"max_hp_loss":0,"event_name":"Big Fish","floor":5,"gold_loss":0,"cards_obtained":["Regret"]},{"damage_healed":0,"gold_gain":0,"player_choice":"Grow","damage_taken":0,"max_hp_gain":0,"max_hp_loss":0,"event_name":"Living Wall","floor":13,"gold_loss":0,"cards_upgraded":["ats:Armor Crushing Shot"]}],"is_beta":false,"boss_relics":[],"items_purged_floors":[12,12],"is_endless":false,"potions_floor_spawned":[1,6,7],"killed_by":"Slime Boss","ascension_level":0}}