{"host":"41vgbr386mrj4p17","time":1612769714,"event":{"mods":["AchievementEnabler","AlwaysNeverKeys","BaseMod","Bestiary","Better Altar","Better Match","Better Note","Better Sensory Stone","Better Skull","Better Third Choice","Colored Map","Curses Come First","Downfall","Googly Eyes","Hermit","Highlight Path","Minty Spire (QoL Compilation)","Shade Mod","StSLib","The Cursed"],"gold_per_floor":[119,15,15,31,106,106,126,155,155,180,180,206,224,251,251,351,351,369,369,12,12,30,30,61,61,61,61,386,386,386,386],"floor_reached":30,"language":"ENG","playtime":1721,"items_purged":["TheCursedMod:Strike_TheCursed"],"score":444,"play_id":"71a309f7-8fe3-483d-8ff9-e95825a7352d","local_time":"20210208023514","is_ascension_mode":true,"campfire_choices":[{"data":"TheCursedMod:CleanUpWorkshop","floor":6,"key":"SMITH"},{"floor":11,"key":"REST"},{"floor":15,"key":"REST"},{"data":"TheCursedMod:HellfireBreathing","floor":23,"key":"SMITH"},{"data":"TheCursedMod:VoidForm","floor":25,"key":"SMITH"},{"data":"TheCursedMod:CursedSpellbook","floor":27,"key":"SMITH"},{"data":"TheCursedMod:FleshFromBone","floor":29,"key":"SMITH"}],"circlet_count":0,"master_deck":["TheCursedMod:Strike_TheCursed","TheCursedMod:Strike_TheCursed","TheCursedMod:Strike_TheCursed","TheCursedMod:Defend_TheCursed","TheCursedMod:Defend_TheCursed","TheCursedMod:Defend_TheCursed","TheCursedMod:CursedWand","TheCursedMod:CleanUpWorkshop+1","TheCursedMod:Dregs","TheCursedMod:Stigma","TheCursedMod:CursedShiv","TheCursedMod:HellfireBreathing+1","TheCursedMod:FleshFromBone+1","TheCursedMod:CursedShiv","TheCursedMod:VoidForm+1","TheCursedMod:SurpriseAttack+1","TheCursedMod:CollectTribute+1","TheCursedMod:CursedSpellbook+1"],"relics":["TheCursedMod:BlackMagic101","Ice Cream","Thread and Needle","TheCursedMod:Tack","Centennial Puzzle","Bag of Preparation","Coffee Dripper","Blood Vial","CaptainsWheel","Singing Bowl","Old Coin"],"acts_visited":["Exordium","TheCity"],"potions_floor_usage":[2,8,10,12,12,30],"damage_taken":[{"damage":1,"enemies":"Small Slimes","floor":1,"turns":4},{"damage":1,"enemies":"2 Louse","floor":4,"turns":2},{"damage":0,"enemies":"Cultist","floor":7,"turns":3},{"damage":30,"enemies":"Lagavulin","floor":8,"turns":6},{"damage":12,"enemies":"Gremlin Nob","floor":10,"turns":4},{"damage":16,"enemies":"3 Sentries","floor":12,"turns":7},{"damage":13,"enemies":"Large Slime","floor":13,"turns":6},{"damage":14,"enemies":"Gremlin Nob","floor":14,"turns":4},{"damage":15,"enemies":"Hexaghost","floor":16,"turns":9},{"damage":5,"enemies":"Chosen","floor":18,"turns":4},{"damage":9,"enemies":"Shell Parasite","floor":22,"turns":4},{"damage":56,"enemies":"Slavers","floor":24,"turns":4},{"damage":0,"enemies":"Book of Stabbing","floor":28,"turns":4},{"damage":18,"enemies":"Slavers","floor":30,"turns":2}],"seed_played":"-8060263874520136723","potions_obtained":[{"floor":1,"key":"champ:CounterPotion"},{"floor":7,"key":"LiquidBronze"},{"floor":8,"key":"SkillPotion"},{"floor":10,"key":"PowerPotion"},{"floor":28,"key":"LiquidBronze"}],"is_trial":false,"path_per_floor":["M","$","?","M","?","R","M","E","T","E","R","E","M","E","R","B",null,"M","?","$","?","M","R","E","R","T","R","E","R","E"],"character_chosen":"THE_CURSED","items_purchased":["Fruit Juice","TheCursedMod:CollectTribute","Blood Vial"],"campfire_rested":2,"item_purchase_floors":[2,20,20],"current_hp_per_floor":[74,79,79,78,67,67,67,37,37,25,51,35,22,8,34,19,70,65,65,65,65,58,58,4,4,4,4,8,8,0,0],"gold":386,"neow_bonus":"TEN_PERCENT_HP_BONUS","is_daily":false,"chose_seed":false,"campfire_upgraded":5,"win_rate":0.0,"timestamp":1612769714,"path_taken":["M","$","?","M","?","R","M","E","T","E","R","E","M","E","R","BOSS","M","?","$","?","?","R","E","R","T","R","E","R","E"],"items_purchased_type":["Potion","Card","Relic"],"build_version":"2020-12-22","purchased_purges":1,"victory":false,"max_hp_per_floor":[82,87,87,87,87,87,87,87,87,87,87,87,87,87,87,87,87,87,87,87,87,87,87,87,87,87,87,89,89,89,89],"card_choices":[{"not_picked":["TheCursedMod:SoulCrush","TheCursedMod:Grudge"],"picked":"TheCursedMod:Stigma","floor":1},{"not_picked":["TheCursedMod:SpreadPlague","TheCursedMod:ManaBullet"],"picked":"TheCursedMod:CursedShiv","floor":4},{"not_picked":["TheCursedMod:CursedBlade","TheCursedMod:WearCloak"],"picked":"TheCursedMod:HellfireBreathing","floor":7},{"not_picked":["TheCursedMod:AbyssShockwave","TheCursedMod:Wield","TheCursedMod:CursedStaff"],"picked":"SKIP","floor":8},{"not_picked":["TheCursedMod:CircleOfCorruption","TheCursedMod:SurpriseAttack"],"picked":"TheCursedMod:FleshFromBone","floor":10},{"not_picked":["TheCursedMod:Neurasthenia","TheCursedMod:CircleOfFlame","TheCursedMod:SaltUponWound"],"picked":"SKIP","floor":12},{"not_picked":["TheCursedMod:CursedBlade","TheCursedMod:Wield","TheCursedMod:SoulCrush"],"picked":"SKIP","floor":13},{"not_picked":["TheCursedMod:Torture","TheCursedMod:SaltUponWound"],"picked":"TheCursedMod:CursedShiv","floor":14},{"not_picked":["TheCursedMod:DemonicPact","TheCursedMod:ForbiddenAlchemy"],"picked":"TheCursedMod:VoidForm","floor":16},{"not_picked":["TheCursedMod:Wield","TheCursedMod:RavingStaff"],"picked":"TheCursedMod:SurpriseAttack+1","floor":18},{"not_picked":["TheCursedMod:RavingStaff","TheCursedMod:Stigma"],"picked":"TheCursedMod:CursedSpellbook","floor":22},{"not_picked":["TheCursedMod:SpitefulStrike+1","TheCursedMod:Torture+1","TheCursedMod:VitalStrike"],"picked":"SKIP","floor":24},{"not_picked":["TheCursedMod:WearCloak","TheCursedMod:Torture","TheCursedMod:Neurasthenia"],"picked":"Singing Bowl","floor":28}],"player_experience":1050668,"relics_obtained":[{"floor":8,"key":"Ice Cream"},{"floor":9,"key":"Thread and Needle"},{"floor":10,"key":"TheCursedMod:Tack"},{"floor":12,"key":"Centennial Puzzle"},{"floor":14,"key":"Bag of Preparation"},{"floor":24,"key":"CaptainsWheel"},{"floor":26,"key":"Singing Bowl"},{"floor":28,"key":"Old Coin"}],"event_choices":[{"cards_removed":["TheCursedMod:Defend_TheCursed"],"damage_healed":0,"gold_gain":0,"player_choice":"Forget","damage_taken":0,"max_hp_gain":0,"max_hp_loss":0,"event_name":"Living Wall","floor":3,"gold_loss":0},{"damage_healed":0,"gold_gain":75,"player_choice":"Gold","damage_taken":11,"max_hp_gain":0,"max_hp_loss":0,"event_name":"betterThird:BetterGoop","floor":5,"gold_loss":0},{"damage_healed":0,"gold_gain":0,"player_choice":"Ignored","damage_taken":0,"max_hp_gain":0,"max_hp_loss":0,"event_name":"Ghosts","floor":19,"gold_loss":0},{"damage_healed":0,"gold_gain":0,"player_choice":"Forge","damage_taken":0,"max_hp_gain":0,"max_hp_loss":0,"event_name":"Accursed Blacksmith","floor":21,"gold_loss":0,"cards_upgraded":["TheCursedMod:CollectTribute"]}],"is_beta":false,"boss_relics":[{"not_picked":["Snecko Eye","Philosopher\u0027s Stone"],"picked":"Coffee Dripper"}],"items_purged_floors":[20],"is_endless":false,"potions_floor_spawned":[1,7,8,10,28],"killed_by":"Slavers","ascension_level":8}}