{"host":"42037lo9e0pj78nv","time":1612755486,"event":{"mods":["AchievementEnabler","BaseMod","Downfall","Hermit","Highlight Path","Minty Spire (QoL Compilation)","Replay The Spire","Robot Space Explorer","Shop Mod","StSLib","The Marked","The Necromancer"],"gold_per_floor":[116,116,291,311,311,311,60,60,60,60,80,93,18,43,43,164,164,180,180,180,193,118,159,159,159,237,237,253,267,291,51,51,180,180,196,259,310,643,643,643],"floor_reached":41,"language":"ENG","playtime":6268,"items_purged":["Doubt"],"score":597,"play_id":"ea2a2018-3f7e-4c06-8b1d-30a15a1d810c","local_time":"20210207193806","is_ascension_mode":false,"campfire_choices":[{"floor":6,"key":"REST"},{"floor":8,"key":"RECALL"},{"data":"ReplayTheSpireMod:Faulty Equipment","floor":25,"key":"SMITH"},{"floor":27,"key":"REST"},{"floor":32,"key":"DIG"}],"circlet_count":0,"master_deck":["RobotSpaceExplorer:Strike","RobotSpaceExplorer:Strike+1","RobotSpaceExplorer:Strike","RobotSpaceExplorer:Strike","RobotSpaceExplorer:Defend","RobotSpaceExplorer:Defend","RobotSpaceExplorer:Defend","RobotSpaceExplorer:Scan","RobotSpaceExplorer:MiniLasers","RobotSpaceExplorer:Probe+1","RobotSpaceExplorer:MiniBoosters","RobotSpaceExplorer:LuckyStrike","Crow Ritual","RobotSpaceExplorer:ShockKick","RobotSpaceExplorer:Discharger","RobotSpaceExplorer:ScrapMissile+1","RobotSpaceExplorer:Asteroid+1","Hallucinations","RobotSpaceExplorer:SurgingShield","Crow Ritual","RobotSpaceExplorer:ShovelStrike+1","RobotSpaceExplorer:DoubleBlock","Iron Wave","ReplayTheSpireMod:Faulty Equipment","ReplayTheSpireMod:Doomed","RobotSpaceExplorer:TurboDodge+1","RobotSpaceExplorer:Pulsar+1","RobotSpaceExplorer:ScrapMissile+1","RobotSpaceExplorer:ChargingLaser","RobotSpaceExplorer:SlimeMissile","RobotSpaceExplorer:Pulsar+1","ReplayTheSpireMod:Splinters","RobotSpaceExplorer:StarDust+1"],"relics":["RobotSpaceExplorer:RoboCore","Replay:Rubber Ducky","Replay:Ancient Bell","Bag of Preparation","InkBottle","RobotSpaceExplorer:ToughPlating","downfall:ExtraCursedKey","Bottled Lightning","Toxic Egg 2","HornCleat","Whetstone","Fusion Hammer","Shovel","Eternal Feather"],"acts_visited":["Exordium","TheCity","TheBeyond"],"potions_floor_usage":[],"damage_taken":[{"damage":5,"enemies":"Jaw Worm","floor":1,"turns":5},{"damage":2,"enemies":"Small Slimes","floor":4,"turns":5},{"damage":1,"enemies":"2 Louse","floor":11,"turns":3},{"damage":8,"enemies":"Red Slaver","floor":12,"turns":5},{"damage":0,"enemies":"Blue Slaver","floor":14,"turns":4},{"damage":64,"enemies":"The Guardian","floor":16,"turns":17},{"damage":10,"enemies":"2 Thieves","floor":18,"turns":4},{"damage":0,"enemies":"Chosen","floor":21,"turns":3},{"damage":6,"enemies":"Book of Stabbing","floor":23,"turns":5},{"damage":0,"enemies":"Centurion and Healer","floor":28,"turns":6},{"damage":4,"enemies":"Shelled Parasite and Fungi","floor":29,"turns":5},{"damage":4,"enemies":"Snake Plant","floor":30,"turns":5},{"damage":30,"enemies":"Pondfish","floor":33,"turns":18},{"damage":0,"enemies":"3 Darklings","floor":35,"turns":5},{"damage":9,"enemies":"Mind Bloom Boss Battle","floor":36,"turns":7},{"damage":38,"enemies":"Replay:Hell Engine","floor":40,"turns":13}],"seed_played":"-7851730407796395681","potions_obtained":[{"floor":12,"key":"Ancient Potion"},{"floor":14,"key":"SpeedPotion"},{"floor":23,"key":"FearPotion"},{"floor":28,"key":"Energy Potion"},{"floor":37,"key":"Flashbang"}],"is_trial":false,"path_per_floor":["M","?","?","M","?","R","$","R","T","?","M","M","$","M","R","B",null,"M","?","?","M","?","E","?","R","T","R","M","M","M","$","R","B",null,"M","?","?","?","?","B",null],"character_chosen":"RobotSpaceExplorer","items_purchased":["RobotSpaceExplorer:LuckyStrike","Crow Ritual","HornCleat"],"campfire_rested":2,"item_purchase_floors":[7,7,31],"current_hp_per_floor":[77,76,76,74,59,76,76,76,76,69,68,60,60,60,76,12,76,66,66,66,66,66,60,60,60,60,76,76,72,68,68,68,38,76,76,67,67,67,67,29],"gold":643,"neow_bonus":"TEN_PERCENT_HP_BONUS","is_daily":false,"chose_seed":false,"campfire_upgraded":1,"win_rate":0.0,"timestamp":1612755486,"path_taken":["M","?","?","M","?","R","?","R","T","?","M","M","$","?","R","BOSS","M","?","?","?","?","E","?","R","T","R","M","M","?","$","R","BOSS","M","?","?","?","?","BOSS"],"items_purchased_type":["Card","Card","Relic"],"build_version":"2020-12-22","purchased_purges":1,"victory":true,"max_hp_per_floor":[82,76,76,76,76,76,76,76,76,76,76,76,76,76,76,76,76,76,76,76,76,76,76,76,76,76,76,76,76,76,76,76,76,76,76,76,76,76,76,76],"card_choices":[{"not_picked":["RobotSpaceExplorer:FreezingShield","RobotSpaceExplorer:Fix"],"picked":"RobotSpaceExplorer:Probe","floor":1},{"not_picked":["RobotSpaceExplorer:FrostMissile","RobotSpaceExplorer:ScrapToss"],"picked":"RobotSpaceExplorer:MiniBoosters","floor":4},{"not_picked":["RobotSpaceExplorer:FrostMissile","RobotSpaceExplorer:StunGrenade"],"picked":"RobotSpaceExplorer:ShockKick","floor":11},{"not_picked":["RobotSpaceExplorer:FreezingShield","RobotSpaceExplorer:Ammunition"],"picked":"RobotSpaceExplorer:Discharger","floor":12},{"not_picked":["RobotSpaceExplorer:Scanner","RobotSpaceExplorer:FranticSearch"],"picked":"RobotSpaceExplorer:ScrapMissile","floor":14},{"not_picked":["RobotSpaceExplorer:Autoloader","RobotSpaceExplorer:DroneSwarm"],"picked":"RobotSpaceExplorer:Asteroid","floor":16},{"not_picked":["Delirium","hermit:ImpendingDoom"],"picked":"ReplayTheSpireMod:Doomed","floor":17},{"not_picked":["Normality","downfall:Bewildered"],"picked":"ReplayTheSpireMod:Faulty Equipment","floor":17},{"not_picked":["Doubt","downfall:Icky"],"picked":"Hallucinations","floor":17},{"not_picked":["RobotSpaceExplorer:StunGrenade+1","RobotSpaceExplorer:ShockKick"],"picked":"RobotSpaceExplorer:SurgingShield","floor":18},{"not_picked":["RobotSpaceExplorer:TrailblazerForm","RobotSpaceExplorer:Pulsar"],"picked":"RobotSpaceExplorer:ShovelStrike+1","floor":21},{"not_picked":["RobotSpaceExplorer:JunkDive","RobotSpaceExplorer:SelfCleaning+1"],"picked":"RobotSpaceExplorer:DoubleBlock","floor":23},{"not_picked":["RobotSpaceExplorer:Ammunition+1","RobotSpaceExplorer:MiniDrones"],"picked":"RobotSpaceExplorer:TurboDodge+1","floor":28},{"not_picked":["RobotSpaceExplorer:ImprovisedAttack","RobotSpaceExplorer:SurgingShield+1"],"picked":"RobotSpaceExplorer:Pulsar+1","floor":29},{"not_picked":["RobotSpaceExplorer:SurgingShield+1","RobotSpaceExplorer:DualCore"],"picked":"RobotSpaceExplorer:ScrapMissile","floor":30},{"not_picked":["RobotSpaceExplorer:Wormhole+1","RobotSpaceExplorer:Autoloader"],"picked":"RobotSpaceExplorer:ChargingLaser","floor":33},{"not_picked":["RobotSpaceExplorer:SelfCleaning+1","RobotSpaceExplorer:RigExplosive+1"],"picked":"RobotSpaceExplorer:SlimeMissile","floor":35},{"not_picked":["RobotSpaceExplorer:Ammunition+1","RobotSpaceExplorer:Counterblock+1"],"picked":"RobotSpaceExplorer:Pulsar+1","floor":36},{"not_picked":["RobotSpaceExplorer:MiniDrones","RobotSpaceExplorer:MetalStrike+1"],"picked":"RobotSpaceExplorer:StarDust+1","floor":37}],"player_experience":77723,"relics_obtained":[{"floor":23,"key":"Bottled Lightning"},{"floor":26,"key":"Toxic Egg 2"},{"floor":32,"key":"Whetstone"},{"floor":36,"key":"Shovel"},{"floor":37,"key":"Eternal Feather"}],"event_choices":[{"damage_healed":0,"gold_gain":0,"player_choice":"Lose Max HP","damage_taken":0,"relics_obtained":["Golden Idol"],"max_hp_gain":0,"max_hp_loss":6,"event_name":"Golden Idol","floor":2,"gold_loss":0},{"damage_healed":0,"gold_gain":175,"player_choice":"AGREE","damage_taken":0,"max_hp_gain":0,"max_hp_loss":0,"event_name":"Liars Game","floor":3,"gold_loss":0,"cards_obtained":["Doubt"]},{"damage_healed":0,"gold_gain":0,"player_choice":"Entered Light","damage_taken":15,"max_hp_gain":0,"max_hp_loss":0,"event_name":"Shining Light","floor":5,"gold_loss":0,"cards_upgraded":["RobotSpaceExplorer:Strike","RobotSpaceExplorer:Probe"]},{"damage_healed":0,"gold_gain":0,"player_choice":"Success","damage_taken":7,"relics_obtained":["Replay:Rubber Ducky"],"max_hp_gain":0,"max_hp_loss":0,"event_name":"Scrap Ooze","floor":10,"gold_loss":0},{"damage_healed":0,"gold_gain":0,"player_choice":"Copied","damage_taken":0,"max_hp_gain":0,"max_hp_loss":0,"event_name":"Duplicator","floor":20,"gold_loss":0,"cards_obtained":["Crow Ritual"]},{"cards_removed":["ReplayTheSpireMod:Doomed"],"damage_healed":0,"gold_gain":0,"player_choice":"Gave Gold","damage_taken":0,"max_hp_gain":0,"max_hp_loss":0,"event_name":"Beggar","floor":22,"gold_loss":75},{"cards_removed":["RobotSpaceExplorer:Defend"],"damage_healed":0,"gold_gain":0,"player_choice":"Took Card","damage_taken":0,"max_hp_gain":0,"max_hp_loss":0,"event_name":"NoteForYourself","floor":24,"gold_loss":0,"cards_obtained":["Iron Wave"]},{"damage_healed":0,"gold_gain":0,"player_choice":"Fight","damage_taken":0,"max_hp_gain":0,"max_hp_loss":0,"event_name":"MindBloom","floor":36,"gold_loss":0},{"damage_healed":0,"gold_gain":333,"player_choice":"Gave Idol","damage_taken":0,"max_hp_gain":0,"max_hp_loss":0,"event_name":"The Moai Head","floor":38,"relics_lost":["Golden Idol"],"gold_loss":0},{"damage_healed":0,"gold_gain":0,"player_choice":"Took Portal","damage_taken":0,"max_hp_gain":0,"max_hp_loss":0,"event_name":"SecretPortal","floor":39,"gold_loss":0}],"is_beta":false,"boss_relics":[{"not_picked":["Pandora\u0027s Box","Cursed Key"],"picked":"Replay:Ancient Bell"},{"not_picked":["MawBank","Grinning Jar"],"picked":"Bag of Preparation"},{"not_picked":["Gremlin Horn","The Courier"],"picked":"InkBottle"},{"not_picked":["Counterbalance","Pocketwatch"],"picked":"RobotSpaceExplorer:ToughPlating"},{"not_picked":["SlaversCollar","Kintsugi"],"picked":"Fusion Hammer"}],"items_purged_floors":[13],"is_endless":false,"potions_floor_spawned":[12,14,23,28],"ascension_level":0}}