{"host":"rq7gz685gkaokql0","time":1612811598,"event":{"mods":["BaseMod","Hubris","Infinite Spire","Minty Spire (QoL Compilation)","Replay The Spire","StSLib"],"gold_per_floor":[118,118,134,18,31,61,76,76,157,157,307,342,0,13,13,85,85,97,75,75,75],"floor_reached":20,"language":"ENG","playtime":917,"items_purged":[],"score":368,"play_id":"c06889c4-c702-48db-8c8a-a8b657121da0","local_time":"20210208091318","is_ascension_mode":true,"campfire_choices":[{"floor":8.0,"key":"REST"},{"data":"Envenom","floor":15.0,"key":"SMITH"}],"circlet_count":0,"master_deck":["AscendersBane","Strike_G","Strike_G","Strike_G","Strike_G","Strike_G","Defend_G","Defend_G","Defend_G","Defend_G","Defend_G","Survivor","Neutralize","PiercingWail","All Out Attack","After Image+1","After Image+1","Riddle With Holes","Blade Dance","Cloak And Dagger","Doubt","Envenom+1","Fluid Movement+1","Draining Mist","A Thousand Cuts","Poisoned Stab+1"],"relics":["NeowsBlessing","Singing Bowl","Question Card","Sizzling Blood","Kunai","Replay:Bottled Eggs","SlaversCollar"],"acts_visited":["Exordium","TheCity"],"potions_floor_usage":[],"damage_taken":[{"damage":0.0,"enemies":"Small Slimes","floor":1.0,"turns":1.0},{"damage":0.0,"enemies":"Cultist","floor":3.0,"turns":1.0},{"damage":0.0,"enemies":"Jaw Worm","floor":5.0,"turns":1.0},{"damage":22.0,"enemies":"3 Sentries","floor":6.0,"turns":9.0},{"damage":0.0,"enemies":"Looter","floor":7.0,"turns":3.0},{"damage":9.0,"enemies":"Lagavulin","floor":12.0,"turns":8.0},{"damage":9.0,"enemies":"2 Fungi Beasts","floor":14.0,"turns":4.0},{"damage":30.0,"enemies":"Slime Boss","floor":16.0,"turns":16.0},{"damage":24.0,"enemies":"Shell Parasite","floor":18.0,"turns":9.0},{"damage":23.0,"enemies":"2 Thieves","floor":19.0,"turns":5.0},{"damage":14,"enemies":"3 Cultists","floor":20,"turns":4}],"seed_played":"-5281109982090470012","potions_obtained":[{"floor":2.0,"key":"Ancient Potion"},{"floor":2.0,"key":"CultistPotion"},{"floor":3.0,"key":"PowerPotion"},{"floor":6.0,"key":"Adrenaline Potion"},{"floor":12.0,"key":"Energy Potion"},{"floor":16.0,"key":"Explosive Potion"}],"is_trial":false,"path_per_floor":["M","?","M","$","M","E","M","R","T","?","?","E","$","M","R","B",null,"M","M","M"],"character_chosen":"THE_SILENT","items_purchased":["After Image","Fluid Movement+1","Replay:Bottled Eggs"],"campfire_rested":1,"item_purchase_floors":[4,13,13],"current_hp_per_floor":[59,59,59,59,59,37,37,56,56,60,60,55,55,50,50,24,59,39,22,8,8],"gold":75,"neow_bonus":"THREE_ENEMY_KILL","is_daily":false,"chose_seed":false,"campfire_upgraded":1,"win_rate":0.0,"timestamp":1612811598,"path_taken":["M","?","?","$","M","E","M","R","T","?","?","E","$","M","R","BOSS","M","M","M"],"items_purchased_type":["Card","Card","Relic"],"build_version":"2020-12-22","purchased_purges":0,"victory":false,"max_hp_per_floor":[66,66,66,66,66,66,66,66,66,70,70,70,70,70,70,70,70,70,72,72,72],"card_choices":[{"not_picked":["Underhanded Strike","Bane"],"picked":"PiercingWail","floor":1.0},{"not_picked":["Tactician","Bane"],"picked":"All Out Attack","floor":3.0},{"not_picked":["Slice","Sneak Up"],"picked":"Riddle With Holes","floor":5.0},{"not_picked":["Catalyst","ReplayTheSpireMod:Exploit Weakness"],"picked":"Blade Dance","floor":6.0},{"not_picked":["Quick Slash","Backflip"],"picked":"Cloak And Dagger","floor":7.0},{"not_picked":["All Out Attack","Draining Mist","Choke"],"picked":"Envenom","floor":12.0},{"not_picked":["hubris:Counter","Flying Knee","Prepared"],"picked":"Draining Mist","floor":14.0},{"not_picked":["Wraith Form v2","Tools of the Trade","Grand Finale"],"picked":"A Thousand Cuts","floor":16.0},{"not_picked":["Blade Dance","Deadly Poison+1","Outmaneuver+1"],"picked":"Poisoned Stab+1","floor":18.0},{"not_picked":["Prepared","Backflip","Underhanded Strike","Blade Dance"],"picked":"Singing Bowl","floor":19.0}],"player_experience":1270579,"relics_obtained":[{"floor":6.0,"key":"Singing Bowl"},{"floor":9.0,"key":"Question Card"},{"floor":12.0,"key":"Kunai"}],"event_choices":[{"damage_healed":0.0,"max_hp_gain":0.0,"max_hp_loss":0.0,"gold_gain":0.0,"event_name":"Lab","player_choice":"Got Potions","floor":2.0,"gold_loss":0.0,"damage_taken":0.0},{"damage_healed":0.0,"max_hp_gain":0.0,"max_hp_loss":0.0,"gold_gain":150.0,"event_name":"Liars Game","player_choice":"AGREE","floor":11.0,"gold_loss":0.0,"damage_taken":0.0,"cards_obtained":["Doubt"]}],"is_beta":false,"boss_relics":[{"not_picked":["hubris:BlackHole","hubris:CrackedHourglass"],"picked":"SlaversCollar"}],"items_purged_floors":[],"is_endless":false,"potions_floor_spawned":[3,6,12,16],"killed_by":"3 Cultists","ascension_level":20}}