{"host":"5vt7i1s0igmi3yzq","time":1612812117,"event":{"mods":["2.2 Compatiblity","AchievementEnabler","Act Like it!","Ascension Reborn","Aspiration","BaseMod","Better Altar","Better Match","Better Note","Better Sensory Stone","Better Skull","Better Third Choice","Better Vampires","BetterRewards","Colored Powertips","Defuse TimeMaze Blight","Fox Events","Friendly Minions","GifTheSpireLib","Hermit","Highlight Path","JesterMod","Jorbs\u0027s Wanderer Trilogy","Marked Mod","Mimic Mod","Minty Spire (QoL Compilation)","Morshu Shopkeeper","Morshu Shopkeeper - ENHANCED","Pale of the Ancients","Permanent Neow","Random Character Button","Rare Cards Sparkle","Replay The Spire","Reworked Bosses","Shade Mod","Shop Mod","StSLib","Stuff the Spire","The Construct","The Cursed","TheVacant","Unceasing Turn Reminder","Wandering Minibosses","everything is the same but u backflip on backflip"],"gold_per_floor":[118,129,129,90,90,117,36,93,167,204,234,246,262,282,282,385,385,405,424,424,438,456,456,456,476,516,550,550,585,603,616,616,718,718,738,738,450,460,474,505,505,46,69,69,114,114,74,105,105,105,105,118,168,180,192,221,233,107,107,107],"floor_reached":61,"language":"ENG","playtime":5552,"items_purged":[],"score":1954,"play_id":"2a860b45-597a-4f63-a8f4-8ff2e055afbd","local_time":"20210208132157","is_ascension_mode":true,"campfire_choices":[{"data":"Vault","floor":23,"key":"SMITH"},{"floor":28,"key":"DIG"},{"floor":32,"key":"DIG"},{"floor":41,"key":"RECALL"},{"floor":44,"key":"DIG"},{"floor":49,"key":"DIG"},{"floor":55,"key":"DIG"},{"floor":57,"key":"DIG"}],"circlet_count":0,"master_deck":["TheCursedMod:Strike_TheCursed","TheCursedMod:Strike_TheCursed","TheCursedMod:Strike_TheCursed","TheCursedMod:Strike_TheCursed","TheCursedMod:Defend_TheCursed","TheCursedMod:Defend_TheCursed","TheCursedMod:Defend_TheCursed","TheCursedMod:Defend_TheCursed","TheCursedMod:CursedWand","TheCursedMod:CleanUpWorkshop","TheCursedMod:Dregs","TheCursedMod:Grudge","TheCursedMod:CircleOfBlood","Vault+1","TheCursedMod:CircleOfFlame+1","Burn","TheCursedMod:WearCloak+1","TheCursedMod:HellsGateOpen","TheCursedMod:ParallelWorld","TheCursedMod:FuryStrike","TheCursedMod:LuckyCharm+1","TheCursedMod:CircleOfFlame","TheCursedMod:CircleOfCorruption","TheCursedMod:ShockAndAwe","TheCursedMod:ForbiddenAlchemy","TheCursedMod:TroublousMinions","TheCursedMod:BlessingInDisguise+1","TheCursedMod:CursedSpellbook+1","TheCursedMod:Wield","StuffTheSpire:Harmony","Pain","TheCursedMod:Evocation+1","TheCursedMod:LuckyCharm","TheCursedMod:SpitefulStrike","TheCursedMod:WearCloak+1","TheCursedMod:EmpowerCircles","TheCursedMod:LuckyCharm","TheCursedMod:NeowsMight","TheCursedMod:PrepareRite","Chrysalis","Dramatic Entrance","TheCursedMod:LuckyCharm","TheCursedMod:CircleOfFlame+1","TheCursedMod:FleshFromBone","TheCursedMod:ForbiddenAlchemy","TheCursedMod:DemonSword+1","TheCursedMod:CircleOfAmplification","TheCursedMod:FuryStrike","TheCursedMod:LuckyCharm","ReplayTheSpireMod:Splinters","TheCursedMod:SpitefulStrike+1","TheCursedMod:DemonSword","TheCursedMod:TacticalStrike+1","TheCursedMod:CursedBoomerang","TheCursedMod:CircleOfAmplification+1","Pot Of Greed","Pot Of Greed","Pot Of Greed","Pot Of Greed","Pot Of Greed","TheCursedMod:SpitefulStrike","TheCursedMod:Hemoplague+1","TheCursedMod:SpitefulPlan+1","Flash of Steel+1"],"relics":["TheCursedMod:BlackMagic101","White Beast Statue","StrikeDummy","Bag of Preparation","Replay:Rubber Ducky","TheCursedMod:OminousMark","MutagenicStrength","StuffTheSpire:CocoNut","Shovel","Iron Hammer","Juzu Bracelet","Akabeko","SlaversCollar","Onion Ring","StuffTheSpire:Nightcore","Toolbox","StuffTheSpire:Barrel","Bronze Scales","Frozen Egg 2","Prayer Wheel","aspiration:HiddenCompartment","paleoftheancients:Timepiece","paleoftheancients:KeyRelic","CultistMask","paleoftheancients:SoulOfTheGuardian","Ring of Greed","ReplayTheSpireMod:Ring of Challenge","Golden Egg","MawBank","Unceasing Top","Grinning Jar","Replay:PocketPolymizer"],"acts_visited":["Exordium","TheCity","TheBeyond","TheBeyond"],"potions_floor_usage":[19,21,21,21,21,21,21,22,22,22,25,26,26,26,26,27,29,30,30,30,30,30,30,30,30,31,33,35,35,35,35,40,40,40,48,50,50,50,50,51,51,51,51,51,51,52,52,60],"damage_taken":[{"damage":0.0,"enemies":"2 Louse","floor":1.0,"turns":4.0},{"damage":1.0,"enemies":"Cultist","floor":2.0,"turns":4.0},{"damage":40.0,"enemies":"3 Sentries","floor":6.0,"turns":10.0},{"damage":6.0,"enemies":"Gremlin Nob","floor":8.0,"turns":7.0},{"damage":2.0,"enemies":"Small Slimes","floor":10.0,"turns":10.0},{"damage":19.0,"enemies":"Lagavulin","floor":11.0,"turns":5.0},{"damage":2.0,"enemies":"Small Slimes","floor":12.0,"turns":3.0},{"damage":6.0,"enemies":"2 Fungi Beasts","floor":13.0,"turns":7.0},{"damage":7.0,"enemies":"Large Slime","floor":14.0,"turns":6.0},{"damage":27.0,"enemies":"Hexaghost","floor":16.0,"turns":16.0},{"damage":10.0,"enemies":"2 Thieves","floor":18.0,"turns":3.0},{"damage":13,"enemies":"Chosen","floor":19,"turns":5},{"damage":18,"enemies":"Centurion and Healer","floor":21,"turns":5},{"damage":21,"enemies":"Cultist and Chosen","floor":22,"turns":7},{"damage":15,"enemies":"Snake Plant","floor":25,"turns":6},{"damage":1,"enemies":"3 Cultists","floor":26,"turns":3},{"damage":0,"enemies":"Replay:Snechameleon","floor":27,"turns":5},{"damage":5,"enemies":"Book of Stabbing","floor":29,"turns":4},{"damage":1,"enemies":"3 Cultists","floor":30,"turns":4},{"damage":8,"enemies":"Centurion and Healer","floor":31,"turns":7},{"damage":7,"enemies":"Pondfish","floor":33,"turns":9},{"damage":4,"enemies":"Orb Walker","floor":35,"turns":2},{"damage":0,"enemies":"3 Shapes","floor":38,"turns":1},{"damage":0,"enemies":"Jaw Worm Horde","floor":39,"turns":2},{"damage":36,"enemies":"Nemesis","floor":40,"turns":3},{"damage":4,"enemies":"Giant Head","floor":48,"turns":6},{"damage":6,"enemies":"bossMod:newAwakened","floor":50,"turns":10},{"damage":107,"enemies":"bossMod:newAwakened","floor":51,"turns":6},{"damage":51,"enemies":"bossMod:newAwakened","floor":52,"turns":5},{"damage":0,"enemies":"bossMod:newAwakened","floor":56,"turns":2},{"damage":28,"enemies":"paleoftheancients:N","floor":60,"turns":3}],"seed_played":"1957364295517234319","potions_obtained":[{"floor":0.0,"key":"Adrenaline Potion"},{"floor":0.0,"key":"Toxic Potion"},{"floor":2.0,"key":"Reflective Coating"},{"floor":8.0,"key":"SkillPotion"},{"floor":10.0,"key":"Ancient Potion"},{"floor":11.0,"key":"FearPotion"},{"floor":12.0,"key":"Adrenaline Potion"},{"floor":13.0,"key":"Swift Potion"},{"floor":14.0,"key":"SkillPotion"},{"floor":16.0,"key":"Ancient Potion"},{"floor":18.0,"key":"Cursed Concoction"},{"floor":19,"key":"ColorlessPotion"},{"floor":21,"key":"EssenceOfSteel"},{"floor":22,"key":"Strength Potion"},{"floor":25,"key":"CultistPotion"},{"floor":26,"key":"AttackPotion"},{"floor":27,"key":"Strength Potion"},{"floor":30,"key":"SteroidPotion"},{"floor":31,"key":"PowerPotion"},{"floor":33,"key":"SpeedPotion"},{"floor":35,"key":"GamblersBrew"},{"floor":38,"key":"LiquidBronze"},{"floor":39,"key":"Energy Potion"},{"floor":40,"key":"BlessingOfTheForge"},{"floor":52,"key":"LiquidBronze"}],"is_trial":false,"path_per_floor":["M","M","?","$","?","E","$","?","T","MIM","E","M","M","M","R","B",null,"M","M","?","M","M","R","?","M","MIM","E","R","E","M","M","R","B",null,"M","?","$","M","M","E","R","$","T","R","?","?","?","E","R","B","M","M","?","T","R","M","R","$","?","B",null],"character_chosen":"THE_CURSED","items_purchased":["TheCursedMod:CircleOfFlame+1","TheCursedMod:HellsGateOpen","Onion Ring","TheCursedMod:LuckyCharm","Toolbox","TheCursedMod:DemonSword","TheCursedMod:CircleOfAmplification","TheCursedMod:FuryStrike","TheCursedMod:LuckyCharm","TheCursedMod:SpitefulPlan+1","Flash of Steel"],"campfire_rested":0,"item_purchase_floors":[4,7,37,37,42,42,42,42,42,58,58],"current_hp_per_floor":[75,74,74,74,74,35,35,31,31,33,16,16,14,9,31,8,75,65,54,54,40,23,23,23,18,31,45,45,51,63,73,73,77,82,82,82,82,82,82,50,50,50,50,50,50,60,60,77,77,86,86,61,61,61,61,86,86,86,86,73],"gold":107,"neow_bonus":"THREE_SMALL_POTIONS","is_daily":false,"chose_seed":false,"campfire_upgraded":1,"win_rate":0.0,"timestamp":1612812117,"path_taken":["M","M","?","?","?","E","$","?","T","?","E","M","M","M","R","BOSS","M","?","?","M","M","R","?","?","MIM","E","R","E","M","M","R","BOSS","M","?","$","M","M","E","R","$","T","R","?","?","?","E","R","BOSS","M","M","?","T","R","M","R","$","?","BOSS"],"items_purchased_type":["Card","Card","Relic","Card","Relic","Card","Card","Card","Card","Card","Card"],"build_version":"2020-12-22","purchased_purges":0,"victory":true,"max_hp_per_floor":[75,75,75,75,75,75,75,75,75,75,75,75,75,75,75,75,75,75,75,75,75,75,75,75,75,82,82,82,82,82,82,82,82,82,82,82,82,82,82,82,82,82,82,82,82,82,82,82,82,86,86,86,86,86,86,86,86,86,86,86],"card_choices":[{"not_picked":["TheCursedMod:Torture","TheCursedMod:TacticalStrike"],"picked":"TheCursedMod:Grudge","floor":1.0},{"not_picked":["TheCursedMod:RavingStaff","TheCursedMod:CursedSpellbook"],"picked":"TheCursedMod:CircleOfBlood","floor":2.0},{"not_picked":["TheCursedMod:TroublousMinions","TheCursedMod:Stigma"],"picked":"TheCursedMod:WearCloak","floor":6.0},{"not_picked":["TheCursedMod:Evocation","TheCursedMod:CircleOfCorruption"],"picked":"TheCursedMod:ParallelWorld","floor":8.0},{"not_picked":["TheCursedMod:FleshFromBone","TheCursedMod:CircleOfFlame"],"picked":"TheCursedMod:FuryStrike","floor":10.0},{"not_picked":["TheCursedMod:SaltUponWound","TheCursedMod:Stigma"],"picked":"TheCursedMod:LuckyCharm","floor":11.0},{"not_picked":["TheCursedMod:Stretching","TheCursedMod:FleshFromBone"],"picked":"TheCursedMod:CircleOfFlame","floor":12.0},{"not_picked":["TheCursedMod:CursedMace","TheCursedMod:CircleOfFocus"],"picked":"TheCursedMod:CircleOfCorruption","floor":13.0},{"not_picked":["TheCursedMod:SpitefulPlan","TheCursedMod:TacticalStrike"],"picked":"TheCursedMod:ShockAndAwe","floor":14.0},{"not_picked":["TheCursedMod:UltimatePain","TheCursedMod:ShockAndAwe"],"picked":"TheCursedMod:ForbiddenAlchemy","floor":16.0},{"not_picked":["TheCursedMod:Torture","TheCursedMod:FleshFromBone"],"picked":"TheCursedMod:TroublousMinions","floor":18.0},{"not_picked":["TheCursedMod:SaltUponWound+1","TheCursedMod:CircleOfFlame"],"picked":"TheCursedMod:BlessingInDisguise+1","floor":19},{"not_picked":["TheCursedMod:SpitefulPlan","TheCursedMod:CursedBlade"],"picked":"TheCursedMod:CursedSpellbook+1","floor":21},{"not_picked":["TheCursedMod:FleshFromBone","TheCursedMod:CursedArmor+1"],"picked":"TheCursedMod:Wield","floor":22},{"not_picked":["TheCursedMod:RapidMovement","TheCursedMod:Hemoplague"],"picked":"TheCursedMod:Evocation+1","floor":25},{"not_picked":["TheCursedMod:RapidMovement","TheCursedMod:SoulCrush"],"picked":"TheCursedMod:LuckyCharm","floor":26},{"not_picked":["TheCursedMod:SurpriseAttack+1","TheCursedMod:CursedMace"],"picked":"TheCursedMod:SpitefulStrike","floor":27},{"not_picked":["TheCursedMod:CursedAmulet","TheCursedMod:SoulReap"],"picked":"TheCursedMod:WearCloak+1","floor":29},{"not_picked":["TheCursedMod:Obscuration","TheCursedMod:CursedAmulet"],"picked":"TheCursedMod:EmpowerCircles","floor":30},{"not_picked":["TheCursedMod:CursedBlade","TheCursedMod:DoubleShield"],"picked":"TheCursedMod:LuckyCharm","floor":31},{"not_picked":["TheCursedMod:DemonicPact","TheCursedMod:CursedRelics"],"picked":"TheCursedMod:NeowsMight","floor":33},{"not_picked":["TheCursedMod:RapidMovement+1","TheCursedMod:CircleOfFlame"],"picked":"TheCursedMod:PrepareRite","floor":35},{"not_picked":["Midas Touch","Replay:Bootleg Shield Generator"],"picked":"Chrysalis","floor":36},{"not_picked":["Panacea","Madness"],"picked":"Dramatic Entrance","floor":36},{"not_picked":["TheCursedMod:HellsGateOpen+1","TheCursedMod:Stretching"],"picked":"TheCursedMod:CircleOfFlame+1","floor":38},{"not_picked":["TheCursedMod:HellsGateOpen+1","TheCursedMod:CircleOfFlame"],"picked":"TheCursedMod:FleshFromBone","floor":39},{"not_picked":["TheCursedMod:CursedMace+1","TheCursedMod:FleshFromBone+1"],"picked":"TheCursedMod:ForbiddenAlchemy","floor":40},{"not_picked":["TheCursedMod:SurpriseAttack+1","TheCursedMod:RapidMovement+1"],"picked":"TheCursedMod:SpitefulStrike+1","floor":45},{"not_picked":["TheCursedMod:Grudge+1","TheCursedMod:CursedAmulet+1"],"picked":"TheCursedMod:DemonSword","floor":45},{"not_picked":["TheCursedMod:Evocation+1","TheCursedMod:HellsGateOpen+1"],"picked":"TheCursedMod:TacticalStrike+1","floor":48},{"not_picked":["TheCursedMod:HellsGateOpen+1","TheCursedMod:RavingStaff+1"],"picked":"TheCursedMod:CursedBoomerang","floor":52},{"not_picked":["TheCursedMod:CircleOfFlame+1","TheCursedMod:CursedSpellbook"],"picked":"TheCursedMod:CircleOfAmplification+1","floor":52},{"not_picked":["TheCursedMod:VitalStrike","TheCursedMod:CircleOfFlame"],"picked":"TheCursedMod:SpitefulStrike","floor":56},{"not_picked":["TheCursedMod:BloodBarrier+1","TheCursedMod:CursedAmulet"],"picked":"TheCursedMod:Hemoplague+1","floor":56}],"player_experience":400170,"relics_obtained":[{"floor":6.0,"key":"White Beast Statue"},{"floor":8.0,"key":"StrikeDummy"},{"floor":10.0,"key":"Bag of Preparation"},{"floor":11.0,"key":"Replay:Rubber Ducky"},{"floor":26,"key":"StuffTheSpire:CocoNut"},{"floor":27,"key":"Shovel"},{"floor":28,"key":"Iron Hammer"},{"floor":29,"key":"Juzu Bracelet"},{"floor":32,"key":"Akabeko"},{"floor":40,"key":"StuffTheSpire:Nightcore"},{"floor":43,"key":"StuffTheSpire:Barrel"},{"floor":44,"key":"Bronze Scales"},{"floor":45,"key":"Frozen Egg 2"},{"floor":48,"key":"Prayer Wheel"},{"floor":49,"key":"aspiration:HiddenCompartment"},{"floor":52,"key":"paleoftheancients:SoulOfTheGuardian"},{"floor":53,"key":"Ring of Greed"},{"floor":53,"key":"ReplayTheSpireMod:Ring of Challenge"},{"floor":53,"key":"Golden Egg"},{"floor":53,"key":"MawBank"},{"floor":54,"key":"Unceasing Top"},{"floor":55,"key":"Grinning Jar"},{"floor":57,"key":"Replay:PocketPolymizer"}],"event_choices":[{"cards_removed":["TheCursedMod:CircleOfBlood"],"damage_healed":0.0,"max_hp_gain":0.0,"max_hp_loss":0.0,"gold_gain":0.0,"event_name":"betterNote:BetterNote","player_choice":"Take \u0026 Give","floor":3.0,"gold_loss":0.0,"damage_taken":0.0,"cards_obtained":["Vault"]},{"damage_healed":74.0,"max_hp_gain":0.0,"max_hp_loss":75.0,"gold_gain":0.0,"event_name":"betterThird:BetterShining","player_choice":"Embrace Burn","floor":5.0,"gold_loss":0.0,"damage_taken":0.0},{"damage_healed":0.0,"max_hp_gain":0.0,"max_hp_loss":0.0,"gold_gain":0.0,"event_name":"Dead Adventurer","player_choice":"Searched \u00271\u0027 times","floor":8.0,"gold_loss":0.0,"damage_taken":0.0},{"damage_healed":0,"gold_gain":0,"player_choice":"Inject Mutagens","damage_taken":0,"relics_obtained":["MutagenicStrength"],"max_hp_gain":0,"max_hp_loss":0,"event_name":"Drug Dealer","floor":20,"gold_loss":0},{"damage_healed":0,"gold_gain":3,"player_choice":"1","damage_taken":0,"max_hp_gain":0,"max_hp_loss":0,"event_name":"betterStone:BetterStone","floor":36,"gold_loss":0},{"damage_healed":0,"gold_gain":0,"player_choice":"Upgraded Two","damage_taken":0,"max_hp_gain":0,"max_hp_loss":0,"event_name":"Designer","floor":47,"gold_loss":40,"cards_upgraded":["TheCursedMod:DemonSword","TheCursedMod:LuckyCharm"]}],"is_beta":false,"boss_relics":[{"not_picked":["Empty Cage","aspiration:SecretTechniqueScroll"],"picked":"TheCursedMod:OminousMark"},{"not_picked":["Astrolabe","Replay:Drink Me"],"picked":"SlaversCollar"}],"items_purged_floors":[],"is_endless":false,"potions_floor_spawned":[2,8,10,11,12,13,14,16,18,19,21,22,25,26,27,29,30,31,33,35,38,39,40,48,51,52,56],"ascension_level":0}}