{"host":"lehbxtjrpalkmwwj","time":1612801858,"event":{"mods":["Aspiration","BaseMod","Colored Map","Colored Powertips","Conspire","GungeonMod","KomeijiMod","Lobotomy","Minty Spire (QoL Compilation)","Quick Restart","Replay The Spire","Shop Mod","StSLib","The Cursed","The Poker Player","[IsaacMod]ÒÔÈö¼âËþ"],"gold_per_floor":[210,210,210,235,251,281,294,328,328,363,91,91,16,26,26,128,128,145,222,236,262,312,312,344,344,344,344,357,370,389,399,417,417,417,417,417],"floor_reached":35,"language":"ZHS","playtime":735,"items_purged":["Regret","Delirium"],"score":354,"play_id":"7b78f5a5-95c2-4dfd-8ab2-3980756a4ae7","local_time":"20210209003058","is_ascension_mode":true,"campfire_choices":[{"floor":23,"key":"RECALL"},{"data":"Double Tap","floor":25,"key":"SMITH"}],"circlet_count":0,"master_deck":["Strike_R+1","Strike_R","Strike_R","Strike_R","Strike_R","Defend_R+1","Defend_R","Defend_R","Defend_R","Bash","EpicFetus","Cleave","Pot Of Greed","Pot Of Greed","Flex","Bludgeon","Replay:Undeath\u0027s Touch+1","Thunderclap","Pummel","Carnage","Double Tap+1","Clash","Seeing Red+1","Brutality","Pot Of Greed","Anger","Offering","Whirlwind+1","Carnage","Inflame+1","ReplayTheSpireMod:Stacked+1"],"relics":["Burning Blood","HushsDoor","MoneyPower","Grinning Jar","Simple Rune","ReplayTheSpireMod:Spearhead","King of Hearts","DemoMod:VorpalBullet","HandDrill","Ring of Panic","Ring of Fury","Coffee Dripper","aspiration:ArtOfWarUpgrade","Smiling Mask"],"acts_visited":["Exordium","TheCity","TheCity"],"potions_floor_usage":[30,34,34,35],"damage_taken":[{"damage":12.0,"enemies":"Small Slimes","floor":1.0,"turns":3.0},{"damage":4.0,"enemies":"2 Louse","floor":5.0,"turns":2.0},{"damage":39.0,"enemies":"Gremlin Nob","floor":6.0,"turns":4.0},{"damage":11.0,"enemies":"Jaw Worm","floor":7.0,"turns":2.0},{"damage":23.0,"enemies":"3 Sentries","floor":8.0,"turns":4.0},{"damage":9.0,"enemies":"Gremlin Nob","floor":10.0,"turns":3.0},{"damage":4.0,"enemies":"Blue Slaver","floor":14.0,"turns":2.0},{"damage":33.0,"enemies":"Hexaghost","floor":16.0,"turns":7.0},{"damage":28.0,"enemies":"2 Thieves","floor":18.0,"turns":3.0},{"damage":0.0,"enemies":"Spheric Guardian","floor":20.0,"turns":1.0},{"damage":0.0,"enemies":"conspire:MimicChest","floor":21.0,"turns":2.0},{"damage":20,"enemies":"Book of Stabbing","floor":24,"turns":3},{"damage":10,"enemies":"DemoMod:Veteran_shot_gun_kin_and_bullet_kin","floor":28,"turns":2},{"damage":1,"enemies":"DemoMod:4_Bullet_Kins","floor":29,"turns":5},{"damage":6,"enemies":"DemoMod:Red_and_blue_shotgun_kin_with_gunsinger","floor":30,"turns":1},{"damage":10,"enemies":"DemoMod:Veteran_shot_gun_kin_and_blue_shotgun_kin_with_gunsinger","floor":31,"turns":1},{"damage":37,"enemies":"DemoMod:Veteran_shot_gun_kin_and_blue_shotgun_kin","floor":32,"turns":3},{"damage":25,"enemies":"DemoMod:ResourcefulRat","floor":35,"turns":4}],"seed_played":"7252718718812413959","potions_obtained":[{"floor":6.0,"key":"Dexterity Potion"},{"floor":8.0,"key":"ExcitationPotion"},{"floor":10.0,"key":"AttackPotion"},{"floor":18.0,"key":"LiquidMemories"},{"floor":21.0,"key":"Adrenaline Potion"},{"floor":28,"key":"DemoMod:BlankPotion"},{"floor":30,"key":"CalmPotion"}],"is_trial":false,"path_per_floor":["M","?","?","T","M","E","M","E","T","E","$","?","$","M","R_BF","B",null,"M","?","M","?","?","R","E","R","T","R","M","M","M","M","M","R","B","B"],"character_chosen":"IRONCLAD","items_purchased":["DemoMod:GnawedKey","HandDrill"],"campfire_rested":0,"item_purchase_floors":[11,11],"current_hp_per_floor":[74,74,74,74,76,43,38,21,21,18,18,18,18,20,44,17,75,53,38,44,50,50,50,36,36,75,75,71,75,75,71,40,40,14,0,0],"gold":417,"neow_bonus":"HUNDRED_GOLD","is_daily":false,"chose_seed":false,"campfire_upgraded":1,"win_rate":0.0,"timestamp":1612801858,"path_taken":["M","?","?","?","M","E","M","E","T","E","$","?","$","M","R_BF","BOSS","M","?","M","?","?","R","E","R","T","R","M","M","M","M","M","R","BOSS","BOSS"],"items_purchased_type":["Relic","Relic"],"build_version":"2020-12-22","purchased_purges":2,"victory":false,"max_hp_per_floor":[80,80,80,80,80,80,80,80,80,80,80,80,80,80,80,80,75,75,75,75,75,75,75,75,75,75,75,75,75,75,75,75,75,75,75,75],"card_choices":[{"not_picked":[],"picked":"EpicFetus","floor":0.0},{"not_picked":["Dropkick","Defy Death"],"picked":"Cleave","floor":1.0},{"not_picked":["Bomb","Ghostly Armor"],"picked":"Flex","floor":5.0},{"not_picked":["Defy Death","Abandon"],"picked":"Bludgeon","floor":6.0},{"not_picked":["Sever Soul","conspire:Charge"],"picked":"Replay:Undeath\u0027s Touch","floor":7.0},{"not_picked":["Anger","Power Through"],"picked":"Thunderclap","floor":8.0},{"not_picked":["Rampage","Replay:Undeath\u0027s Touch"],"picked":"Pummel","floor":10.0},{"not_picked":["Run Through","Rupture"],"picked":"Carnage","floor":14.0},{"not_picked":["Replay:Many Hands","Fiend Fire"],"picked":"Double Tap","floor":16.0},{"not_picked":["Sever Soul+1","ReplayTheSpireMod:Corrosion Curse"],"picked":"Clash","floor":18.0},{"not_picked":["Dark Embrace","Iron Wave"],"picked":"Seeing Red+1","floor":20.0},{"not_picked":["Sever Soul+1","Perfected Strike"],"picked":"Brutality","floor":21.0},{"not_picked":["True Grit","Replay:Undeath\u0027s Touch+1"],"picked":"Anger","floor":24},{"not_picked":["Shrug It Off","Abandon"],"picked":"Offering","floor":28},{"not_picked":["Heavy Blade","Sword Boomerang+1"],"picked":"Whirlwind+1","floor":29},{"not_picked":["Reckless Charge","Iron Wave"],"picked":"Carnage","floor":30},{"not_picked":["Feel No Pain+1","Heavy Blade+1"],"picked":"Inflame+1","floor":31},{"not_picked":["Fire Breathing","Hemokinesis"],"picked":"ReplayTheSpireMod:Stacked+1","floor":32}],"player_experience":148040,"relics_obtained":[{"floor":4.0,"key":"Simple Rune"},{"floor":6.0,"key":"ReplayTheSpireMod:Spearhead"},{"floor":8.0,"key":"King of Hearts"},{"floor":10.0,"key":"DemoMod:VorpalBullet"},{"floor":12.0,"key":"Ring of Panic"},{"floor":12.0,"key":"Ring of Fury"},{"floor":21.0,"key":"Art of War"},{"floor":24,"key":"DemoMod:WeirdEgg"}],"event_choices":[{"damage_healed":0.0,"max_hp_gain":0.0,"max_hp_loss":0.0,"gold_gain":0.0,"event_name":"Golden Wing","player_choice":"Ignored","floor":2.0,"gold_loss":0.0,"damage_taken":0.0},{"damage_healed":0.0,"max_hp_gain":0.0,"max_hp_loss":0.0,"gold_gain":0.0,"event_name":"Big Fish","player_choice":"Box","floor":3.0,"gold_loss":0.0,"damage_taken":0.0,"relics_obtained":["Grinning Jar"],"cards_obtained":["Regret"]},{"damage_healed":0.0,"max_hp_gain":0.0,"max_hp_loss":0.0,"gold_gain":100.0,"event_name":"The Joust","player_choice":"Bet on Murderer","floor":22.0,"gold_loss":50.0,"damage_taken":0.0}],"is_beta":false,"boss_relics":[{"not_picked":["Tiny House","Busted Crown"],"picked":"Coffee Dripper"},{"not_picked":[]}],"items_purged_floors":[13,17],"is_endless":false,"potions_floor_spawned":[6,8,10,14,18,21,28,30,32],"killed_by":"DemoMod:ResourcefulRat","ascension_level":2}}