{"host":"Supernova","time":1612828607,"event":{"mods":["AchievementEnabler","BaseMod","Colored Map","Minty Spire (QoL Compilation)","Permanent Neow","Relic Sorter","StSLib"],"gold_per_floor":[111,111,128,146,158,192,192,203,249,283,293,309,309,309,309,408,408,427,352,195,195,213,213,223,223,223,256,256,656,670,702,702,807,807,825,74,74,113,113,113],"floor_reached":39,"language":"ENG","playtime":3934,"items_purged":[],"score":438,"play_id":"f6650172-aa4d-4e71-bcd0-7f481904151c","local_time":"20210208185647","is_ascension_mode":false,"campfire_choices":[{"data":"ClearTheMind","floor":7,"key":"SMITH"},{"floor":13,"key":"REST"},{"floor":15,"key":"REST"},{"data":"Establishment","floor":23,"key":"SMITH"},{"data":"LikeWater","floor":25,"key":"SMITH"},{"data":"PathToVictory","floor":28,"key":"SMITH"},{"floor":32,"key":"REST"}],"circlet_count":0,"master_deck":["Strike_P+1","Strike_P+1","Strike_P+1","Defend_P+1","Defend_P+1","Defend_P+1","Defend_P+1","Eruption+1","Vigilance","ThirdEye","PathToVictory+1","BattleHymn","ClearTheMind+1","SandsOfTime","DeceiveReality","EmptyFist","EmptyBody","Establishment+1","Protect","LikeWater+1","Swift Strike","Prostrate+1","PathToVictory","FearNoEvil","LikeWater","Consecrate","DevaForm","SignatureMove+1","Wish","Dramatic Entrance","Deep Breath","Swift Strike"],"relics":["HolyWater","Bottled Tornado","Bag of Marbles","Pantograph","Question Card","Old Coin","Darkstone Periapt","Damaru","Runic Pyramid","Strange Spoon","Ginger","Toy Ornithopter"],"acts_visited":["Exordium","TheCity","TheBeyond"],"potions_floor_usage":[5,6,11,11,12,16,18,27,31,33,39],"damage_taken":[{"damage":11,"enemies":"Jaw Worm","floor":1,"turns":5},{"damage":0,"enemies":"Small Slimes","floor":3,"turns":3},{"damage":0,"enemies":"Cultist","floor":4,"turns":4},{"damage":5,"enemies":"Looter","floor":5,"turns":4},{"damage":18,"enemies":"Lagavulin","floor":6,"turns":4},{"damage":21,"enemies":"Exordium Thugs","floor":8,"turns":3},{"damage":13,"enemies":"3 Sentries","floor":10,"turns":6},{"damage":6,"enemies":"Large Slime","floor":11,"turns":4},{"damage":0,"enemies":"Looter","floor":12,"turns":3},{"damage":12,"enemies":"The Guardian","floor":16,"turns":10},{"damage":0,"enemies":"Chosen","floor":18,"turns":3},{"damage":8,"enemies":"Shell Parasite","floor":22,"turns":2},{"damage":12,"enemies":"Centurion and Healer","floor":24,"turns":5},{"damage":0,"enemies":"3 Cultists","floor":27,"turns":6},{"damage":20,"enemies":"Colosseum Slavers","floor":29,"turns":4},{"damage":8,"enemies":"Colosseum Nobs","floor":29,"turns":6},{"damage":0,"enemies":"Cultist and Chosen","floor":30,"turns":5},{"damage":31,"enemies":"Slavers","floor":31,"turns":8},{"damage":15,"enemies":"Automaton","floor":33,"turns":11},{"damage":46,"enemies":"3 Darklings","floor":35,"turns":7},{"damage":10,"enemies":"Orb Walker","floor":38,"turns":4},{"damage":24,"enemies":"Maw","floor":39,"turns":4}],"seed_played":"1999090738225774842","potions_obtained":[{"floor":1,"key":"SkillPotion"},{"floor":3,"key":"AttackPotion"},{"floor":10,"key":"GamblersBrew"},{"floor":11,"key":"EntropicBrew"},{"floor":16,"key":"SpeedPotion"},{"floor":24,"key":"ColorlessPotion"},{"floor":30,"key":"Swift Potion"},{"floor":31,"key":"Block Potion"},{"floor":33,"key":"StancePotion"},{"floor":35,"key":"SteroidPotion"}],"is_trial":false,"path_per_floor":["M","?","M","M","M","E","R","M","T","E","M","M","R","?","R","B",null,"M","?","$","?","M","R","M","R","T","M","R","?","M","E","R","B",null,"M","$","?","M","M"],"character_chosen":"WATCHER","items_purchased":["LikeWater","Swift Strike","Strange Spoon","Ginger","Wish","Toy Ornithopter"],"campfire_rested":3,"item_purchase_floors":[20,20,36,36,36,36],"current_hp_per_floor":[61,66,66,66,61,43,43,22,22,9,3,3,26,11,34,47,77,77,77,77,77,69,69,57,57,57,57,57,29,29,23,46,56,77,31,31,21,11,0,0],"gold":113,"neow_bonus":"UPGRADE_CARD","is_daily":false,"chose_seed":false,"campfire_upgraded":4,"win_rate":0.0,"timestamp":1612828607,"path_taken":["M","?","M","M","M","E","R","M","T","E","M","M","R","?","R","BOSS","M","?","$","?","M","R","M","R","T","?","R","?","M","E","R","BOSS","M","$","?","M","M"],"items_purchased_type":["Card","Card","Relic","Relic","Card","Relic"],"build_version":"2020-12-18","purchased_purges":0,"victory":false,"max_hp_per_floor":[72,77,77,77,77,77,77,77,77,77,77,77,77,77,77,77,77,77,77,77,77,77,77,77,77,77,77,77,77,77,77,77,77,77,77,77,77,77,77,77],"card_choices":[{"not_picked":["FearNoEvil","Weave"],"picked":"ThirdEye","floor":1},{"not_picked":["Protect","FlurryOfBlows"],"picked":"PathToVictory","floor":3},{"not_picked":["Halt","Ragnarok"],"picked":"BattleHymn","floor":4},{"not_picked":["Wireheading","Meditate"],"picked":"ClearTheMind","floor":5},{"not_picked":["Worship","EmptyFist"],"picked":"SandsOfTime","floor":6},{"not_picked":["FlyingSleeves","ThirdEye"],"picked":"DeceiveReality","floor":8},{"not_picked":["WheelKick","Sanctity","FlurryOfBlows"],"picked":"SKIP","floor":10},{"not_picked":["CarveReality","BowlingBash"],"picked":"EmptyFist","floor":11},{"not_picked":["ThirdEye","BattleHymn"],"picked":"EmptyBody","floor":12},{"not_picked":["ConjureBlade","Brilliance"],"picked":"Establishment","floor":16},{"not_picked":["Wallop","Study"],"picked":"Protect","floor":18},{"not_picked":["FollowUp","Swivel+1"],"picked":"Prostrate+1","floor":22},{"not_picked":["Crescendo+1","FlurryOfBlows+1"],"picked":"PathToVictory","floor":24},{"not_picked":["Crescendo+1","Halt","CutThroughFate"],"picked":"FearNoEvil","floor":27},{"not_picked":["Swivel","ThirdEye","JustLucky"],"picked":"LikeWater","floor":29},{"not_picked":["Halt","WheelKick","Collect+1"],"picked":"Consecrate","floor":30},{"not_picked":["ConjureBlade","BowlingBash+1","WheelKick+1","EmptyFist+1"],"picked":"SKIP","floor":31},{"not_picked":["Alpha","SpiritShield","DeusExMachina"],"picked":"DevaForm","floor":33},{"not_picked":["Protect+1","Conclude","Crescendo+1"],"picked":"SignatureMove+1","floor":35},{"not_picked":["Bandage Up","Purity","Impatience"],"picked":"Dramatic Entrance","floor":37},{"not_picked":["Madness","PanicButton","Chrysalis"],"picked":"Deep Breath","floor":37},{"not_picked":["Transmutation","Secret Weapon","Forethought"],"picked":"Swift Strike","floor":37},{"not_picked":["TalkToTheHand+1","WreathOfFlame","Vengeance","Wallop"],"picked":"SKIP","floor":38}],"player_experience":391957,"relics_obtained":[{"floor":6,"key":"Bottled Tornado"},{"floor":9,"key":"Bag of Marbles"},{"floor":10,"key":"Pantograph"},{"floor":26,"key":"Question Card"},{"floor":29,"key":"Old Coin"},{"floor":29,"key":"Darkstone Periapt"},{"floor":31,"key":"Damaru"}],"event_choices":[{"damage_healed":0,"gold_gain":0,"player_choice":"Donut","damage_taken":0,"max_hp_gain":5,"max_hp_loss":0,"event_name":"Big Fish","floor":2,"gold_loss":0},{"damage_healed":0,"gold_gain":0,"player_choice":"Entered Light","damage_taken":15,"max_hp_gain":0,"max_hp_loss":0,"event_name":"Shining Light","floor":14,"gold_loss":0,"cards_upgraded":["Defend_P","Defend_P"]},{"cards_removed":["Strike_P"],"damage_healed":0,"gold_gain":0,"player_choice":"Gave Gold","damage_taken":0,"max_hp_gain":0,"max_hp_loss":0,"event_name":"Beggar","floor":19,"gold_loss":75},{"damage_healed":0,"gold_gain":0,"player_choice":"Simplicity","damage_taken":0,"max_hp_gain":0,"max_hp_loss":0,"event_name":"Back to Basics","floor":21,"gold_loss":0,"cards_upgraded":["Strike_P","Strike_P","Strike_P","Defend_P","Defend_P"]},{"damage_healed":0,"gold_gain":0,"player_choice":"Fight","damage_taken":0,"max_hp_gain":0,"max_hp_loss":0,"event_name":"Colosseum","floor":29,"gold_loss":0},{"damage_healed":0,"gold_gain":0,"player_choice":"Fought Nobs","damage_taken":0,"max_hp_gain":0,"max_hp_loss":0,"event_name":"Colosseum","floor":29,"gold_loss":0},{"damage_healed":0,"gold_gain":0,"player_choice":"Memory 3","damage_taken":10,"max_hp_gain":0,"max_hp_loss":0,"event_name":"SensoryStone","floor":37,"gold_loss":0}],"is_beta":true,"boss_relics":[{"not_picked":["VioletLotus","Astrolabe"],"picked":"HolyWater"},{"not_picked":["Busted Crown","Black Star"],"picked":"Runic Pyramid"}],"items_purged_floors":[],"is_endless":false,"potions_floor_spawned":[1,3,10,11,16,24,29,30,31,33,35],"killed_by":"Maw","ascension_level":0}}