{"host":"9ahx8fyo8ahtgkt3","time":1612825846,"event":{"mods":["BaseMod","Bestiary","Better Third Choice","BetterRewards","Colored Powertips","Conspire","Curses Come First","Downfall","Evolution","Hubris","Infinite Spire","Minty Spire (QoL Compilation)","Quick Restart","Replay The Spire","Shop Mod","Spicy Shops","StSLib","Synergy Search"],"gold_per_floor":[109,109,284,234,234,234,251,278,302,327,53,64,132,158,158,257,257,273,273,292,307,322,353,353,368,368,386,386,386,656,668,668,773,773,785,83,83,43,60,60,83,112,112,141,141,154,173,186,278,278],"floor_reached":51,"language":"DEU","playtime":86791,"items_purged":["Strike_R"],"score":961,"play_id":"a976e838-5856-4023-8858-d993bd3590fc","local_time":"20210209001046","is_ascension_mode":true,"campfire_choices":[{"data":"Metallicize","floor":6.0,"key":"SMITH"},{"data":"Massacre","floor":15.0,"key":"SMITH"},{"data":"Metallicize","floor":24.0,"key":"SMITH"},{"floor":32.0,"key":"REST"},{"data":"Juggernaut","floor":40.0,"key":"SMITH"}],"circlet_count":0,"master_deck":["Strike_R","Strike_R","Strike_R","Defend_R","Defend_R+1","Defend_R","Defend_R","Bash","Metallicize+1","Metallicize+1","conspire:Charge","Dual Wield","Metallicize","Combust","Rupture+1","Iron Wave","Massacre+1","Juggernaut+1","Dual Wield","Pommel Strike+1","Heavy Blade+1","Slimebound:CheckThePlaybook","Purity","Flash of Steel","Dramatic Entrance","Impervious","conspire:Purge","hubris:ReadiedAction+1","Hemogenesis","Metallicize","Armaments","Shrug It Off","Shrug It Off","Twin Strike+1","Inflame+1","Reckless Charge+1"],"relics":["Burning Blood","EVO:Axolotl","Bird Faced Urn","Counterbalance","infinitespire:Lucky Rock","conspire:Boomerang","Blue Doll","Red Skull","Omamori","infinitespire:WardingShard","Replay:Accelerometer","Busted Crown","Letter Opener","Meat on the Bone","Honey Jar","hubris:BlackHole","Toy Ornithopter","Lee\u0027s Waffle","Toolbox","hubris:Towel","Pen Nib","Bronze Scales","Replay:Mystery Machine","Replay:Bottled Snecko"],"acts_visited":["Exordium","TheCity","TheBeyond"],"potions_floor_usage":[50,50,50,50,50,50,50,50],"damage_taken":[{"damage":0.0,"enemies":"Small Slimes","floor":1.0,"turns":4.0},{"damage":0.0,"enemies":"2 Louse","floor":7.0,"turns":4.0},{"damage":0.0,"enemies":"Lagavulin","floor":8.0,"turns":7.0},{"damage":3.0,"enemies":"Gremlin Nob","floor":10.0,"turns":5.0},{"damage":6.0,"enemies":"Jaw Worm","floor":12.0,"turns":5.0},{"damage":0.0,"enemies":"Replay:BlueRogue","floor":14.0,"turns":6.0},{"damage":16.0,"enemies":"Slime Boss","floor":16.0,"turns":7.0},{"damage":5.0,"enemies":"Spheric Guardian","floor":18.0,"turns":4.0},{"damage":10.0,"enemies":"Chosen","floor":20.0,"turns":4.0},{"damage":34.0,"enemies":"3 Cultists","floor":21.0,"turns":4.0},{"damage":5.0,"enemies":"Snake Plant","floor":22.0,"turns":6.0},{"damage":21.0,"enemies":"Replay:Snechameleon","floor":23.0,"turns":6.0},{"damage":9.0,"enemies":"Centurion and Healer","floor":25.0,"turns":5.0},{"damage":18.0,"enemies":"Shelled Parasite and Fungi","floor":27.0,"turns":6.0},{"damage":1.0,"enemies":"Snake Plant","floor":31.0,"turns":4.0},{"damage":38.0,"enemies":"hubris:MusketHawk","floor":33.0,"turns":4.0},{"damage":12.0,"enemies":"3 Darklings","floor":35.0,"turns":3.0},{"damage":0.0,"enemies":"Orb Walker","floor":39.0,"turns":3.0},{"damage":7.0,"enemies":"Reptomancer","floor":42.0,"turns":3.0},{"damage":0,"enemies":"R_Hoarder","floor":44,"turns":2},{"damage":5,"enemies":"Transient","floor":46,"turns":5},{"damage":8,"enemies":"Writhing Mass","floor":47,"turns":3},{"damage":28,"enemies":"4 Shapes","floor":48,"turns":2},{"damage":33,"enemies":"conspire:OrnateMirror","floor":50,"turns":2}],"seed_played":"-540062465267310702","potions_obtained":[{"floor":1.0,"key":"AttackPotion"},{"floor":16.0,"key":"FearPotion"},{"floor":18.0,"key":"BlessingOfTheForge"},{"floor":25.0,"key":"DuplicationPotion"},{"floor":27.0,"key":"Venom Potion"},{"floor":33.0,"key":"GamblersBrew"},{"floor":35.0,"key":"Ancient Potion"},{"floor":44,"key":"Toxic Potion"},{"floor":45,"key":"EntropicBrew"},{"floor":45,"key":"Fire Potion"}],"is_trial":false,"path_per_floor":["M","?","?","?","?","R","M","E","T","E","$","M","T","E","R","B",null,"M","?","M","M","M","E","R","M","T","M","AVR","?","?","M","R","B",null,"M","$","?","?","M","R","T","E","T","E","?","M","M","M","R","B",null],"character_chosen":"IRONCLAD","items_purchased":["Metallicize","Bird Faced Urn","Rupture+1","Omamori","Hemogenesis","Metallicize","Toy Ornithopter","Lee\u0027s Waffle","Toolbox","Armaments","Shrug It Off"],"campfire_rested":1,"item_purchase_floors":[0,0,11,11,36,36,36,36,36,36,36],"current_hp_per_floor":[80,80,80,80,80,80,80,80,80,80,80,80,80,80,80,70,80,80,80,80,59,72,69,69,78,78,78,78,78,9,38,62,52,80,74,87,87,87,87,87,87,87,87,87,87,87,87,80,80,87],"gold":278,"neow_bonus":"","is_daily":false,"chose_seed":false,"campfire_upgraded":4,"win_rate":0.0,"timestamp":1612825846,"path_taken":["M","?","?","?","?","R","M","E","T","E","$","?","?","E","R","BOSS","M","?","?","M","M","E","R","M","T","M","AVR","?","?","?","R","BOSS","M","$","?","?","?","R","?","E","T","E","?","M","M","M","R","BOSS"],"items_purchased_type":["Card","Relic","Card","Relic","Card","Card","Relic","Relic","Relic","Card","Card"],"build_version":"2020-12-22","purchased_purges":1,"victory":true,"max_hp_per_floor":[80,80,80,80,80,80,80,80,80,80,80,80,80,80,80,80,80,80,80,80,80,80,80,80,80,80,80,80,80,80,80,80,80,80,80,87,87,87,87,87,87,87,87,87,87,87,87,87,87,87],"card_choices":[{"not_picked":["ReplayTheSpireMod:LeadingStrike","Power Through"],"picked":"conspire:Charge","floor":1.0},{"not_picked":["Headbutt","Perfected Strike","Blood for Blood"],"picked":"SKIP","floor":7.0},{"not_picked":["Disarm","Run Through"],"picked":"Metallicize","floor":8.0},{"not_picked":["Run Through","ReplayTheSpireMod:Corrosion Curse"],"picked":"Combust","floor":10.0},{"not_picked":["Combust","Offering"],"picked":"Iron Wave","floor":12.0},{"not_picked":["Thunderclap","ReplayTheSpireMod:LeadingStrike"],"picked":"Massacre","floor":14.0},{"not_picked":["Eclipse","Bludgeon"],"picked":"Juggernaut","floor":16.0},{"not_picked":["Clothesline"],"picked":"SKIP","floor":18.0},{"not_picked":[],"picked":"Dual Wield","floor":20.0},{"not_picked":[],"picked":"Pommel Strike+1","floor":21.0},{"not_picked":["Thunderclap+1"],"picked":"SKIP","floor":22.0},{"not_picked":["Warcry"],"picked":"SKIP","floor":23.0},{"not_picked":[],"picked":"Heavy Blade","floor":25.0},{"not_picked":["Intimidate"],"picked":"SKIP","floor":27.0},{"not_picked":["Perfected Strike"],"picked":"Impervious","floor":31.0},{"not_picked":["Impervious"],"picked":"conspire:Purge","floor":33.0},{"not_picked":["ReplayTheSpireMod:Corrosion Curse"],"picked":"hubris:ReadiedAction+1","floor":35.0},{"not_picked":["Thunderclap+1"],"picked":"Twin Strike+1","floor":39.0},{"not_picked":["ReplayTheSpireMod:Muscle Training"],"picked":"Inflame+1","floor":42.0},{"not_picked":["Cleave+1","hubris:ReadiedAction+1"],"picked":"SKIP","floor":44},{"not_picked":["True Grit","Cleave"],"picked":"SKIP","floor":46},{"not_picked":["Warcry","Headbutt+1"],"picked":"SKIP","floor":47},{"not_picked":["Perfected Strike+1"],"picked":"Reckless Charge+1","floor":48}],"player_experience":56015,"relics_obtained":[{"floor":2.0,"key":"infinitespire:Lucky Rock"},{"floor":8.0,"key":"conspire:Boomerang"},{"floor":9.0,"key":"Blue Doll"},{"floor":10.0,"key":"Red Skull"},{"floor":13.0,"key":"infinitespire:WardingShard"},{"floor":14.0,"key":"Replay:Accelerometer"},{"floor":23.0,"key":"Letter Opener"},{"floor":26.0,"key":"Meat on the Bone"},{"floor":41.0,"key":"Pen Nib"},{"floor":42.0,"key":"Bronze Scales"},{"floor":43.0,"key":"Replay:Mystery Machine"},{"floor":44,"key":"Replay:Bottled Snecko"}],"event_choices":[{"damage_healed":0.0,"max_hp_gain":0.0,"max_hp_loss":0.0,"gold_gain":175.0,"event_name":"betterThird:BetterSerpent","player_choice":"AGREE","floor":3.0,"gold_loss":0.0,"damage_taken":109.0},{"cards_removed":["Doubt"],"damage_healed":0.0,"max_hp_gain":0.0,"max_hp_loss":0.0,"gold_gain":0.0,"event_name":"The Cleric","player_choice":"Card Removal","floor":4.0,"gold_loss":50.0,"damage_taken":0.0},{"damage_healed":0.0,"max_hp_gain":0.0,"max_hp_loss":0.0,"gold_gain":0.0,"event_name":"Transmorgrifier","player_choice":"Ignored","floor":19.0,"gold_loss":0.0,"damage_taken":0.0},{"damage_healed":0.0,"max_hp_gain":0.0,"max_hp_loss":0.0,"gold_gain":270.0,"event_name":"Knowing Skull","player_choice":"CARD CARD GOLD GOLD POTION POTION POTION GOLD CARD ","floor":30.0,"potions_obtained":["Venom Potion","Block Potion","champ:CounterPotion"],"gold_loss":0.0,"damage_taken":69.0,"cards_obtained":["Purity","Flash of Steel","Dramatic Entrance"]},{"damage_healed":0.0,"max_hp_gain":0.0,"max_hp_loss":0.0,"gold_gain":0.0,"event_name":"Designer","player_choice":"Upgraded Two","floor":38.0,"gold_loss":40.0,"damage_taken":0.0,"cards_upgraded":["Heavy Blade","Defend_R"]},{"damage_healed":0,"gold_gain":0,"player_choice":"Got Potions","damage_taken":0,"max_hp_gain":0,"max_hp_loss":0,"event_name":"Lab","floor":45,"gold_loss":0}],"is_beta":false,"boss_relics":[{"not_picked":["hubris:GrandSneckoEye","infinitespire:Cupcake"],"picked":"Busted Crown"},{"not_picked":["Astrolabe","Runic Dome"],"picked":"hubris:BlackHole"}],"items_purged_floors":[11],"is_endless":false,"potions_floor_spawned":[1,16,18,25,27,33,35,44],"ascension_level":1}}