{"host":"gfxjwtol062e9znw","time":1612778177,"event":{"mods":["BaseMod","Colored Map","Minty Spire (QoL Compilation)","Rare Cards Sparkle"],"gold_per_floor":[19,36,46,46,66,66,95,111,111,125,125,143,143,174,174,277,277,290,303,323,323,248,273,291,291,314,314,314,39,69,79,79,180,180,194,0,0,23,55,92,104,116,128,152,164,26,26,54,54,54],"floor_reached":51,"language":"ENG","playtime":2873,"items_purged":["Shame"],"score":1173,"play_id":"aebf4b35-5217-4283-9fb5-47b7ebfc0c4c","local_time":"20210208205617","is_ascension_mode":true,"campfire_choices":[{"data":"Clothesline","floor":6.0,"key":"SMITH"},{"data":"Feed","floor":11.0,"key":"SMITH"},{"data":"Bash","floor":13.0,"key":"SMITH"},{"data":"Infernal Blade","floor":15.0,"key":"SMITH"},{"floor":25.0,"key":"REST"},{"floor":27.0,"key":"REST"},{"data":"Shockwave","floor":32.0,"key":"SMITH"},{"data":"Perfected Strike","floor":41,"key":"SMITH"},{"floor":45,"key":"REST"},{"data":"Perfected Strike","floor":49,"key":"SMITH"}],"circlet_count":0,"master_deck":["AscendersBane","Strike_R","Strike_R","Strike_R","Strike_R","Defend_R","Defend_R","Defend_R","Defend_R","Bash+1","Headbutt","Perfected Strike+1","Cleave","PanicButton","Pommel Strike","Feed+1","Iron Wave","Shrug It Off","Infernal Blade+1","Reaper","Perfected Strike+1","Shockwave+1","Flame Barrier+1","Barricade+1","Bludgeon+1","Bludgeon+1"],"relics":["Burning Blood","Pear","Frozen Egg 2","Bag of Marbles","Snecko Eye","Matryoshka","Nunchaku","Pen Nib","Toy Ornithopter","Sling","Gambling Chip","Busted Crown","Orrery","MawBank","Darkstone Periapt","Molten Egg 2","PreservedInsect","Blue Candle"],"acts_visited":["Exordium","TheCity","TheBeyond"],"potions_floor_usage":[39,44,50,50],"damage_taken":[{"damage":4.0,"enemies":"2 Louse","floor":1.0,"turns":3.0},{"damage":1.0,"enemies":"Cultist","floor":2.0,"turns":3.0},{"damage":5.0,"enemies":"Small Slimes","floor":3.0,"turns":3.0},{"damage":9.0,"enemies":"3 Louse","floor":5.0,"turns":2.0},{"damage":12.0,"enemies":"Gremlin Nob","floor":7.0,"turns":4.0},{"damage":8.0,"enemies":"Looter","floor":8.0,"turns":3.0},{"damage":0.0,"enemies":"Red Slaver","floor":10.0,"turns":2.0},{"damage":13.0,"enemies":"Blue Slaver","floor":12.0,"turns":2.0},{"damage":14.0,"enemies":"3 Sentries","floor":14.0,"turns":7.0},{"damage":46.0,"enemies":"The Guardian","floor":16.0,"turns":15.0},{"damage":12.0,"enemies":"2 Thieves","floor":18.0,"turns":3.0},{"damage":4.0,"enemies":"3 Byrds","floor":19.0,"turns":4.0},{"damage":17.0,"enemies":"3 Cultists","floor":20.0,"turns":5.0},{"damage":45.0,"enemies":"Book of Stabbing","floor":23.0,"turns":5.0},{"damage":35.0,"enemies":"Centurion and Healer","floor":24.0,"turns":4.0},{"damage":4.0,"enemies":"Slavers","floor":30.0,"turns":3.0},{"damage":18.0,"enemies":"Snake Plant","floor":31.0,"turns":3.0},{"damage":62.0,"enemies":"Automaton","floor":33.0,"turns":9.0},{"damage":14.0,"enemies":"3 Shapes","floor":35.0,"turns":5.0},{"damage":0.0,"enemies":"Orb Walker","floor":38.0,"turns":1.0},{"damage":20,"enemies":"Transient","floor":39,"turns":5},{"damage":21,"enemies":"Giant Head","floor":40,"turns":6},{"damage":24,"enemies":"Writhing Mass","floor":44,"turns":4},{"damage":22,"enemies":"Nemesis","floor":48,"turns":3},{"damage":71,"enemies":"Time Eater","floor":50,"turns":8}],"seed_played":"3463113594358550934","potions_obtained":[{"floor":5.0,"key":"Explosive Potion"},{"floor":7.0,"key":"Regen Potion"},{"floor":10.0,"key":"Weak Potion"},{"floor":14.0,"key":"Fire Potion"},{"floor":20.0,"key":"FearPotion"},{"floor":31.0,"key":"Fire Potion"},{"floor":33.0,"key":"Swift Potion"},{"floor":40,"key":"EssenceOfSteel"},{"floor":48,"key":"PowerPotion"}],"is_trial":false,"path_per_floor":["M","M","M","?","M","R","E","M","T","M","R","M","R","E","R","B",null,"M","M","M","?","$","E","M","R","T","R","?","$","E","M","R","B",null,"M","$","?","M","M","E","R","?","T","M","R","$","?","E","R","B",null],"character_chosen":"IRONCLAD","items_purchased":["Shockwave","PowerPotion","Sling","Orrery","BloodPotion","Bludgeon+1"],"campfire_rested":3,"item_purchase_floors":[29,29,29,36,36,46],"current_hp_per_floor":[90,95,96,96,93,93,97,95,95,104,104,97,97,93,93,57,102,106,119,118,118,118,83,64,103,103,133,133,133,137,125,125,96,127,129,129,129,135,131,118,118,118,118,109,137,137,137,134,134,94],"gold":54,"neow_bonus":"TWENTY_PERCENT_HP_BONUS","is_daily":false,"chose_seed":false,"campfire_upgraded":7,"win_rate":0.0,"timestamp":1612778177,"path_taken":["M","M","M","?","M","R","E","M","T","M","R","M","R","E","R","BOSS","M","?","M","?","$","E","M","R","T","R","?","$","E","M","R","BOSS","M","$","?","M","?","E","R","?","T","M","R","$","?","E","R","BOSS"],"items_purchased_type":["Card","Potion","Relic","Relic","Potion","Card"],"build_version":"2020-12-22","purchased_purges":1,"victory":true,"max_hp_per_floor":[96,96,96,96,96,96,106,106,106,109,109,109,109,113,113,117,117,121,125,129,129,129,129,133,133,133,133,133,133,137,137,137,137,137,137,137,137,137,137,137,137,137,137,137,137,137,137,141,141,141],"card_choices":[{"not_picked":["Sword Boomerang","Metallicize"],"picked":"Headbutt","floor":1.0},{"not_picked":["True Grit","Havoc"],"picked":"Perfected Strike","floor":2.0},{"not_picked":["Headbutt","Thunderclap"],"picked":"Cleave","floor":3.0},{"not_picked":["Sword Boomerang","Combust"],"picked":"Pommel Strike","floor":5.0},{"not_picked":["Havoc","Clothesline","Blood for Blood"],"picked":"SKIP","floor":7.0},{"not_picked":["Anger","Power Through"],"picked":"Feed","floor":8.0},{"not_picked":["Anger","Clash"],"picked":"Iron Wave","floor":10.0},{"not_picked":["Perfected Strike","Clash"],"picked":"Shrug It Off","floor":12.0},{"not_picked":["Burning Pact","Exhume"],"picked":"Infernal Blade","floor":14.0},{"not_picked":["Impervious","Juggernaut+1"],"picked":"Reaper","floor":16.0},{"not_picked":["Reckless Charge+1","Pummel"],"picked":"Perfected Strike","floor":18.0},{"not_picked":["Rampage","Twin Strike+1","Blood for Blood"],"picked":"SKIP","floor":19.0},{"not_picked":["Pommel Strike","Flex+1","Disarm"],"picked":"SKIP","floor":20.0},{"not_picked":["Headbutt+1","Infernal Blade","Reckless Charge"],"picked":"SKIP","floor":23.0},{"not_picked":["Infernal Blade","Thunderclap","Clash"],"picked":"SKIP","floor":24.0},{"not_picked":["Power Through+1","Cleave","Heavy Blade"],"picked":"SKIP","floor":30.0},{"not_picked":["Feel No Pain+1","Searing Blow"],"picked":"Flame Barrier+1","floor":31.0},{"not_picked":["Berserk+1","Double Tap"],"picked":"Barricade+1","floor":33.0},{"not_picked":["Armaments+1"],"picked":"SKIP","floor":35.0},{"not_picked":["Shrug It Off+1"],"picked":"SKIP","floor":38.0},{"not_picked":["Heavy Blade"],"picked":"SKIP","floor":39},{"not_picked":["Clothesline+1"],"picked":"SKIP","floor":40},{"not_picked":["Heavy Blade+1"],"picked":"SKIP","floor":44},{"not_picked":["Sentinel"],"picked":"SKIP","floor":48}],"player_experience":124871,"relics_obtained":[{"floor":7.0,"key":"Pear"},{"floor":9.0,"key":"Frozen Egg 2"},{"floor":14.0,"key":"Bag of Marbles"},{"floor":23.0,"key":"Nunchaku"},{"floor":26.0,"key":"Pen Nib"},{"floor":26.0,"key":"Toy Ornithopter"},{"floor":30.0,"key":"Gambling Chip"},{"floor":40,"key":"Darkstone Periapt"},{"floor":43,"key":"Molten Egg 2"},{"floor":43,"key":"PreservedInsect"},{"floor":48,"key":"Blue Candle"}],"event_choices":[{"damage_healed":0.0,"max_hp_gain":0.0,"max_hp_loss":0.0,"gold_gain":0.0,"event_name":"Match and Keep!","player_choice":"2 cards matched","floor":4.0,"gold_loss":0.0,"damage_taken":0.0,"cards_obtained":["PanicButton","Clothesline"]},{"damage_healed":0.0,"max_hp_gain":0.0,"max_hp_loss":0.0,"gold_gain":0.0,"event_name":"Addict","player_choice":"Stole Relic","floor":21.0,"gold_loss":0.0,"damage_taken":0.0,"relics_obtained":["Matryoshka"],"cards_obtained":["Shame"]},{"cards_removed":["Strike_R"],"damage_healed":0.0,"max_hp_gain":0.0,"max_hp_loss":0.0,"gold_gain":0.0,"event_name":"Back to Basics","player_choice":"Elegance","floor":28.0,"gold_loss":0.0,"damage_taken":0.0},{"damage_healed":0.0,"max_hp_gain":0.0,"max_hp_loss":0.0,"gold_gain":0.0,"event_name":"WeMeetAgain","player_choice":"Gave Potion","floor":37.0,"gold_loss":0.0,"damage_taken":0.0,"relics_obtained":["MawBank"]},{"cards_removed":["Clothesline"],"damage_healed":0,"gold_gain":0,"player_choice":"Removed Attack","damage_taken":0,"max_hp_gain":0,"max_hp_loss":0,"event_name":"Falling","floor":42,"gold_loss":0},{"damage_healed":0,"gold_gain":0,"player_choice":"Copied","damage_taken":0,"max_hp_gain":0,"max_hp_loss":0,"event_name":"Duplicator","floor":47,"gold_loss":0,"cards_obtained":["Bludgeon"]}],"is_beta":false,"boss_relics":[{"not_picked":["Runic Cube","Runic Pyramid"],"picked":"Snecko Eye"},{"not_picked":["SlaversCollar","Pandora\u0027s Box"],"picked":"Busted Crown"}],"items_purged_floors":[22],"is_endless":false,"potions_floor_spawned":[5,7,10,14,20,31,33,40,48],"ascension_level":10}}