{"host":"ifd7sfhtlbe34qll","time":1612769713,"event":{"mods":["2.2 Compatiblity","Act Like it!","BaseMod","Block Reminder","Colored Map","Curses Come First","Downfall","Highlight Path","Minty Spire (QoL Compilation)","Potion Indicator Mod","Quick Restart","Random Character Button","Relic Stats","StSLib","SuperFastMode"],"gold_per_floor":[99,109,109,127,146,146,172,189,215,5,21,21,0,18,30,131,131,131,144,155,155,65,65,65,99,130,130,130,130,140,16,33,130,130,130,146,196,212,212,229,229,379,395,428,228,247,147,179,189,189,189,222,13,13,13,13],"floor_reached":57,"language":"ENG","playtime":4028,"items_purged":["Gremlin:Strike","Gremlin:Defend","Gremlin:Defend"],"score":1319,"play_id":"24c40e29-2a0d-42a7-afb3-17a88fbfad5f","local_time":"20210208013513","is_ascension_mode":false,"campfire_choices":[{"data":"Gremlin:GremlinDance","floor":1.0,"key":"SMITH"},{"data":"Gremlin:TwistTheKnife","floor":6.0,"key":"SMITH"},{"data":"Gremlin:SecondVolley","floor":18.0,"key":"SMITH"},{"data":"Gremlin:Duplicate","floor":23.0,"key":"SMITH"},{"data":"Gremlin:Erupt","floor":29.0,"key":"SMITH"},{"floor":35.0,"key":"REST"},{"floor":45.0,"key":"RECALL"},{"data":"Regret","floor":47.0,"key":"PURGE"},{"data":"Gremlin:Erupt","floor":54,"key":"SMITH"}],"circlet_count":0,"master_deck":["Gremlin:Strike+1","Gremlin:Strike+1","Gremlin:Defend+1","Gremlin:TagTeam","Gremlin:GremlinDance+1","Gremlin:TwistTheKnife+1","Gremlin:MakeshiftArmor+1","Gremlin:Kablamo+1","Gremlin:ShankStone","Gremlin:Duplicate+1","Gremlin:CounterStrike","Gremlin:GremlinOffensive","Gremlin:ShowOfHands","Gremlin:FairyDust+1","Gremlin:Pretaliation","Gremlin:Flurry","Gremlin:SecondVolley+1","Gremlin:AggressiveDefense+1","Gremlin:ProperTools+1","Gremlin:Tricksy+1","Gremlin:Erupt+1","Gremlin:BubbleBarrier","Gremlin:Glimmer+1","Gremlin:Pinprick+1","expansioncontent:Chronoboost","Gremlin:Tricksy+1","Gremlin:ShadowShiv","Gremlin:Patsy+1","Gremlin:BubbleBarrier+1","Gremlin:CounterStrike+1","Gremlin:Pinprick+1","Gremlin:BubbleBarrier+1","Gremlin:Erupt+1"],"relics":["Gremlin:GremlinKnob","Dream Catcher","champ:Barbells","Philosopher\u0027s Stone","Mercury Hourglass","Molten Egg 2","Membership Card","Centennial Puzzle","Gremlin:FragmentationGrenade","Cursed Key","Peace Pipe","Boot","downfall:HeartBlessingGreen","downfall:HeartBlessingBlue","downfall:HeartBlessingRed","Art of War","Mummified Hand","Shuriken"],"acts_visited":["Exordium","TheCity","TheBeyond","TheEnding"],"potions_floor_usage":[49,50,50,56],"damage_taken":[{"damage":0.0,"enemies":"Small Slimes","floor":2.0,"turns":4.0},{"damage":0.0,"enemies":"Cultist","floor":4.0,"turns":2.0},{"damage":0.0,"enemies":"2 Louse","floor":5.0,"turns":2.0},{"damage":0.0,"enemies":"2 Fungi Beasts","floor":8.0,"turns":2.0},{"damage":0.0,"enemies":"Lagavulin","floor":9.0,"turns":3.0},{"damage":0.0,"enemies":"downfall:FleeingMerchant","floor":10.0,"turns":4.0},{"damage":0.0,"enemies":"Large Slime","floor":11.0,"turns":2.0},{"damage":0.0,"enemies":"Gremlin Nob","floor":13.0,"turns":1.0},{"damage":0.0,"enemies":"Exordium Thugs","floor":14.0,"turns":4.0},{"damage":0.0,"enemies":"3 Louse","floor":15.0,"turns":1.0},{"damage":15.0,"enemies":"IC_STATUS_ARCHETYPE","floor":16.0,"turns":5.0},{"damage":0.0,"enemies":"Shell Parasite","floor":19.0,"turns":1.0},{"damage":0.0,"enemies":"Snake Plant","floor":20.0,"turns":1.0},{"damage":5.0,"enemies":"downfall:FleeingMerchant","floor":22.0,"turns":4.0},{"damage":0.0,"enemies":"Gremlin Leader","floor":25.0,"turns":3.0},{"damage":9.0,"enemies":"downfall:FleeingMerchant","floor":26.0,"turns":4.0},{"damage":0.0,"enemies":"3 Cultists","floor":30.0,"turns":3.0},{"damage":0.0,"enemies":"Cultist and Chosen","floor":32.0,"turns":3.0},{"damage":46.0,"enemies":"DF_ARCHETYPE_CLAW","floor":33.0,"turns":7.0},{"damage":0.0,"enemies":"Orb Walker","floor":36.0,"turns":1.0},{"damage":0.0,"enemies":"Gremlin Mirror","floor":37.0,"turns":2.0},{"damage":0.0,"enemies":"3 Shapes","floor":38.0,"turns":1.0},{"damage":0.0,"enemies":"Spire Growth","floor":40.0,"turns":2.0},{"damage":16.0,"enemies":"Maw","floor":43.0,"turns":5.0},{"damage":0.0,"enemies":"Giant Head","floor":44.0,"turns":4.0},{"damage":3.0,"enemies":"4 Shapes","floor":46.0,"turns":2.0},{"damage":0,"enemies":"Nemesis","floor":48,"turns":2},{"damage":15,"enemies":"Jaw Worm Horde","floor":49,"turns":2},{"damage":157,"enemies":"WA_ARCHETYPE_DIVINITY","floor":50,"turns":12},{"damage":7,"enemies":"downfall:CharBossMerchant","floor":52,"turns":4},{"damage":15,"enemies":"downfall:NeowBoss","floor":55,"turns":9},{"damage":109,"enemies":"downfall:NeowBossFinal","floor":56,"turns":11}],"seed_played":"3685185052119376865","potions_obtained":[{"floor":3.0,"key":"Strength Potion"},{"floor":3.0,"key":"Fruit Juice"},{"floor":3.0,"key":"EntropicBrew"},{"floor":4.0,"key":"gremlin:SwapPotion"},{"floor":5.0,"key":"Block Potion"},{"floor":9.0,"key":"PowerPotion"},{"floor":16.0,"key":"gremlin:SwapPotion"},{"floor":27.0,"key":"CultistPotion"},{"floor":33.0,"key":"PowerPotion"},{"floor":49,"key":"Swift Potion"}],"is_trial":false,"path_per_floor":["R","M","?","M","M","R","T","M","E","$","M","?","E","M","M","B",null,"R","M","M","?","$","R","T","E","$","?","?","R","M","$","M","B",null,"R","M","?","M","?","M","T","?","M","E","R","M","R","E","M","B",null,"E","$","R","B","B",null],"character_chosen":"GREMLIN","items_purchased":["Gremlin:GremlinOffensive","champ:Barbells","Membership Card","Centennial Puzzle","Gremlin:Glimmer+1","Gremlin:FragmentationGrenade","expansioncontent:Chronoboost","Shuriken","Weak Potion"],"campfire_rested":1,"item_purchase_floors":[10,10,26,26,26,31,31,53,53],"current_hp_per_floor":[22,22,22,23,23,23,23,23,23,23,23,23,23,23,23,8,23,23,23,23,23,18,18,18,23,14,14,14,14,14,14,23,23,23,23,23,23,23,23,23,23,23,8,8,10,7,7,25,25,1,25,25,25,25,25,10],"gold":13,"neow_bonus":"TEN_PERCENT_HP_BONUS","is_daily":false,"chose_seed":false,"campfire_upgraded":6,"win_rate":0.0,"timestamp":1612769713,"path_taken":["R","M","?","M","?","R","T","M","E","$","M","?","E","M","M","BOSS","R","M","M","?","$","R","T","E","$","?","?","R","M","?","M","BOSS","R","M","?","M","?","?","T","?","?","E","R","M","R","E","M","BOSS","E","$","R","BOSS","BOSS"],"items_purchased_type":["Card","Relic","Relic","Relic","Card","Relic","Card","Relic","Potion"],"build_version":"2020-12-22","purchased_purges":3,"victory":true,"max_hp_per_floor":[22,22,22,23,23,23,23,23,23,23,23,23,23,23,23,23,23,23,23,23,23,23,23,23,23,23,23,23,23,23,23,23,23,23,23,23,23,23,23,23,23,23,23,23,25,25,25,25,25,25,25,25,25,25,25,25],"relic_stats":{"Peace Pipe":1,"Dream Catcher":1,"Centennial Puzzle":[24],"counters":[32,114],"Mummified Hand":[6],"Shuriken":[15],"Art of War":[1],"Cursed Key":1,"Boot":[40],"obtain_stats":[{"champ:Barbells":10,"downfall:HeartBlessingRed":47,"downfall:HeartBlessingGreen":45,"Whetstone":7,"Cursed Key":34,"Boot":44,"Mercury Hourglass":24,"Peace Pipe":37,"Dream Catcher":9,"Centennial Puzzle":26,"downfall:HeartBlessingBlue":45,"Mummified Hand":52,"Shuriken":53,"Gremlin:GremlinKnob":0,"Philosopher\u0027s Stone":17,"Molten Egg 2":25,"Art of War":48,"Membership Card":26,"Gremlin:FragmentationGrenade":31},{"champ:Barbells":6,"downfall:HeartBlessingRed":26,"downfall:HeartBlessingGreen":25,"Whetstone":3,"Cursed Key":19,"Boot":25,"Mercury Hourglass":14,"Peace Pipe":21,"Dream Catcher":5,"Centennial Puzzle":16,"downfall:HeartBlessingBlue":25,"Mummified Hand":30,"Shuriken":30,"Gremlin:GremlinKnob":0,"Philosopher\u0027s Stone":11,"Molten Egg 2":15,"Art of War":27,"Membership Card":16,"Gremlin:FragmentationGrenade":17},{"champ:Barbells":17,"downfall:HeartBlessingRed":74,"downfall:HeartBlessingGreen":72,"Whetstone":8,"Cursed Key":57,"Boot":72,"Mercury Hourglass":36,"Peace Pipe":60,"Dream Catcher":13,"Centennial Puzzle":44,"downfall:HeartBlessingBlue":72,"Mummified Hand":94,"Shuriken":94,"Gremlin:GremlinKnob":0,"Philosopher\u0027s Stone":30,"Molten Egg 2":40,"Art of War":76,"Membership Card":44,"Gremlin:FragmentationGrenade":47}],"Mercury Hourglass":[221]},"card_choices":[{"not_picked":["Gremlin:Glimmer","Gremlin:Pinprick"],"picked":"Gremlin:TwistTheKnife","floor":2.0},{"not_picked":["Gremlin:GremlinMeal","Gremlin:Tricksy"],"picked":"Gremlin:MakeshiftArmor","floor":4.0},{"not_picked":["Gremlin:Pretaliation","Gremlin:PourSalt"],"picked":"Gremlin:Kablamo","floor":5.0},{"not_picked":["Gremlin:Jeer","Gremlin:Glimmer"],"picked":"Gremlin:ShankStone","floor":8.0},{"not_picked":["Gremlin:FollowThrough","Gremlin:CatScratch"],"picked":"Gremlin:Duplicate","floor":9.0},{"not_picked":["Gremlin:TwistTheKnife","Gremlin:Dazzle"],"picked":"Gremlin:CounterStrike","floor":10.0},{"not_picked":["Gremlin:ToeStub","Gremlin:Astound"],"picked":"Gremlin:ShowOfHands","floor":11.0},{"not_picked":["Gremlin:Stupend","Gremlin:InfiniteBlocks"],"picked":"Gremlin:FairyDust","floor":13.0},{"not_picked":["Gremlin:GremlinToss","Gremlin:TwistTheKnife"],"picked":"Gremlin:Pretaliation","floor":14.0},{"not_picked":["Gremlin:BulkUp","Gremlin:Glimmer"],"picked":"Gremlin:Flurry","floor":15.0},{"not_picked":["Gremlin:FairyDust","Gremlin:Erupt"],"picked":"Gremlin:SecondVolley","floor":16.0},{"not_picked":["Gremlin:Changeo","Gremlin:ToeStub+1"],"picked":"Gremlin:AggressiveDefense+1","floor":19.0},{"not_picked":["Gremlin:EdibleArmor","Gremlin:Glimmer"],"picked":"Gremlin:ProperTools+1","floor":20.0},{"not_picked":["Gremlin:Patsy","Gremlin:RageBreak"],"picked":"Gremlin:Tricksy","floor":22.0},{"not_picked":["Gremlin:DaggerDance+1","Gremlin:CatScratch+1"],"picked":"Gremlin:Erupt","floor":25.0},{"not_picked":["Gremlin:ShankStone+1","Gremlin:Duplicate"],"picked":"Gremlin:BubbleBarrier","floor":26.0},{"not_picked":["Gremlin:Presto+1","Gremlin:GremlinToss+1"],"picked":"Gremlin:Pinprick+1","floor":30.0},{"not_picked":["Gremlin:Pickpocket+1","Gremlin:Flurry+1"],"picked":"Gremlin:Tricksy+1","floor":32.0},{"not_picked":["Gremlin:Duplicate","Gremlin:TargetWeakness"],"picked":"Gremlin:ShadowShiv","floor":33.0},{"not_picked":["Gremlin:Jeer+1","Gremlin:BurlyBlow+1"],"picked":"Gremlin:Patsy","floor":35.0},{"not_picked":["Gremlin:GlitterGuard+1","Gremlin:ShankStone"],"picked":"Gremlin:BubbleBarrier+1","floor":36.0},{"not_picked":["Gremlin:Astound","Gremlin:Pretaliation+1"],"picked":"Gremlin:CounterStrike+1","floor":37.0},{"not_picked":["Gremlin:BulkUp","Gremlin:Changeo+1"],"picked":"Gremlin:Pinprick+1","floor":38.0},{"not_picked":["Gremlin:Tadah+1","Gremlin:ProperTools+1"],"picked":"Gremlin:BubbleBarrier+1","floor":40.0},{"not_picked":["Gremlin:CatScratch+1","Gremlin:Glimmer+1","Gremlin:Irritability+1"],"picked":"SKIP","floor":43.0},{"not_picked":["Gremlin:Tadah+1","Gremlin:GlitterGuard","Gremlin:ToeStub+1"],"picked":"SKIP","floor":44.0},{"not_picked":["Gremlin:IrksomeBlow+1","Gremlin:Tadah"],"picked":"Gremlin:Erupt","floor":46.0},{"not_picked":["Gremlin:Tricksy","Gremlin:ArmsTheft","Gremlin:TwistTheKnife+1"],"picked":"SKIP","floor":48},{"not_picked":["Gremlin:Glimmer+1","Gremlin:GremlinMeal","Gremlin:GremlinToss+1"],"picked":"SKIP","floor":49},{"not_picked":["Gremlin:BurlyBlow+1","Gremlin:Rhythm","Gremlin:TwistTheKnife+1"],"picked":"SKIP","floor":52}],"player_experience":1722318,"relics_obtained":[{"floor":7.0,"key":"Whetstone"},{"floor":9.0,"key":"Dream Catcher"},{"floor":24.0,"key":"Mercury Hourglass"},{"floor":25.0,"key":"Molten Egg 2"},{"floor":37.0,"key":"Peace Pipe"},{"floor":44.0,"key":"Boot"},{"floor":48,"key":"Art of War"},{"floor":52,"key":"Mummified Hand"}],"event_choices":[{"damage_healed":0.0,"max_hp_gain":0.0,"max_hp_loss":0.0,"gold_gain":0.0,"event_name":"Lab","player_choice":"Got Potions","floor":3.0,"gold_loss":0.0,"damage_taken":0.0},{"cards_removed":["Gremlin:Defend"],"damage_healed":0.0,"max_hp_gain":0.0,"max_hp_loss":0.0,"gold_gain":0.0,"event_name":"Falling","player_choice":"Removed Skill","floor":39.0,"gold_loss":0.0,"damage_taken":0.0}],"is_beta":false,"boss_relics":[{"not_picked":["Busted Crown","Empty Cage"],"picked":"Philosopher\u0027s Stone"},{"not_picked":["Pandora\u0027s Box","Coffee Dripper"],"picked":"Cursed Key"}],"items_purged_floors":[22,26,53],"is_endless":false,"potions_floor_spawned":[4,5,9,13,16,25,32,33,36,38,48,49],"ascension_level":0}}