{"host":"0u8wq8q0l49hd262","time":1612797251,"event":{"mods":["2.2 Compatiblity","AchievementEnabler","Act Like it!","BaseMod","Better Note","Better Third Choice","Block Reminder","Colored Map","Colored Powertips","GifTheSpireLib","Highlight Path","Minty Spire (QoL Compilation)","Pale of the Ancients","Permanent Neow","Quick Restart","Rare Cards Sparkle","Relic Sorter","Relic Stats","StSLib","Transform Curses","egg","everything is the same but u backflip on backflip"],"gold_per_floor":[109,109,129,147,72,72,106,106,106,106,120,120,145,130,130,230,230,241,241,141,141,152,152,169,202,202,221,221,231,246,279,279,379,429,446,446,461,479,206,236,236,236,259,274,304,102,102,113,113,113],"floor_reached":51,"language":"ENG","playtime":3300,"items_purged":["Defend_B","Fusion","Strike_B","Strike_B"],"score":873,"play_id":"57754a77-bfdd-423b-8462-726eec9312a0","local_time":"20210208161411","is_ascension_mode":true,"campfire_choices":[{"data":"Blizzard","floor":6,"key":"SMITH"},{"data":"Dualcast","floor":8,"key":"SMITH"},{"data":"Cold Snap","floor":10,"key":"SMITH"},{"floor":12,"key":"REST"},{"floor":15,"key":"REST"},{"data":"Machine Learning","floor":23,"key":"SMITH"},{"data":"Zap","floor":28,"key":"SMITH"},{"floor":32,"key":"REST"},{"data":"Darkness","floor":41,"key":"SMITH"},{"floor":49,"key":"REST"}],"circlet_count":0,"master_deck":["Strike_B","Defend_B+1","Defend_B+1","Zap+1","Dualcast+1","Chill+1","Blizzard+1","Cold Snap+1","Cold Snap","Machine Learning+1","Defragment+1","Darkness+1","Seek+1","Blizzard+1","Defragment+1","Redo","Skim+1"],"relics":["Inserter","Mummified Hand","Sundial","Cables","Sozu","Ornamental Fan","White Beast Statue","War Paint","Tiny House","DollysMirror","Kunai","Oddly Smooth Stone","Toy Ornithopter"],"acts_visited":["Exordium","TheCity","TheBeyond"],"potions_floor_usage":[14,16,50],"damage_taken":[{"damage":1,"enemies":"Cultist","floor":1,"turns":4},{"damage":5,"enemies":"Small Slimes","floor":3,"turns":4},{"damage":9,"enemies":"Jaw Worm","floor":4,"turns":4},{"damage":40,"enemies":"Gremlin Nob","floor":7,"turns":5},{"damage":7,"enemies":"Gremlin Gang","floor":11,"turns":4},{"damage":11,"enemies":"Lagavulin","floor":13,"turns":7},{"damage":15,"enemies":"Exordium Thugs","floor":14,"turns":4},{"damage":15,"enemies":"Hexaghost","floor":16,"turns":11},{"damage":9,"enemies":"Spheric Guardian","floor":18,"turns":5},{"damage":3,"enemies":"Chosen","floor":22,"turns":6},{"damage":0,"enemies":"Centurion and Healer","floor":24,"turns":6},{"damage":12,"enemies":"Book of Stabbing","floor":25,"turns":6},{"damage":0,"enemies":"Shelled Parasite and Fungi","floor":27,"turns":5},{"damage":0,"enemies":"Sentry and Sphere","floor":29,"turns":5},{"damage":8,"enemies":"Snake Plant","floor":30,"turns":5},{"damage":16,"enemies":"Slavers","floor":31,"turns":6},{"damage":27,"enemies":"Automaton","floor":33,"turns":8},{"damage":6,"enemies":"3 Shapes","floor":35,"turns":4},{"damage":10,"enemies":"Orb Walker","floor":37,"turns":5},{"damage":5,"enemies":"Spire Growth","floor":38,"turns":5},{"damage":12,"enemies":"Reptomancer","floor":40,"turns":6},{"damage":10,"enemies":"Sphere and 2 Shapes","floor":44,"turns":4},{"damage":19,"enemies":"Giant Head","floor":45,"turns":9},{"damage":11,"enemies":"Maw","floor":48,"turns":6},{"damage":20,"enemies":"Time Eater","floor":50,"turns":7}],"seed_played":"-6013935739230660330","potions_obtained":[{"floor":1,"key":"Swift Potion"},{"floor":14,"key":"ColorlessPotion"},{"floor":16,"key":"Energy Potion"}],"is_trial":false,"path_per_floor":["M","?","M","M","$","R","E","R","T","R","M","R","E","M","R","B",null,"M","?","$","?","M","R","M","E","T","M","R","M","M","E","R","B",null,"M","?","M","M","$","E","R","?","T","M","E","$","?","M","R","B",null],"character_chosen":"DEFECT","items_purchased":["DollysMirror","Redo"],"campfire_rested":4,"item_purchase_floors":[39,46],"current_hp_per_floor":[74,74,69,60,60,60,20,20,20,20,13,35,24,9,31,16,75,66,66,66,66,63,63,63,51,51,51,51,51,43,27,49,22,80,74,74,64,59,59,47,47,42,42,32,13,13,13,2,26,11],"gold":113,"neow_bonus":"BOSS_RELIC","is_daily":false,"chose_seed":false,"campfire_upgraded":6,"win_rate":0.0,"timestamp":1612797251,"path_taken":["M","?","M","M","$","R","E","R","T","R","M","R","E","M","R","BOSS","M","?","$","?","?","R","M","E","T","M","R","M","M","E","R","BOSS","M","?","M","M","$","E","R","?","T","M","E","$","?","M","R","BOSS"],"items_purchased_type":["Relic","Card"],"build_version":"2020-12-22","purchased_purges":4,"victory":true,"max_hp_per_floor":[75,75,75,75,75,75,75,75,75,75,75,75,75,75,75,75,75,75,75,75,75,75,75,75,75,75,75,75,75,75,75,75,75,80,80,80,80,80,80,80,80,80,80,80,80,80,80,80,80,80],"relic_stats":{"Sozu":17,"Inserter":[70],"counters":[25,141],"Mummified Hand":[36],"Sundial":[40],"Ornamental Fan":[120],"Kunai":[9],"War Paint":["Defend_B","Defend_B"],"obtain_stats":[{"Inserter":0,"Tiny House":34,"Oddly Smooth Stone":43,"War Paint":31,"White Beast Statue":26,"Cables":13,"Sozu":17,"Mummified Hand":7,"Sundial":9,"Ornamental Fan":25,"DollysMirror":39,"Kunai":40,"Cracked Core":0,"Toy Ornithopter":45},{"Inserter":0,"Tiny House":17,"Oddly Smooth Stone":21,"War Paint":16,"White Beast Statue":12,"Cables":6,"Sozu":8,"Mummified Hand":4,"Sundial":4,"Ornamental Fan":12,"DollysMirror":20,"Kunai":21,"Cracked Core":0,"Toy Ornithopter":23},{"Inserter":0,"Tiny House":95,"Oddly Smooth Stone":115,"War Paint":87,"White Beast Statue":66,"Cables":28,"Sozu":43,"Mummified Hand":17,"Sundial":17,"Ornamental Fan":66,"DollysMirror":109,"Kunai":115,"Cracked Core":0,"Toy Ornithopter":128}],"Toy Ornithopter":5,"Cables":[103,2,83,18,0]},"card_choices":[{"not_picked":["Compile Driver","Coolheaded"],"picked":"Chill","floor":1},{"not_picked":["Barrage","Rebound","Steam"],"picked":"SKIP","floor":3},{"not_picked":["Compile Driver","Sweeping Beam"],"picked":"Blizzard","floor":4},{"not_picked":["Compile Driver","Force Field"],"picked":"Cold Snap","floor":7},{"not_picked":["Conserve Battery","Compile Driver"],"picked":"Cold Snap","floor":11},{"not_picked":["Streamline","Force Field","Turbo"],"picked":"SKIP","floor":13},{"not_picked":["Cold Snap","Conserve Battery","Leap"],"picked":"SKIP","floor":14},{"not_picked":["Meteor Strike","Fission"],"picked":"Machine Learning","floor":16},{"not_picked":["Streamline","Gash","Turbo+1"],"picked":"SKIP","floor":18},{"not_picked":["Hello World+1","Tempest","BootSequence+1"],"picked":"SKIP","floor":22},{"not_picked":["Rebound","Turbo","Leap"],"picked":"SKIP","floor":24},{"not_picked":["Double Energy","Static Discharge+1","Hyperbeam"],"picked":"SKIP","floor":25},{"not_picked":["Turbo","Stack+1","Go for the Eyes"],"picked":"SKIP","floor":27},{"not_picked":["Turbo+1","Rebound","Undo+1"],"picked":"SKIP","floor":29},{"not_picked":["Redo","Coolheaded","Leap"],"picked":"SKIP","floor":30},{"not_picked":["Go for the Eyes","Force Field"],"picked":"Darkness","floor":31},{"not_picked":["Machine Learning","Amplify"],"picked":"Seek","floor":33},{"not_picked":["BootSequence","Heatsinks"],"picked":"Blizzard+1","floor":35},{"not_picked":["Conserve Battery","Cold Snap","Heatsinks"],"picked":"SKIP","floor":37},{"not_picked":["Chill","Recycle+1","Biased Cognition"],"picked":"SKIP","floor":38},{"not_picked":["Scrape+1","Stack","Barrage"],"picked":"SKIP","floor":40},{"not_picked":["White Noise","Turbo","Tempest+1"],"picked":"SKIP","floor":44},{"not_picked":["Self Repair+1","Hyperbeam","Stack"],"picked":"SKIP","floor":45},{"not_picked":["Redo","Sunder+1"],"picked":"Skim+1","floor":48}],"player_experience":394058,"relics_obtained":[{"floor":7,"key":"Mummified Hand"},{"floor":9,"key":"Sundial"},{"floor":13,"key":"Cables"},{"floor":25,"key":"Ornamental Fan"},{"floor":26,"key":"White Beast Statue"},{"floor":31,"key":"War Paint"},{"floor":40,"key":"Kunai"},{"floor":43,"key":"Oddly Smooth Stone"},{"floor":45,"key":"Toy Ornithopter"}],"event_choices":[{"damage_healed":0,"gold_gain":0,"player_choice":"Grow","damage_taken":0,"max_hp_gain":0,"max_hp_loss":0,"event_name":"Living Wall","floor":2,"gold_loss":0,"cards_upgraded":["Chill"]},{"damage_healed":0,"gold_gain":0,"cards_transformed":["Strike_B","Defend_B"],"player_choice":"Became Test Subject","damage_taken":0,"max_hp_gain":0,"max_hp_loss":0,"event_name":"Drug Dealer","floor":19,"gold_loss":0,"cards_obtained":["Defragment","Fusion"]},{"damage_healed":0,"gold_gain":0,"player_choice":"Forge","damage_taken":0,"max_hp_gain":0,"max_hp_loss":0,"event_name":"Accursed Blacksmith","floor":21,"gold_loss":0,"cards_upgraded":["Defragment"]},{"damage_healed":0,"gold_gain":0,"player_choice":"Ignored","damage_taken":0,"max_hp_gain":0,"max_hp_loss":0,"event_name":"Tomb of Lord Red Mask","floor":36,"gold_loss":0},{"damage_healed":0,"gold_gain":0,"player_choice":"Memory 2","damage_taken":5,"max_hp_gain":0,"max_hp_loss":0,"event_name":"SensoryStone","floor":42,"gold_loss":0},{"damage_healed":0,"gold_gain":0,"player_choice":"Got Potions","damage_taken":0,"max_hp_gain":0,"max_hp_loss":0,"event_name":"Lab","floor":47,"gold_loss":0}],"is_beta":false,"boss_relics":[{"not_picked":["Runic Dome","Black Star"],"picked":"Sozu"},{"not_picked":["Astrolabe","Philosopher\u0027s Stone"],"picked":"Tiny House"}],"items_purged_floors":[5,20,39,46],"is_endless":false,"potions_floor_spawned":[1,14,16,22,27,29,30,31,33,35,37,38,40,44,45,48],"ascension_level":4}}