{"host":"sav7uxregyirlf69","time":1612769462,"event":{"mods":["AchievementEnabler","BaseMod","Colored Map","DeckTracker","Keyboard Shortcuts","Minty Spire (QoL Compilation)","READ ME - Guardian Mod","StSLib","SuperFastMode"],"gold_per_floor":[119,33,33,33,33,33,77,95,95,95,133,152,152,165,165,261,261,285,268,289,289,53,53,93,107,134,134,153,153,197,197,197,295,295,315,330,348,348,362,362,397,397,445,466,466,484,500,515,515,515,515],"floor_reached":50,"language":"KOR","playtime":1263,"items_purged":["Clash"],"score":1223,"play_id":"db80e6ba-7079-447f-a958-cd92b7ba3944","local_time":"20210208163102","is_ascension_mode":true,"campfire_choices":[{"data":"Carnage","floor":6.0,"key":"SMITH"},{"data":"Pommel Strike","floor":10.0,"key":"SMITH"},{"data":"Pommel Strike","floor":13.0,"key":"SMITH"},{"data":"Pommel Strike","floor":15.0,"key":"SMITH"},{"data":"Barricade","floor":23,"key":"SMITH"},{"floor":27,"key":"REST"},{"data":"Feel No Pain","floor":32,"key":"SMITH"},{"floor":40,"key":"REST"},{"floor":42,"key":"RECALL"},{"floor":45,"key":"REST"},{"data":"Dark Embrace","floor":49,"key":"SMITH"}],"circlet_count":0,"master_deck":["AscendersBane","Shockwave","Carnage+1","Warcry+1","Pommel Strike+1","Pommel Strike+1","Pommel Strike+1","Fiend Fire","Ghostly Armor","Carnage","Ghostly Armor","Immolate","Combust","Barricade+1","Twin Strike","Shrug It Off+1","Second Wind+1","Entrench+1","Feel No Pain+1","Rage+1","Dark Embrace+1"],"relics":["Burning Blood","NeowsBlessing","Golden Idol","Sundial","Kunai","Charon\u0027s Ashes","Pandora\u0027s Box","Lee\u0027s Waffle","Boot","Singing Bowl","Empty Cage","Darkstone Periapt","Bronze Scales"],"acts_visited":["Exordium","TheCity","TheBeyond"],"potions_floor_usage":[16,33,36,39],"damage_taken":[{"damage":0.0,"enemies":"2 Louse","floor":1.0,"turns":1.0},{"damage":0.0,"enemies":"Gremlin Nob","floor":7.0,"turns":1.0},{"damage":0.0,"enemies":"Cultist","floor":8.0,"turns":1.0},{"damage":30.0,"enemies":"3 Sentries","floor":11.0,"turns":6.0},{"damage":0.0,"enemies":"Small Slimes","floor":12.0,"turns":2.0},{"damage":7.0,"enemies":"Looter","floor":14.0,"turns":3.0},{"damage":8,"enemies":"The Guardian","floor":16,"turns":4},{"damage":21,"enemies":"Shell Parasite","floor":18,"turns":4},{"damage":13,"enemies":"2 Thieves","floor":19,"turns":4},{"damage":33,"enemies":"Cultist and Chosen","floor":20,"turns":5},{"damage":38,"enemies":"Gremlin Leader","floor":24,"turns":9},{"damage":8,"enemies":"Shelled Parasite and Fungi","floor":25,"turns":6},{"damage":1,"enemies":"3 Cultists","floor":28,"turns":4},{"damage":44,"enemies":"Book of Stabbing","floor":30,"turns":6},{"damage":7,"enemies":"Champ","floor":33,"turns":6},{"damage":3,"enemies":"3 Shapes","floor":35,"turns":6},{"damage":14,"enemies":"3 Darklings","floor":36,"turns":4},{"damage":11,"enemies":"Sphere and 2 Shapes","floor":37,"turns":7},{"damage":65,"enemies":"Writhing Mass","floor":39,"turns":11},{"damage":0,"enemies":"Nemesis","floor":41,"turns":8},{"damage":0,"enemies":"Maw","floor":44,"turns":6},{"damage":11,"enemies":"3 Darklings","floor":46,"turns":3},{"damage":39,"enemies":"Jaw Worm Horde","floor":47,"turns":4},{"damage":15,"enemies":"Maw","floor":48,"turns":4},{"damage":53,"enemies":"Donu and Deca","floor":50,"turns":5}],"seed_played":"6780943094084879950","potions_obtained":[{"floor":1.0,"key":"GamblersBrew"},{"floor":5.0,"key":"ElixirPotion"},{"floor":7.0,"key":"SteroidPotion"},{"floor":18,"key":"FearPotion"},{"floor":30,"key":"BloodPotion"},{"floor":33,"key":"Swift Potion"},{"floor":44,"key":"AttackPotion"},{"floor":47,"key":"ElixirPotion"}],"is_trial":false,"path_per_floor":["M","$","?","?","?","R","E","M","T","R","E","M","R","M","R","B",null,"M","M","M","?","$","R","E","M","T","R","M","?","E","?","R","B",null,"M","M","M","?","M","R","E","R","T","M","R","M","M","M","R","B"],"character_chosen":"IRONCLAD","items_purchased":["Carnage","Lee\u0027s Waffle"],"campfire_rested":3,"item_purchase_floors":[2,22],"current_hp_per_floor":[74,74,74,48,48,48,54,60,60,60,36,42,42,41,41,39,66,51,44,17,17,82,82,50,48,48,72,77,77,41,41,41,42,75,80,74,71,71,32,60,68,68,68,74,96,93,60,53,53,0,0],"gold":515,"neow_bonus":"THREE_ENEMY_KILL","is_daily":false,"chose_seed":false,"campfire_upgraded":7,"win_rate":0.0,"timestamp":1612769462,"path_taken":["M","$","?","?","?","R","E","M","T","R","E","M","R","M","R","BOSS","M","M","?","?","$","R","E","M","T","R","M","?","E","?","R","BOSS","M","M","M","?","M","R","E","R","T","M","R","M","M","M","R","BOSS"],"items_purchased_type":["Card","Relic"],"build_version":"2020-12-22","purchased_purges":1,"victory":false,"max_hp_per_floor":[75,75,75,75,75,75,75,75,75,75,75,75,75,75,75,75,75,75,75,75,75,82,82,82,82,82,82,82,82,84,84,84,86,86,88,90,92,92,94,94,96,96,96,96,96,98,98,100,100,100,100],"card_choices":[{"not_picked":["Bloodletting","Perfected Strike"],"picked":"Shockwave","floor":1.0},{"not_picked":["True Grit","Perfected Strike"],"picked":"Warcry","floor":7.0},{"not_picked":["Havoc","Headbutt"],"picked":"Pommel Strike","floor":8.0},{"not_picked":["Perfected Strike","Reckless Charge","Twin Strike"],"picked":"SKIP","floor":11.0},{"not_picked":["Body Slam","Havoc"],"picked":"Pommel Strike","floor":12.0},{"not_picked":["Headbutt","Inflame"],"picked":"Pommel Strike","floor":14.0},{"not_picked":["Demon Form","Limit Break"],"picked":"Fiend Fire","floor":16},{"not_picked":["Body Slam","Sword Boomerang"],"picked":"Shrug It Off+1","floor":18},{"not_picked":["True Grit","Rupture","Juggernaut"],"picked":"SKIP","floor":19},{"not_picked":["Rupture","Dark Embrace"],"picked":"Second Wind+1","floor":20},{"not_picked":["Bloodletting","Flex"],"picked":"Entrench+1","floor":24},{"not_picked":["Wild Strike","Headbutt","Rampage"],"picked":"SKIP","floor":25},{"not_picked":["Havoc","Second Wind","Searing Blow"],"picked":"SKIP","floor":28},{"not_picked":["Spot Weakness","Cleave","Headbutt"],"picked":"Singing Bowl","floor":30},{"not_picked":["Juggernaut","Demon Form","Feed"],"picked":"Singing Bowl","floor":33},{"not_picked":["Thunderclap","Pummel","Cleave"],"picked":"Singing Bowl","floor":35},{"not_picked":["Metallicize","Armaments","Inflame+1"],"picked":"Singing Bowl","floor":36},{"not_picked":["Reckless Charge","Clothesline","Warcry"],"picked":"Singing Bowl","floor":37},{"not_picked":["Disarm","Thunderclap","Combust"],"picked":"Singing Bowl","floor":39},{"not_picked":["Limit Break","Sentinel","Hemokinesis"],"picked":"Singing Bowl","floor":41},{"not_picked":["Clash","Dropkick"],"picked":"Rage+1","floor":44},{"not_picked":["Perfected Strike","Clothesline","Pummel"],"picked":"Singing Bowl","floor":46},{"not_picked":["Twin Strike","Thunderclap"],"picked":"Dark Embrace","floor":47},{"not_picked":["Headbutt+1","Clash","Combust"],"picked":"Singing Bowl","floor":48}],"player_experience":1521698,"relics_obtained":[{"floor":7.0,"key":"Sundial"},{"floor":9.0,"key":"Kunai"},{"floor":11.0,"key":"Charon\u0027s Ashes"},{"floor":24,"key":"Boot"},{"floor":30,"key":"Singing Bowl"},{"floor":41,"key":"Darkstone Periapt"},{"floor":43,"key":"Bronze Scales"}],"event_choices":[{"damage_healed":0.0,"max_hp_gain":0.0,"max_hp_loss":0.0,"gold_gain":0.0,"event_name":"Liars Game","player_choice":"Ignored","floor":3.0,"gold_loss":0.0,"damage_taken":0.0},{"damage_healed":0.0,"max_hp_gain":0.0,"max_hp_loss":0.0,"gold_gain":0.0,"event_name":"Golden Idol","player_choice":"Take Damage","floor":4.0,"gold_loss":0.0,"damage_taken":26.0,"relics_obtained":["Golden Idol"]},{"damage_healed":0.0,"max_hp_gain":0.0,"max_hp_loss":0.0,"gold_gain":0.0,"event_name":"Lab","player_choice":"Got Potions","floor":5.0,"gold_loss":0.0,"damage_taken":0.0},{"damage_healed":0,"gold_gain":0,"player_choice":"Ignored","damage_taken":0,"max_hp_gain":0,"max_hp_loss":0,"event_name":"The Mausoleum","floor":21,"gold_loss":0},{"damage_healed":0,"gold_gain":0,"player_choice":"Ignored","damage_taken":0,"max_hp_gain":0,"max_hp_loss":0,"event_name":"Cursed Tome","floor":29,"gold_loss":0},{"damage_healed":0,"gold_gain":0,"player_choice":"Read","damage_taken":0,"max_hp_gain":0,"max_hp_loss":0,"event_name":"The Library","floor":31,"gold_loss":0,"cards_obtained":["Feel No Pain"]},{"damage_healed":0,"gold_gain":0,"player_choice":"Upgraded","damage_taken":0,"max_hp_gain":0,"max_hp_loss":0,"event_name":"Upgrade Shrine","floor":38,"gold_loss":0,"cards_upgraded":["Warcry"]}],"is_beta":false,"boss_relics":[{"not_picked":["Runic Dome","Busted Crown"],"picked":"Pandora\u0027s Box"},{"not_picked":["Sozu","Fusion Hammer"],"picked":"Empty Cage"}],"items_purged_floors":[22],"is_endless":false,"potions_floor_spawned":[1,7,18,20,30,33,35,44,47,48],"killed_by":"Donu and Deca","ascension_level":20}}