{"host":"szp1d6dso4pv7ddl","time":1612765247,"event":{"mods":["AchievementEnabler","Alarm Clock","BaseMod","Bestiary","Block Reminder","Colored Map","Colored Powertips","Curses Come First","Dark Map","Displayed Cursed Tome","Highlight Path","Minty Spire (QoL Compilation)","Permanent Neow","Quick Restart","Relic Sorter","Relic Stats","StSLib","Synergy Search"],"gold_per_floor":[99,99,99,20,20,20,20,20,20,20,20,20,20,20,20,20,20,20,0,0,0,0,0,0,0,0,0,0,0,0,0,0,0,0,0,0,0,0,0,0,0,0,0,0,0,0,0,0,0,0],"floor_reached":51,"language":"ENG","playtime":4222,"items_purged":[],"score":1189,"play_id":"e3e0aa87-931d-4e6d-b397-22cf5edb1fc7","local_time":"20210207222047","is_ascension_mode":true,"campfire_choices":[{"floor":7.0,"key":"REST"},{"floor":15.0,"key":"REST"},{"floor":23.0,"key":"REST"},{"data":"Crippling Poison","floor":25.0,"key":"SMITH"},{"floor":28.0,"key":"REST"},{"floor":32.0,"key":"REST"},{"floor":40.0,"key":"REST"},{"floor":42.0,"key":"REST"},{"floor":49.0,"key":"REST"}],"circlet_count":0,"master_deck":["AscendersBane","Survivor","Neutralize","Noxious Fumes","Crippling Poison+1","Footwork+1","Escape Plan","Footwork","Dodge and Roll","Leg Sweep","PiercingWail","Neutralize","Adrenaline","Cloak And Dagger","Blur","Bullet Time","Sucker Punch","Poisoned Stab","Slice","Adrenaline","A Thousand Cuts","Poisoned Stab","Crippling Poison+1","Cloak And Dagger","Poisoned Stab","Cloak And Dagger","Night Terror","CurseOfTheBell","Blur","Prepared+1","Predator+1","Prepared","Parasite","Dodge and Roll+1","Backflip+1","Calculated Gamble+1"],"relics":["Ectoplasm","Matryoshka","Gremlin Horn","Strawberry","Lizard Tail","Pandora\u0027s Box","Bag of Preparation","Blood Vial","Art of War","Calling Bell","MawBank","Pantograph","Shovel","Toxic Egg 2","Red Mask"],"acts_visited":["Exordium","TheCity","TheBeyond"],"potions_floor_usage":[50],"damage_taken":[{"damage":4.0,"enemies":"Jaw Worm","floor":1.0,"turns":5.0},{"damage":5.0,"enemies":"Small Slimes","floor":2.0,"turns":5.0},{"damage":2.0,"enemies":"Cultist","floor":3.0,"turns":5.0},{"damage":46.0,"enemies":"Gremlin Nob","floor":6.0,"turns":6.0},{"damage":25.0,"enemies":"3 Sentries","floor":10.0,"turns":8.0},{"damage":0.0,"enemies":"3 Louse","floor":12.0,"turns":4.0},{"damage":14.0,"enemies":"Gremlin Gang","floor":13.0,"turns":4.0},{"damage":18.0,"enemies":"The Guardian","floor":16.0,"turns":15.0},{"damage":0.0,"enemies":"Chosen","floor":18.0,"turns":6.0},{"damage":19.0,"enemies":"Shell Parasite","floor":21.0,"turns":5.0},{"damage":27.0,"enemies":"Slavers","floor":24.0,"turns":7.0},{"damage":23.0,"enemies":"Snecko","floor":27.0,"turns":7.0},{"damage":4.0,"enemies":"Centurion and Healer","floor":29.0,"turns":6.0},{"damage":21.0,"enemies":"Snake Plant","floor":31.0,"turns":4.0},{"damage":59.0,"enemies":"Champ","floor":33.0,"turns":16.0},{"damage":14.0,"enemies":"3 Shapes","floor":35.0,"turns":3.0},{"damage":12.0,"enemies":"3 Darklings","floor":36.0,"turns":7.0},{"damage":30.0,"enemies":"Spire Growth","floor":38.0,"turns":7.0},{"damage":12.0,"enemies":"Jaw Worm Horde","floor":39.0,"turns":6.0},{"damage":19.0,"enemies":"Writhing Mass","floor":41.0,"turns":9.0},{"damage":11.0,"enemies":"3 Darklings","floor":45.0,"turns":5.0},{"damage":0.0,"enemies":"Jaw Worm Horde","floor":47.0,"turns":4.0},{"damage":59,"enemies":"Awakened One","floor":50,"turns":18}],"seed_played":"5172500494523439842","potions_obtained":[{"floor":1.0,"key":"EntropicBrew"},{"floor":10.0,"key":"LiquidMemories"},{"floor":27.0,"key":"Poison Potion"},{"floor":31.0,"key":"DistilledChaos"},{"floor":33.0,"key":"FearPotion"},{"floor":36.0,"key":"DuplicationPotion"},{"floor":38.0,"key":"SpeedPotion"},{"floor":45.0,"key":"CultistPotion"}],"is_trial":false,"path_per_floor":["M","M","M","$","?","E","R","?","T","E","?","M","M","?","R","B",null,"M","?","?","M","?","R","E","R","T","M","R","M","?","M","R","B",null,"M","M","?","M","M","R","M","R","T","?","M","$","M","$","R","B",null],"character_chosen":"THE_SILENT","items_purchased":["Escape Plan"],"campfire_rested":8,"item_purchase_floors":[4],"current_hp_per_floor":[55,50,48,48,48,2,21,21,28,3,21,21,7,7,28,10,57,57,57,57,38,38,59,32,32,32,11,32,30,30,11,32,35,61,49,39,39,11,1,22,5,26,26,26,17,17,19,19,40,8],"gold":0,"neow_bonus":"BOSS_RELIC","is_daily":false,"chose_seed":false,"campfire_upgraded":1,"win_rate":0.0,"timestamp":1612765247,"path_taken":["M","M","M","$","?","E","R","?","T","E","?","?","M","?","R","BOSS","M","?","?","M","?","R","E","R","T","?","R","?","?","M","R","BOSS","M","M","?","M","M","R","?","R","T","?","M","$","M","$","R","BOSS"],"items_purchased_type":["Card"],"build_version":"2020-12-22","purchased_purges":0,"victory":true,"max_hp_per_floor":[66,66,66,66,66,66,66,66,73,73,73,73,73,73,73,73,73,73,73,73,73,70,70,70,70,70,70,70,70,70,70,70,70,70,70,70,70,70,70,70,70,70,70,70,70,70,70,70,70,70],"relic_stats":{"Blood Vial":24,"Lizard Tail":35,"Shovel":0,"Gremlin Horn":[17,17],"counters":[23,162],"Pantograph":25,"Pandora\u0027s Box":["Eviscerate","Cloak And Dagger","Blur","Bullet Time","Sucker Punch","Poisoned Stab","Slice","Adrenaline","A Thousand Cuts","Poisoned Stab"],"Ectoplasm":782,"Bag of Preparation":[24],"Art of War":[5],"MawBank":0,"obtain_stats":[{"Gremlin Horn":9,"Bag of Preparation":24,"MawBank":34,"Blood Vial":26,"Calling Bell":34,"Lizard Tail":10,"Matryoshka":6,"Shovel":34,"Strawberry":9,"Pantograph":34,"Pandora\u0027s Box":17,"Ectoplasm":0,"Art of War":26,"Red Mask":44,"Toxic Egg 2":43,"Ring of the Snake":0},{"Gremlin Horn":4,"Bag of Preparation":11,"MawBank":15,"Blood Vial":11,"Calling Bell":15,"Lizard Tail":5,"Matryoshka":4,"Shovel":15,"Strawberry":4,"Pantograph":15,"Pandora\u0027s Box":8,"Ectoplasm":0,"Art of War":11,"Red Mask":20,"Toxic Egg 2":20,"Ring of the Snake":0},{"Gremlin Horn":21,"Bag of Preparation":70,"MawBank":103,"Blood Vial":70,"Calling Bell":103,"Lizard Tail":29,"Matryoshka":21,"Shovel":103,"Strawberry":21,"Pantograph":103,"Pandora\u0027s Box":52,"Ectoplasm":0,"Art of War":70,"Red Mask":135,"Toxic Egg 2":135,"Ring of the Snake":0}]},"card_choices":[{"not_picked":["Flechettes","Sucker Punch"],"picked":"Noxious Fumes","floor":1.0},{"not_picked":["Dodge and Roll","Infinite Blades"],"picked":"Crippling Poison","floor":2.0},{"not_picked":["Skewer","Blade Dance"],"picked":"Footwork","floor":3.0},{"not_picked":["Infinite Blades","Dagger Throw"],"picked":"Footwork","floor":6.0},{"not_picked":["Dagger Throw","Deadly Poison"],"picked":"Dodge and Roll","floor":10.0},{"not_picked":["PiercingWail","Heel Hook"],"picked":"Leg Sweep","floor":12.0},{"not_picked":["Deflect","Flechettes"],"picked":"PiercingWail","floor":13.0},{"not_picked":["Bullet Time","Storm of Steel"],"picked":"Adrenaline","floor":16.0},{"not_picked":["PiercingWail","Reflex"],"picked":"Crippling Poison","floor":18.0},{"not_picked":["Sucker Punch","Prepared"],"picked":"Cloak And Dagger","floor":21.0},{"not_picked":["Backstab","Endless Agony"],"picked":"Poisoned Stab","floor":24.0},{"not_picked":["Skewer+1","Slice","Masterful Stab"],"picked":"SKIP","floor":27.0},{"not_picked":["Choke","Concentrate"],"picked":"Cloak And Dagger","floor":29.0},{"not_picked":["Concentrate+1","Dagger Throw+1","Underhanded Strike+1"],"picked":"SKIP","floor":31.0},{"not_picked":["Envenom","Glass Knife"],"picked":"Night Terror","floor":33.0},{"not_picked":["Dagger Throw","Dodge and Roll"],"picked":"Blur","floor":35.0},{"not_picked":["Tactician+1","Cloak And Dagger"],"picked":"Prepared+1","floor":36.0},{"not_picked":["Envenom","Flying Knee"],"picked":"Predator+1","floor":38.0},{"not_picked":["Blade Dance+1","Bane"],"picked":"Prepared","floor":39.0},{"not_picked":["Reflex","Blade Dance"],"picked":"Dodge and Roll+1","floor":41.0},{"not_picked":["Infinite Blades","Outmaneuver+1"],"picked":"Backflip+1","floor":45.0},{"not_picked":["Slice+1","Sucker Punch"],"picked":"Calculated Gamble+1","floor":47.0}],"player_experience":1402278,"relics_obtained":[{"floor":6.0,"key":"Matryoshka"},{"floor":9.0,"key":"Gremlin Horn"},{"floor":9.0,"key":"Strawberry"},{"floor":10.0,"key":"Lizard Tail"},{"floor":24.0,"key":"Bag of Preparation"},{"floor":26.0,"key":"Blood Vial"},{"floor":26.0,"key":"Art of War"},{"floor":34.0,"key":"MawBank"},{"floor":34.0,"key":"Pantograph"},{"floor":34.0,"key":"Shovel"},{"floor":43.0,"key":"Toxic Egg 2"}],"event_choices":[{"damage_healed":0.0,"max_hp_gain":0.0,"max_hp_loss":0.0,"gold_gain":0.0,"event_name":"Living Wall","player_choice":"Grow","floor":5.0,"gold_loss":0.0,"damage_taken":0.0,"cards_upgraded":["Crippling Poison"]},{"damage_healed":0.0,"max_hp_gain":0.0,"max_hp_loss":0.0,"gold_gain":0.0,"event_name":"Shining Light","player_choice":"Ignored","floor":8.0,"gold_loss":0.0,"damage_taken":0.0},{"damage_healed":18.0,"max_hp_gain":0.0,"max_hp_loss":0.0,"gold_gain":0.0,"event_name":"Mushrooms","player_choice":"Healed and dodged fight","floor":11.0,"gold_loss":0.0,"damage_taken":0.0,"cards_obtained":["Parasite"]},{"damage_healed":0.0,"max_hp_gain":0.0,"max_hp_loss":0.0,"gold_gain":0.0,"event_name":"Match and Keep!","player_choice":"1 cards matched","floor":14.0,"gold_loss":0.0,"damage_taken":0.0,"cards_obtained":["Neutralize"]},{"damage_healed":0.0,"max_hp_gain":0.0,"max_hp_loss":0.0,"gold_gain":0.0,"event_name":"Masked Bandits","player_choice":"Paid Fearfully","floor":19.0,"gold_loss":20.0,"damage_taken":0.0},{"damage_healed":0.0,"max_hp_gain":0.0,"max_hp_loss":0.0,"gold_gain":50.0,"event_name":"Nest","player_choice":"Stole From Cult","floor":20.0,"gold_loss":0.0,"damage_taken":0.0},{"cards_removed":["Parasite"],"damage_healed":0.0,"max_hp_gain":0.0,"max_hp_loss":0.0,"gold_gain":0.0,"event_name":"Purifier","player_choice":"Purged","floor":22.0,"gold_loss":0.0,"damage_taken":0.0},{"cards_removed":["Eviscerate"],"damage_healed":0.0,"max_hp_gain":0.0,"max_hp_loss":0.0,"gold_gain":0.0,"event_name":"Back to Basics","player_choice":"Elegance","floor":30.0,"gold_loss":0.0,"damage_taken":0.0},{"damage_healed":0.0,"max_hp_gain":0.0,"max_hp_loss":0.0,"gold_gain":0.0,"event_name":"Upgrade Shrine","player_choice":"Upgraded","floor":37.0,"gold_loss":0.0,"damage_taken":0.0,"cards_upgraded":["Footwork"]},{"damage_healed":0.0,"max_hp_gain":0.0,"max_hp_loss":0.0,"gold_gain":0.0,"event_name":"Tomb of Lord Red Mask","player_choice":"Paid","floor":44.0,"gold_loss":0.0,"damage_taken":0.0,"relics_obtained":["Red Mask"]}],"is_beta":false,"boss_relics":[{"not_picked":["Coffee Dripper","Runic Dome"],"picked":"Pandora\u0027s Box"},{"not_picked":["SacredBark","Runic Pyramid"],"picked":"Calling Bell"}],"items_purged_floors":[],"is_endless":false,"potions_floor_spawned":[1,2,3,10,27,31,33,36,38,45],"ascension_level":17}}