{"host":"8a3jzv7qxg3y7b6t","time":1612808851,"event":{"mods":["BaseMod","Better Third Choice","Downfall","Hermit","Minty Spire (QoL Compilation)","Relic Stats","StSLib","The Bug Knight","The Cursed"],"gold_per_floor":[110,110,35,46,0,0,19,19,19],"floor_reached":8,"language":"ENG","playtime":190,"items_purged":[],"score":53,"play_id":"21f90a91-1568-48a0-bcb5-45701c2533e0","local_time":"20210208102731","is_ascension_mode":true,"campfire_choices":[{"floor":6,"key":"RECALL"}],"circlet_count":0,"master_deck":["HollowMod:NailStrikeStart","HollowMod:NailStrikeStart","HollowMod:NailStrikeStart","HollowMod:NailStrikeStart","HollowMod:QuickDashStart","HollowMod:QuickDashStart","HollowMod:QuickDashStart","HollowMod:QuickDashStart","HollowMod:FocusHealStart","HollowMod:PogoStrike","HollowMod:LifebloodCocoon","HollowMod:SoulVessel","Enlightenment","HollowMod:MonarchWings"],"relics":["HollowMod:VesselMask","NeowsBlessing"],"acts_visited":["Exordium"],"potions_floor_usage":[8],"damage_taken":[{"damage":0,"enemies":"Jaw Worm","floor":1,"turns":1},{"damage":0,"enemies":"Small Slimes","floor":4,"turns":1},{"damage":0,"enemies":"2 Louse","floor":7,"turns":2},{"damage":0,"enemies":"Lagavulin","floor":8,"turns":5}],"seed_played":"5072623275631831960","potions_obtained":[{"floor":4,"key":"SpeedPotion"}],"is_trial":false,"path_per_floor":["M","?","?","M","?","R","M","E"],"character_chosen":"THE_BUGKNIGHT","items_purchased":[],"campfire_rested":0,"item_purchase_floors":[],"current_hp_per_floor":[75,75,80,80,86,86,86,86,86],"gold":19,"neow_bonus":"THREE_ENEMY_KILL","is_daily":false,"chose_seed":false,"campfire_upgraded":0,"win_rate":0.0,"timestamp":1612808851,"path_taken":["M","?","?","M","?","R","M","E"],"items_purchased_type":[],"build_version":"2020-12-22","purchased_purges":0,"victory":false,"max_hp_per_floor":[75,75,80,80,86,86,86,86,86],"relic_stats":{"counters":[4,9],"obtain_stats":[{"NeowsBlessing":0,"HollowMod:VesselMask":0},{"NeowsBlessing":0,"HollowMod:VesselMask":0},{"NeowsBlessing":0,"HollowMod:VesselMask":0}]},"card_choices":[{"not_picked":["HollowMod:MonarchWings","HollowMod:CloakDash"],"picked":"HollowMod:LifebloodCocoon","floor":1},{"not_picked":["HollowMod:InfectedCysts","HollowMod:MonarchWings"],"picked":"HollowMod:SoulVessel","floor":4},{"not_picked":["HollowMod:CornifersMapStart","HollowMod:AbyssShriek"],"picked":"HollowMod:MonarchWings","floor":7}],"player_experience":673467,"relics_obtained":[],"event_choices":[{"damage_healed":0,"gold_gain":0,"player_choice":"RENOUNCE","damage_taken":46,"max_hp_gain":0,"max_hp_loss":0,"event_name":"betterThird:BetterSerpent","floor":5,"gold_loss":46,"cards_obtained":["Enlightenment"]}],"is_beta":false,"boss_relics":[],"items_purged_floors":[],"is_endless":false,"potions_floor_spawned":[4],"killed_by":"Lagavulin","ascension_level":3}}