{"host":"8d3fefv2347kqkpz","time":1612765553,"event":{"mods":["AchievementEnabler","Act Like it!","BaseMod","Better Vampires","Colored Map","Colored Powertips","Downfall","GifTheSpireLib","Highlight Path","Minty Spire (QoL Compilation)","Quick Restart","Rare Cards Sparkle","Relic Stats","Replay The Spire","Spicy Shops","StSLib","Waifu the Spire"],"gold_per_floor":[99,119,129,129,154,154,154,176,20,42,63,63,90,90,90,90],"floor_reached":14,"language":"ZHS","playtime":550,"items_purged":["hexamod:Strike"],"score":84,"play_id":"40017f6a-f429-4c70-95dd-c92309f971ed","local_time":"20210208142553","is_ascension_mode":false,"campfire_choices":[{"data":"hexamod:Sear","floor":1,"key":"SMITH"},{"data":"hexamod:BurningTouch","floor":6,"key":"SMITH"},{"floor":12,"key":"REST"}],"circlet_count":0,"master_deck":["hexamod:Strike","hexamod:Strike","hexamod:Defend","hexamod:Defend","hexamod:Defend","hexamod:Defend","hexamod:Sear+1","hexamod:Float","hexamod:BurningTouch+1","hexamod:SecondSeal","hexamod:ExtraCrispy","hexamod:FirstSeal","hexamod:PhantomCloak","hexamod:HeatShield"],"relics":["hexamod:SpiritBrand","Chameleon Ring"],"acts_visited":["Exordium"],"potions_floor_usage":[10,14],"damage_taken":[{"damage":0,"enemies":"Cultist","floor":2,"turns":3},{"damage":10,"enemies":"Small Slimes","floor":3,"turns":4},{"damage":0,"enemies":"2 Louse","floor":5,"turns":4},{"damage":10,"enemies":"Red Slaver","floor":8,"turns":4},{"damage":0,"enemies":"downfall:FleeingMerchant","floor":9,"turns":4},{"damage":11,"enemies":"Exordium Wildlife","floor":10,"turns":7},{"damage":32,"enemies":"Lots of Slimes","floor":11,"turns":7},{"damage":2,"enemies":"Blue Slaver","floor":13,"turns":4},{"damage":62,"enemies":"Gremlin Nob","floor":14,"turns":6}],"seed_played":"5559766215817773613","potions_obtained":[{"floor":5,"key":"Languid Potion"},{"floor":8,"key":"Block Potion"},{"floor":10,"key":"bronze:BurnAndBuffPotion"},{"floor":13,"key":"Adrenaline Potion"}],"is_trial":false,"path_per_floor":["R","M","M","?","M","R","T","M","$","M","M","R","M","E"],"character_chosen":"THE_SPIRIT","items_purchased":["hexamod:FirstSeal"],"campfire_rested":1,"item_purchase_floors":[9],"current_hp_per_floor":[77,77,67,67,67,67,67,57,57,53,28,51,56,0,0,0],"gold":90,"neow_bonus":"TEN_PERCENT_HP_BONUS","is_daily":false,"chose_seed":false,"campfire_upgraded":2,"win_rate":0.0,"timestamp":1612765553,"path_taken":["R","M","M","?","M","R","T","M","$","M","M","R","M","E"],"items_purchased_type":["Card"],"build_version":"2020-12-22","purchased_purges":1,"victory":false,"max_hp_per_floor":[77,77,77,77,77,77,77,77,77,77,77,77,77,77,77,77],"relic_stats":{"counters":[9,43],"obtain_stats":[{"Chameleon Ring":7,"hexamod:SpiritBrand":0},{"Chameleon Ring":3,"hexamod:SpiritBrand":0},{"Chameleon Ring":11,"hexamod:SpiritBrand":0}]},"card_choices":[{"not_picked":["hexamod:RetreatToShadows","hexamod:Rewind"],"picked":"hexamod:BurningTouch","floor":2},{"not_picked":["hexamod:InspiringFlames","hexamod:FastForward"],"picked":"hexamod:SecondSeal","floor":3},{"not_picked":["hexamod:GhostOfSpirePast","hexamod:FastForward","hexamod:ThermalTransfer"],"picked":"SKIP","floor":5},{"not_picked":["hexamod:AdvancingGuard","hexamod:InspiringFlames","hexamod:SpectersWail"],"picked":"SKIP","floor":8},{"not_picked":["hexamod:AdvancingGuard","hexamod:InspiringFlames","hexamod:SpectersWail"],"picked":"SKIP","floor":8},{"not_picked":["hexamod:SecondSeal","hexamod:TurnItUp"],"picked":"hexamod:ExtraCrispy","floor":9},{"not_picked":["hexamod:GhostflameBarrier","hexamod:NightmareStrike"],"picked":"hexamod:PhantomCloak","floor":10},{"not_picked":["hexamod:GhostLash","hexamod:ShieldOfDarkness","hexamod:BacktrackSmack"],"picked":"SKIP","floor":11},{"not_picked":["hexamod:AdvancingGuard","hexamod:FastForward"],"picked":"hexamod:HeatShield","floor":13}],"player_experience":311731,"relics_obtained":[{"floor":7,"key":"Chameleon Ring"}],"event_choices":[],"is_beta":false,"boss_relics":[],"items_purged_floors":[9],"is_endless":false,"potions_floor_spawned":[5,8,10,13],"killed_by":"Gremlin Nob","ascension_level":0}}