{"host":"phapnj0danpxvjlm","time":1612754851,"event":{"mods":["Ascension Reborn","BaseMod","Better Note","Better Third Choice","BetterRewards","Bossed Relics","Colored Powertips","Hermit","Minty Spire (QoL Compilation)","Permanent Neow","Quick Restart","Rare Cards Sparkle","Spire Arcade","StSLib","The Animator","The Necromancer","The Wild Card"],"gold_per_floor":[118,69,88,105,125,160,160,194,243,271,446,446,459,478,478,576,576,601,621,317,343,362,362,462,462,531,531,559,600,610,627,627,627,627],"floor_reached":33,"language":"ENG","playtime":1364,"items_purged":[],"score":261,"play_id":"a3cf1e8a-0972-40fd-926a-907c743a84be","local_time":"20210208042731","is_ascension_mode":true,"campfire_choices":[{"floor":7,"key":"REST"},{"floor":12,"key":"REST"},{"floor":15,"key":"REST"},{"floor":23,"key":"REST"},{"floor":27,"key":"REST"},{"floor":32,"key":"REST"}],"circlet_count":0,"master_deck":["hermit:Strike_Hermit","hermit:Strike_Hermit","hermit:Strike_Hermit","hermit:Strike_Hermit","hermit:Defend_Hermit","hermit:Defend_Hermit","hermit:Defend_Hermit","hermit:Defend_Hermit","hermit:Snapshot","hermit:Quickdraw","hermit:Ricochet","hermit:Shortfuse","hermit:Malice","hermit:Gambit","hermit:Glare","Doubt","hermit:Snipe","hermit:GhostlyPresence","hermit:DeadOrAlive","hermit:RoundhouseKick","hermit:CursedWeapon","hermit:Quickdraw","hermit:Headshot+1","hermit:Enervate+1","hermit:WideOpen+1","hermit:Glare+1"],"relics":["hermit:Momento","Pen Nib","Strawberry","Mummified Hand","Vajra","Odd Mushroom","Empty Cage","FossilizedHelix","Red Mask"],"acts_visited":["Exordium","TheCity"],"potions_floor_usage":[10,16,16,18,18,18,29,33],"damage_taken":[{"damage":0,"enemies":"2 Louse","floor":1,"turns":2},{"damage":8,"enemies":"Jaw Worm","floor":3,"turns":2},{"damage":0,"enemies":"Small Slimes","floor":4,"turns":2},{"damage":0,"enemies":"Red Slaver","floor":5,"turns":2},{"damage":26,"enemies":"Lagavulin","floor":6,"turns":4},{"damage":19,"enemies":"Gremlin Nob","floor":8,"turns":4},{"damage":15,"enemies":"The Mushroom Lair","floor":10,"turns":2},{"damage":11,"enemies":"2 Fungi Beasts","floor":13,"turns":3},{"damage":9,"enemies":"Blue Slaver","floor":14,"turns":2},{"damage":53,"enemies":"Hexaghost","floor":16,"turns":9},{"damage":16,"enemies":"3 Byrds","floor":18,"turns":3},{"damage":14,"enemies":"Shell Parasite","floor":19,"turns":4},{"damage":18,"enemies":"Cultist and Chosen","floor":21,"turns":6},{"damage":5,"enemies":"Chosen and Byrds","floor":22,"turns":4},{"damage":47,"enemies":"3 Cultists","floor":28,"turns":6},{"damage":27,"enemies":"Masked Bandits","floor":29,"turns":4},{"damage":27,"enemies":"Cultist and Chosen","floor":30,"turns":8},{"damage":0,"enemies":"Snecko","floor":31,"turns":3},{"damage":48,"enemies":"Champ","floor":33,"turns":6}],"seed_played":"8646449565681322806","potions_obtained":[{"floor":4,"key":"GamblersBrew"},{"floor":5,"key":"LiquidBronze"},{"floor":14,"key":"Dexterity Potion"},{"floor":16,"key":"EntropicBrew"},{"floor":18,"key":"FairyPotion"},{"floor":19,"key":"Dexterity Potion"},{"floor":28,"key":"Fruit Juice"},{"floor":31,"key":"Ancient Potion"}],"is_trial":false,"path_per_floor":["M","$","M","M","M","E","R","E","T","?","?","R","M","M","R","B",null,"M","M","$","M","M","R","?","?","T","R","M","?","M","M","R","B"],"character_chosen":"HERMIT","items_purchased":["hermit:Ricochet","FossilizedHelix"],"campfire_rested":6,"item_purchase_floors":[2,20],"current_hp_per_floor":[75,75,67,67,67,48,72,53,53,38,38,62,51,42,66,13,82,66,52,52,34,29,53,53,53,53,77,30,8,9,9,35,0,0],"gold":627,"neow_bonus":"RANDOM_COMMON_RELIC","is_daily":false,"chose_seed":false,"campfire_upgraded":0,"win_rate":0.0,"timestamp":1612754851,"path_taken":["M","$","M","M","M","E","R","E","T","?","?","R","M","M","R","BOSS","M","M","$","M","M","R","?","?","T","R","M","?","M","M","R","BOSS"],"items_purchased_type":["Card","Relic"],"build_version":"2020-12-22","purchased_purges":0,"victory":false,"max_hp_per_floor":[75,75,75,75,75,82,82,82,82,82,82,82,82,82,82,82,82,82,82,82,82,82,82,82,82,82,82,82,87,87,87,87,87,87],"card_choices":[{"not_picked":["hermit:Desperado","hermit:Snipe"],"picked":"hermit:Quickdraw","floor":1},{"not_picked":["hermit:ItchyTrigger","hermit:LowProfile"],"picked":"hermit:Grudge","floor":3},{"not_picked":["hermit:LoneWolf","hermit:TrackingShot"],"picked":"hermit:Shortfuse","floor":4},{"not_picked":["hermit:Ricochet","hermit:LowProfile"],"picked":"hermit:Malice","floor":5},{"not_picked":["hermit:Roulette","hermit:Midnight"],"picked":"hermit:Gambit","floor":6},{"not_picked":["hermit:HighCaliber","hermit:NoHoldsBarred","hermit:Gestalt"],"picked":"SKIP","floor":8},{"not_picked":["hermit:HoleUp","hermit:BigShot"],"picked":"hermit:Glare","floor":10},{"not_picked":["hermit:Roulette","hermit:Roughhouse"],"picked":"hermit:Snipe","floor":13},{"not_picked":["hermit:Virtue","hermit:HighCaliber"],"picked":"hermit:GhostlyPresence","floor":14},{"not_picked":["hermit:Adapt","hermit:Gambit"],"picked":"hermit:DeadOrAlive","floor":16},{"not_picked":["hermit:Glare","hermit:HighCaliber","hermit:Ricochet+1"],"picked":"SKIP","floor":18},{"not_picked":["hermit:HighCaliber+1","hermit:Virtue"],"picked":"hermit:RoundhouseKick","floor":19},{"not_picked":["hermit:GhostlyPresence","hermit:Desperado+1"],"picked":"hermit:CursedWeapon","floor":21},{"not_picked":["hermit:Roulette","hermit:Glare"],"picked":"hermit:Quickdraw","floor":22},{"not_picked":["hermit:Virtue+1","hermit:DeadMansHand+1"],"picked":"hermit:Headshot+1","floor":28},{"not_picked":["hermit:FinalCanter","hermit:PistolWhip+1"],"picked":"hermit:Enervate+1","floor":29},{"not_picked":["hermit:LowProfile+1","hermit:Feint+1"],"picked":"hermit:WideOpen+1","floor":30},{"not_picked":["hermit:TrackingShot","hermit:Vantage"],"picked":"hermit:Glare+1","floor":31}],"player_experience":498277,"relics_obtained":[{"floor":6,"key":"Strawberry"},{"floor":8,"key":"Mummified Hand"},{"floor":9,"key":"Vajra"},{"floor":10,"key":"Odd Mushroom"},{"floor":29,"key":"Red Mask"}],"event_choices":[{"damage_healed":0,"gold_gain":0,"player_choice":"Fought Mushrooms","damage_taken":0,"max_hp_gain":0,"max_hp_loss":0,"event_name":"Mushrooms","floor":10,"gold_loss":0},{"damage_healed":0,"gold_gain":175,"player_choice":"AGREE","damage_taken":271,"max_hp_gain":0,"max_hp_loss":0,"event_name":"betterThird:BetterSerpent","floor":11,"gold_loss":0},{"damage_healed":0,"gold_gain":100,"player_choice":"Pray","damage_taken":0,"max_hp_gain":0,"max_hp_loss":0,"event_name":"Golden Shrine","floor":24,"gold_loss":0},{"cards_removed":["hermit:Quickdraw"],"damage_healed":0,"gold_gain":0,"player_choice":"Give","damage_taken":0,"max_hp_gain":0,"max_hp_loss":0,"event_name":"betterNote:BetterNote","floor":25,"gold_loss":0,"cards_obtained":["None"]},{"damage_healed":0,"gold_gain":0,"player_choice":"Fought Bandits","damage_taken":0,"max_hp_gain":0,"max_hp_loss":0,"event_name":"Masked Bandits","floor":29,"gold_loss":0}],"is_beta":false,"boss_relics":[{"not_picked":["Astrolabe","Pandora\u0027s Box"],"picked":"Empty Cage"}],"items_purged_floors":[],"is_endless":false,"potions_floor_spawned":[4,5,14,16,18,19,28,31],"killed_by":"Champ","ascension_level":0}}