{"host":"2n2g1vowfllvjtvi","time":1612801182,"event":{"mods":["AchievementEnabler","BaseMod","Custom Start","GifTheSpireLib","Keyboard Shortcuts","Minty Spire (QoL Compilation)","Permanent Neow","Quick Restart","StSLib","SuperFastMode"],"gold_per_floor":[144,31,106,6,41,41,41,41,41,41,85,85,147,197,197,297,297,297,297],"floor_reached":18,"language":"KOR","playtime":383,"items_purged":["Strike_P","Strike_P"],"score":239,"play_id":"4a3c0c04-ce02-42e0-b6da-afff3bf66eff","local_time":"20210209011942","is_ascension_mode":true,"campfire_choices":[{"data":"Eruption","floor":6,"key":"SMITH"},{"data":"Wish","floor":8,"key":"SMITH"},{"data":"EmptyFist","floor":12,"key":"SMITH"},{"data":"CrushJoints","floor":15,"key":"SMITH"}],"circlet_count":0,"master_deck":["Strike_P","Strike_P","Defend_P","Defend_P","Defend_P","Eruption+1","Vigilance","Wish+1","EmptyFist+1","WheelKick","Wallop","CrushJoints+1","Omniscience"],"relics":["HolyWater","Letter Opener","Ginger"],"acts_visited":["Exordium","TheCity"],"potions_floor_usage":[14,16],"damage_taken":[{"damage":2,"enemies":"2 Louse","floor":1,"turns":4},{"damage":11,"enemies":"Small Slimes","floor":5,"turns":6},{"damage":2,"enemies":"Cultist","floor":11,"turns":4},{"damage":13,"enemies":"Lagavulin","floor":13,"turns":6},{"damage":14,"enemies":"Exordium Thugs","floor":14,"turns":3},{"damage":0,"enemies":"Hexaghost","floor":16,"turns":8},{"damage":0,"enemies":"3 Byrds","floor":18,"turns":2}],"seed_played":"-9044886120576960917","potions_obtained":[{"floor":5,"key":"Strength Potion"},{"floor":13,"key":"Explosive Potion"}],"is_trial":false,"path_per_floor":["M","$","?","$","M","R","?","R","T","?","M","R","E","M","R","B",null,"M"],"character_chosen":"WATCHER","items_purchased":["WheelKick"],"campfire_rested":0,"item_purchase_floors":[2],"current_hp_per_floor":[70,70,59,59,48,48,48,48,48,48,46,46,33,19,19,19,72,72,72],"gold":297,"neow_bonus":"ONE_RANDOM_RARE_CARD","is_daily":false,"chose_seed":false,"campfire_upgraded":4,"win_rate":0.0,"timestamp":1612801182,"path_taken":["M","$","?","$","M","R","?","R","T","?","M","R","E","M","R","BOSS","M"],"items_purchased_type":["Card"],"build_version":"2020-12-22","purchased_purges":2,"victory":false,"max_hp_per_floor":[72,72,72,72,72,72,72,72,72,72,72,72,72,72,72,72,72,72,72],"card_choices":[{"not_picked":["Halt","FollowUp"],"picked":"EmptyFist","floor":1},{"not_picked":["EmptyMind","BowlingBash","JustLucky"],"picked":"SKIP","floor":5},{"not_picked":["SignatureMove","SashWhip"],"picked":"Wallop","floor":11},{"not_picked":["EmptyBody","Study","InnerPeace"],"picked":"SKIP","floor":13},{"not_picked":["Crescendo","WaveOfTheHand"],"picked":"CrushJoints","floor":14},{"not_picked":["Judgement","SpiritShield"],"picked":"Omniscience","floor":16}],"player_experience":218721,"relics_obtained":[{"floor":9,"key":"Letter Opener"},{"floor":13,"key":"Ginger"}],"event_choices":[{"damage_healed":0,"gold_gain":75,"player_choice":"Gather Gold","damage_taken":11,"max_hp_gain":0,"max_hp_loss":0,"event_name":"World of Goop","floor":3,"gold_loss":0},{"damage_healed":0,"gold_gain":0,"player_choice":"Leave","damage_taken":0,"max_hp_gain":0,"max_hp_loss":0,"event_name":"The Cleric","floor":7,"gold_loss":0},{"cards_removed":["Defend_P"],"damage_healed":0,"gold_gain":0,"player_choice":"Forget","damage_taken":0,"max_hp_gain":0,"max_hp_loss":0,"event_name":"Living Wall","floor":10,"gold_loss":0}],"is_beta":false,"boss_relics":[{"not_picked":["Empty Cage","Calling Bell"],"picked":"HolyWater"}],"items_purged_floors":[2,4],"is_endless":false,"potions_floor_spawned":[5,13],"killed_by":"3 Byrds","ascension_level":3}}