{"host":"bf5upntvbdompq33","time":1612747772,"event":{"mods":["BaseMod","Colored Map","Colored Powertips","Curses Come First","Minty Spire (QoL Compilation)","StSLib","The Dragon Tamer","The Hierophant","The Marked","The Mystic","The Servant 0.9.4"],"gold_per_floor":[16,33,49,59,75,75,350,350,350,367,392,392,424,68,68,147,147,160,179,179,179,198,198,213,213,213,213,213,213],"floor_reached":28,"language":"ENG","playtime":1807,"items_purged":["Regret"],"score":476,"play_id":"8e6732ce-9fa8-4ea7-882d-293ce720b14e","local_time":"20210207182932","is_ascension_mode":true,"campfire_choices":[{"data":"Searing Blow","floor":6,"key":"SMITH"},{"data":"Searing Blow+1","floor":8,"key":"SMITH"},{"data":"Searing Blow+2","floor":12,"key":"SMITH"},{"floor":15,"key":"REST"},{"data":"Searing Blow+3","floor":23,"key":"SMITH"},{"data":"Searing Blow+4","floor":25,"key":"SMITH"},{"data":"The Bomb","floor":27,"key":"SMITH"}],"circlet_count":0,"master_deck":["AscendersBane","Strike_R","Strike_R","Strike_R","Strike_R","Strike_R","Defend_R","Defend_R","Defend_R","Defend_R","Bash","The Bomb+1","Anger","Reckless Charge","Battle Trance","Searing Blow+5","Evolve","Dual Wield","Berserk","Shrug It Off","Reaper","Headbutt+1","Cleave","Seeing Red"],"relics":["Burning Blood","Pen Nib","Boot","Mummified Hand","Akabeko","Mark of Pain","Pear","Gambling Chip"],"acts_visited":["Exordium","TheCity"],"potions_floor_usage":[3,5,13,13,16,16,19,22,28],"damage_taken":[{"damage":15,"enemies":"Small Slimes","floor":1,"turns":4},{"damage":1,"enemies":"Cultist","floor":2,"turns":4},{"damage":1,"enemies":"2 Louse","floor":3,"turns":2},{"damage":13,"enemies":"Exordium Thugs","floor":4,"turns":4},{"damage":26,"enemies":"2 Fungi Beasts","floor":5,"turns":4},{"damage":18,"enemies":"Large Slime","floor":10,"turns":3},{"damage":22,"enemies":"3 Sentries","floor":11,"turns":3},{"damage":26,"enemies":"Lagavulin","floor":13,"turns":5},{"damage":0,"enemies":"Slime Boss","floor":16,"turns":4},{"damage":34,"enemies":"2 Thieves","floor":18,"turns":4},{"damage":13,"enemies":"Shell Parasite","floor":19,"turns":4},{"damage":29,"enemies":"Shelled Parasite and Fungi","floor":22,"turns":4},{"damage":0,"enemies":"Snake Plant","floor":24,"turns":2},{"damage":62,"enemies":"Book of Stabbing","floor":28,"turns":3}],"seed_played":"-3947172630271953405","potions_obtained":[{"floor":1,"key":"BloodPotion"},{"floor":2,"key":"Fire Potion"},{"floor":4,"key":"Energy Potion"},{"floor":11,"key":"SteroidPotion"},{"floor":13,"key":"FearPotion"},{"floor":16,"key":"SteroidPotion"},{"floor":19,"key":"FearPotion"},{"floor":24,"key":"ColorlessPotion"}],"is_trial":false,"path_per_floor":["M","M","M","M","M","R","?","R","T","M","E","R","E","$","R","B",null,"M","M","?","?","M","R","M","R","T","R","E"],"character_chosen":"IRONCLAD","items_purchased":["Shrug It Off","Akabeko","LiquidMemories"],"campfire_rested":1,"item_purchase_floors":[14,14,14],"current_hp_per_floor":[59,64,69,62,55,55,55,55,55,43,27,27,7,7,29,35,65,47,40,50,78,55,55,61,61,61,61,0,0],"gold":213,"neow_bonus":"RANDOM_COLORLESS_2","is_daily":false,"chose_seed":false,"campfire_upgraded":6,"win_rate":0.0,"timestamp":1612747772,"path_taken":["M","M","M","M","M","R","?","R","T","?","E","R","E","$","R","BOSS","M","M","?","?","M","R","?","R","T","R","E"],"items_purchased_type":["Card","Relic","Potion"],"build_version":"2020-12-22","purchased_purges":1,"victory":false,"max_hp_per_floor":[75,75,75,75,75,75,75,75,75,75,75,75,75,75,75,75,75,75,75,85,85,85,85,85,85,85,85,85,85],"card_choices":[{"not_picked":["Violence","Secret Weapon"],"picked":"The Bomb","floor":0},{"not_picked":["Warcry","Rupture"],"picked":"Anger","floor":1},{"not_picked":["Rage","Heavy Blade"],"picked":"Reckless Charge","floor":2},{"not_picked":["Havoc","Clothesline"],"picked":"Battle Trance","floor":3},{"not_picked":["Body Slam","Perfected Strike"],"picked":"Searing Blow","floor":4},{"not_picked":["Seeing Red","Heavy Blade"],"picked":"Evolve","floor":5},{"not_picked":["Anger","Searing Blow"],"picked":"Dual Wield","floor":10},{"not_picked":["Inflame","Second Wind","Heavy Blade"],"picked":"SKIP","floor":11},{"not_picked":["Heavy Blade","Uppercut"],"picked":"Berserk","floor":13},{"not_picked":["Fiend Fire","Juggernaut"],"picked":"Reaper","floor":16},{"not_picked":["Sever Soul","Heavy Blade","Warcry"],"picked":"SKIP","floor":18},{"not_picked":["Dropkick","Pommel Strike"],"picked":"Headbutt+1","floor":19},{"not_picked":["Searing Blow","Body Slam"],"picked":"Cleave","floor":22},{"not_picked":["Perfected Strike","Second Wind"],"picked":"Seeing Red","floor":24}],"player_experience":1516694,"relics_obtained":[{"floor":9,"key":"Pen Nib"},{"floor":11,"key":"Boot"},{"floor":13,"key":"Mummified Hand"},{"floor":26,"key":"Gambling Chip"}],"event_choices":[{"damage_healed":0,"gold_gain":275,"player_choice":"Desecrate","damage_taken":0,"max_hp_gain":0,"max_hp_loss":0,"event_name":"Golden Shrine","floor":7,"gold_loss":0,"cards_obtained":["Regret"]},{"damage_healed":0,"gold_gain":0,"player_choice":"Opened","damage_taken":0,"relics_obtained":["Pear"],"max_hp_gain":0,"max_hp_loss":0,"event_name":"The Mausoleum","floor":20,"gold_loss":0},{"damage_healed":28,"gold_gain":0,"player_choice":"Heal","damage_taken":0,"max_hp_gain":0,"max_hp_loss":0,"event_name":"The Library","floor":21,"gold_loss":0}],"is_beta":false,"boss_relics":[{"not_picked":["Ectoplasm","Black Blood"],"picked":"Mark of Pain"}],"items_purged_floors":[14],"is_endless":false,"potions_floor_spawned":[1,2,4,11,13,16,19,24],"killed_by":"Book of Stabbing","ascension_level":14}}