{"host":"fuszjwm6fqgjjp4d","time":1612745194,"event":{"mods":["BaseMod","Bestiary","Colored Map","Minty Spire (QoL Compilation)","Permanent Neow","Relic Sorter","Relic Stats","StSLib"],"gold_per_floor":[117,117,117,129,144,169,169,196,223,254,254,254,254,268,268,340,340,355,365,365,376,376,410,410,445,515,542,568,577,605,625,625,711,711,723,53,78,91,106,135,357,372,372,372,400,457,479,479,479,479,479],"floor_reached":52,"language":"ENG","playtime":1484,"items_purged":[],"score":2115,"play_id":"385d450e-32cd-49ae-8904-40b4bdda63be","local_time":"20210207184634","is_ascension_mode":true,"campfire_choices":[{"data":"Defragment","floor":7.0,"key":"SMITH"},{"data":"Storm","floor":11.0,"key":"SMITH"},{"data":"Lockon","floor":13.0,"key":"SMITH"},{"data":"White Noise","floor":15.0,"key":"SMITH"},{"data":"Buffer","floor":24,"key":"SMITH"},{"data":"Creative AI","floor":32,"key":"SMITH"},{"data":"Loop","floor":44,"key":"SMITH"},{"data":"Defragment","floor":49,"key":"SMITH"}],"circlet_count":0,"master_deck":["AscendersBane","Strike_B+1","Strike_B+1","Strike_B+1","Defend_B+1","Defend_B+1","Defend_B+1","Defend_B+1","Zap+1","Dualcast","Lockon+1","Defragment+1","Auto Shields","Storm+1","Glacier","Force Field","White Noise+1","Buffer+1","Heatsinks","Loop+1","Leap+1","Conserve Battery","Coolheaded","Defragment+1","Creative AI+1","Chill","Core Surge","Self Repair","Glacier+1"],"relics":["Cracked Core","PreservedInsect","Centennial Puzzle","Bag of Preparation","Bronze Scales","DataDisk","Sozu","Ancient Tea Set","CeramicFish","Pantograph","Red Mask","Black Star","Runic Capacitor","FossilizedHelix","Regal Pillow","Lizard Tail","StoneCalendar","Gambling Chip","Toxic Egg 2","Shuriken","Toy Ornithopter","Calipers"],"acts_visited":["Exordium","TheCity","TheBeyond"],"potions_floor_usage":[],"damage_taken":[{"damage":1.0,"enemies":"2 Louse","floor":1.0,"turns":3.0},{"damage":0.0,"enemies":"Small Slimes","floor":4.0,"turns":3.0},{"damage":0.0,"enemies":"Cultist","floor":5.0,"turns":3.0},{"damage":4.0,"enemies":"Lagavulin","floor":6.0,"turns":5.0},{"damage":8.0,"enemies":"Gremlin Nob","floor":8.0,"turns":3.0},{"damage":5.0,"enemies":"3 Sentries","floor":10.0,"turns":3.0},{"damage":6.0,"enemies":"Looter","floor":14.0,"turns":2.0},{"damage":6.0,"enemies":"Hexaghost","floor":16.0,"turns":6.0},{"damage":0.0,"enemies":"Spheric Guardian","floor":18.0,"turns":4.0},{"damage":0.0,"enemies":"Shell Parasite","floor":19.0,"turns":3.0},{"damage":1.0,"enemies":"Chosen and Byrds","floor":21.0,"turns":3.0},{"damage":33.0,"enemies":"Gremlin Leader","floor":23.0,"turns":5.0},{"damage":13,"enemies":"Book of Stabbing","floor":25,"turns":3},{"damage":0,"enemies":"Snecko","floor":27,"turns":4},{"damage":0,"enemies":"Masked Bandits","floor":28,"turns":4},{"damage":0,"enemies":"Shelled Parasite and Fungi","floor":30,"turns":4},{"damage":0,"enemies":"3 Cultists","floor":31,"turns":5},{"damage":15,"enemies":"Automaton","floor":33,"turns":5},{"damage":26,"enemies":"3 Darklings","floor":35,"turns":5},{"damage":5,"enemies":"Mind Bloom Boss Battle","floor":37,"turns":5},{"damage":0,"enemies":"Orb Walker","floor":38,"turns":3},{"damage":0,"enemies":"Spire Growth","floor":39,"turns":4},{"damage":0,"enemies":"Giant Head","floor":40,"turns":6},{"damage":0,"enemies":"Writhing Mass","floor":42,"turns":6},{"damage":0,"enemies":"Nemesis","floor":45,"turns":5},{"damage":26,"enemies":"2 Orb Walkers","floor":46,"turns":4},{"damage":0,"enemies":"Maw","floor":47,"turns":5},{"damage":0,"enemies":"Time Eater","floor":50,"turns":7},{"damage":4,"enemies":"Donu and Deca","floor":51,"turns":8}],"seed_played":"5481703466581001830","potions_obtained":[{"floor":4.0,"key":"Explosive Potion"},{"floor":5.0,"key":"EssenceOfDarkness"},{"floor":6.0,"key":"Ancient Potion"},{"floor":8.0,"key":"DistilledChaos"},{"floor":16.0,"key":"Fire Potion"}],"is_trial":false,"path_per_floor":["M","?","?","M","M","E","R","E","T","E","R","?","R","M","R","B",null,"M","M","?","M","?","E","R","E","T","M","?","?","M","M","R","B",null,"M","$","?","M","M","E","?","M","T","R","E","?","M","?","R","B","B",null],"character_chosen":"DEFECT","items_purchased":["Runic Capacitor","FossilizedHelix","Regal Pillow"],"campfire_rested":0,"item_purchase_floors":[36,36,36],"current_hp_per_floor":[63,56,56,56,56,52,52,44,44,39,39,39,39,33,33,27,60,60,60,60,59,59,26,26,13,13,13,13,13,13,13,13,23,59,33,33,53,53,53,53,53,53,53,53,53,27,34,34,34,66,71],"gold":479,"neow_bonus":"RANDOM_COMMON_RELIC","is_daily":false,"chose_seed":false,"campfire_upgraded":8,"win_rate":0.0,"timestamp":1612745194,"path_taken":["M","?","?","?","M","E","R","E","T","E","R","?","R","M","R","BOSS","M","M","?","M","?","E","R","E","T","M","?","?","M","?","R","BOSS","M","$","?","M","M","E","?","M","T","R","E","?","M","?","R","BOSS","BOSS"],"items_purchased_type":["Relic","Relic","Relic"],"build_version":"2020-12-22","purchased_purges":0,"victory":true,"max_hp_per_floor":[71,71,71,71,71,71,71,71,71,71,71,71,71,71,71,71,71,71,71,71,71,71,71,71,71,71,71,71,71,71,71,71,71,71,71,71,71,71,71,71,71,71,71,71,71,71,71,71,71,71,71],"relic_stats":{"Regal Pillow":0,"counters":[29,125],"CeramicFish":72,"StoneCalendar":[148],"PreservedInsect":357,"Bag of Preparation":[48],"Sozu":8,"Centennial Puzzle":[36],"Lizard Tail":0,"Shuriken":[1],"Bronze Scales":[311],"Pantograph":80,"Gambling Chip":[18],"Black Star":2,"obtain_stats":[{"Regal Pillow":36,"Calipers":46,"CeramicFish":25,"StoneCalendar":40,"PreservedInsect":0,"Bag of Preparation":8,"Runic Capacitor":36,"Ancient Tea Set":23,"Sozu":17,"Centennial Puzzle":6,"DataDisk":10,"Lizard Tail":37,"Shuriken":45,"Bronze Scales":9,"Pantograph":26,"Gambling Chip":40,"Red Mask":28,"Black Star":34,"Toxic Egg 2":43,"Cracked Core":0,"FossilizedHelix":36,"Toy Ornithopter":45},{"Regal Pillow":19,"Calipers":26,"CeramicFish":13,"StoneCalendar":23,"PreservedInsect":0,"Bag of Preparation":5,"Runic Capacitor":19,"Ancient Tea Set":12,"Sozu":8,"Centennial Puzzle":4,"DataDisk":6,"Lizard Tail":20,"Shuriken":25,"Bronze Scales":5,"Pantograph":13,"Gambling Chip":23,"Red Mask":15,"Black Star":18,"Toxic Egg 2":24,"Cracked Core":0,"FossilizedHelix":19,"Toy Ornithopter":25},{"Regal Pillow":73,"Calipers":106,"CeramicFish":46,"StoneCalendar":91,"PreservedInsect":0,"Bag of Preparation":17,"Runic Capacitor":73,"Ancient Tea Set":43,"Sozu":28,"Centennial Puzzle":14,"DataDisk":20,"Lizard Tail":78,"Shuriken":102,"Bronze Scales":17,"Pantograph":46,"Gambling Chip":91,"Red Mask":54,"Black Star":68,"Toxic Egg 2":97,"Cracked Core":0,"FossilizedHelix":73,"Toy Ornithopter":102}],"Toy Ornithopter":0},"card_choices":[{"not_picked":["Cold Snap","Sweeping Beam"],"picked":"Lockon","floor":1.0},{"not_picked":["Aggregate","Conserve Battery"],"picked":"Defragment","floor":4.0},{"not_picked":["Barrage","Darkness"],"picked":"Auto Shields","floor":5.0},{"not_picked":["Steam","Redo"],"picked":"Storm","floor":6.0},{"not_picked":["Force Field","Steam"],"picked":"Glacier","floor":8.0},{"not_picked":["Auto Shields","Redo","Force Field"],"picked":"SKIP","floor":10.0},{"not_picked":["Auto Shields","Redo"],"picked":"Force Field","floor":10.0},{"not_picked":["Recycle","Sweeping Beam"],"picked":"White Noise","floor":14.0},{"not_picked":["Amplify","Reboot"],"picked":"Buffer","floor":16.0},{"not_picked":["BootSequence+1","Hologram"],"picked":"Heatsinks","floor":18.0},{"not_picked":["Steam","Rebound","Auto Shields"],"picked":"SKIP","floor":19.0},{"not_picked":["Rip and Tear","Compile Driver"],"picked":"Loop","floor":21.0},{"not_picked":["Genetic Algorithm","Compile Driver"],"picked":"Leap+1","floor":23},{"not_picked":["Multi-Cast","Barrage"],"picked":"Conserve Battery","floor":25},{"not_picked":["Force Field+1","Leap"],"picked":"Coolheaded","floor":27},{"not_picked":["Heatsinks","Redo"],"picked":"Creative AI","floor":30},{"not_picked":["Conserve Battery","Reinforced Body"],"picked":"Chill","floor":31},{"not_picked":["Hyperbeam","Machine Learning"],"picked":"Core Surge","floor":33},{"not_picked":["Redo","Steam","Barrage"],"picked":"SKIP","floor":35},{"not_picked":["Steam+1","Recycle","Heatsinks"],"picked":"SKIP","floor":38},{"not_picked":["Conserve Battery","Recycle","Stack"],"picked":"SKIP","floor":39},{"not_picked":["Sweeping Beam","Multi-Cast","BootSequence+1"],"picked":"SKIP","floor":40},{"not_picked":["Auto Shields","Hello World","Glacier+1"],"picked":"SKIP","floor":42},{"not_picked":["Turbo+1","Doom and Gloom","Melter"],"picked":"SKIP","floor":45},{"not_picked":["Beam Cell","Go for the Eyes"],"picked":"Self Repair","floor":46},{"not_picked":["Compile Driver","Leap+1"],"picked":"Glacier+1","floor":47}],"player_experience":1480712,"relics_obtained":[{"floor":6.0,"key":"Centennial Puzzle"},{"floor":8.0,"key":"Bag of Preparation"},{"floor":9.0,"key":"Bronze Scales"},{"floor":10.0,"key":"DataDisk"},{"floor":23,"key":"Ancient Tea Set"},{"floor":25,"key":"CeramicFish"},{"floor":26,"key":"Pantograph"},{"floor":28,"key":"Red Mask"},{"floor":37,"key":"Lizard Tail"},{"floor":40,"key":"StoneCalendar"},{"floor":40,"key":"Gambling Chip"},{"floor":43,"key":"Toxic Egg 2"},{"floor":45,"key":"Shuriken"},{"floor":45,"key":"Toy Ornithopter"},{"floor":46,"key":"Calipers"}],"event_choices":[{"cards_removed":["Strike_B"],"damage_healed":0.0,"max_hp_gain":0.0,"max_hp_loss":0.0,"gold_gain":0.0,"event_name":"Golden Wing","player_choice":"Card Removal","floor":2.0,"gold_loss":0.0,"damage_taken":7.0},{"damage_healed":0.0,"max_hp_gain":0.0,"max_hp_loss":0.0,"gold_gain":0.0,"event_name":"Upgrade Shrine","player_choice":"Upgraded","floor":3.0,"gold_loss":0.0,"damage_taken":0.0,"cards_upgraded":["Zap"]},{"damage_healed":0.0,"max_hp_gain":0.0,"max_hp_loss":0.0,"gold_gain":0.0,"event_name":"Liars Game","player_choice":"Ignored","floor":12.0,"gold_loss":0.0,"damage_taken":0.0},{"damage_healed":0.0,"max_hp_gain":0.0,"max_hp_loss":0.0,"gold_gain":0.0,"event_name":"Back to Basics","player_choice":"Simplicity","floor":20.0,"gold_loss":0.0,"damage_taken":0.0,"cards_upgraded":["Strike_B","Strike_B","Strike_B","Defend_B","Defend_B","Defend_B","Defend_B"]},{"damage_healed":0.0,"max_hp_gain":0.0,"max_hp_loss":0.0,"gold_gain":0.0,"event_name":"Ghosts","player_choice":"Ignored","floor":22.0,"gold_loss":0.0,"damage_taken":0.0},{"damage_healed":0,"gold_gain":0,"player_choice":"Fought Bandits","damage_taken":0,"max_hp_gain":0,"max_hp_loss":0,"event_name":"Masked Bandits","floor":28,"gold_loss":0},{"damage_healed":0,"gold_gain":0,"player_choice":"Read","damage_taken":0,"max_hp_gain":0,"max_hp_loss":0,"event_name":"The Library","floor":29,"gold_loss":0,"cards_obtained":["Defragment"]},{"damage_healed":0,"gold_gain":0,"player_choice":"Fight","damage_taken":0,"max_hp_gain":0,"max_hp_loss":0,"event_name":"MindBloom","floor":37,"gold_loss":0},{"damage_healed":0,"gold_gain":222,"player_choice":"Wore Mask","damage_taken":0,"max_hp_gain":0,"max_hp_loss":0,"event_name":"Tomb of Lord Red Mask","floor":41,"gold_loss":0},{"damage_healed":0,"gold_gain":0,"player_choice":"Fight","damage_taken":0,"max_hp_gain":0,"max_hp_loss":0,"event_name":"Mysterious Sphere","floor":46,"gold_loss":0},{"damage_healed":0,"gold_gain":0,"player_choice":"Memory 1","damage_taken":0,"max_hp_gain":0,"max_hp_loss":0,"event_name":"SensoryStone","floor":48,"gold_loss":0}],"is_beta":false,"boss_relics":[{"not_picked":["Busted Crown","Calling Bell"],"picked":"Sozu"},{"not_picked":["Coffee Dripper","SlaversCollar"],"picked":"Black Star"}],"items_purged_floors":[],"is_endless":false,"potions_floor_spawned":[4,5,6,8,16,19,21,28,33,35,39,45,47],"ascension_level":20}}