{"host":"tthpht10oetb1q7t","time":1612793777,"event":{"mods":["AchievementEnabler","BaseMod","GifTheSpireLib","Hubris","Minty Spire (QoL Compilation)","Permanent Neow","Quick Restart","Replay The Spire","StSLib","SuperFastMode","TheSurvivalist"],"gold_per_floor":[115,43,54,54,15,48,48],"floor_reached":6,"language":"ENG","playtime":449,"items_purged":[],"score":44,"play_id":"40611ec9-4f78-4077-9100-655f25394644","local_time":"20210208151617","is_ascension_mode":false,"campfire_choices":[],"circlet_count":0,"master_deck":["survmod:Strike","survmod:Strike","survmod:Strike","survmod:Strike","survmod:Defend","survmod:Defend","survmod:Defend","survmod:Defend","survmod:VersatileOffense","survmod:Sprint","survmod:LeapingShot","survmod:FlashbangTrap","survmod:Hawkeye","survmod:LongShot","survmod:NockAnArrow","survmod:NockAnArrow","Pot Of Greed","Pot Of Greed","survmod:MarkTrap"],"relics":["survmod:InnateMutation","Dream Catcher","Grinning Jar"],"acts_visited":["Exordium"],"potions_floor_usage":[],"damage_taken":[{"damage":0,"enemies":"2 Louse","floor":1,"turns":5},{"damage":5,"enemies":"Jaw Worm","floor":3,"turns":6},{"damage":36,"enemies":"3 Sentries","floor":6,"turns":15}],"seed_played":"-6049548265119949004","potions_obtained":[{"floor":3,"key":"ColorlessPotion"}],"is_trial":false,"path_per_floor":["M","$","M","?","$","E"],"character_chosen":"THE_SURVIVOR","items_purchased":["survmod:Hawkeye","survmod:NockAnArrow"],"campfire_rested":0,"item_purchase_floors":[2,5],"current_hp_per_floor":[45,45,40,37,37,1,1],"gold":48,"neow_bonus":"THREE_RARE_CARDS","is_daily":false,"chose_seed":false,"campfire_upgraded":0,"win_rate":0.0,"timestamp":1612793777,"path_taken":["M","$","M","?","$","E"],"items_purchased_type":["Card","Card"],"build_version":"2020-12-22","purchased_purges":0,"victory":false,"max_hp_per_floor":[45,45,45,45,45,45,45],"card_choices":[{"not_picked":["survmod:Heartseeker","survmod:NeedleShot"],"picked":"survmod:LeapingShot","floor":0},{"not_picked":["survmod:QuickDash","survmod:FenceTrap"],"picked":"survmod:FlashbangTrap","floor":1},{"not_picked":["survmod:MarkedShot","survmod:QuickThinking"],"picked":"survmod:LongShot","floor":3},{"not_picked":["survmod:PinningSnipe","survmod:PenetratingShot"],"picked":"survmod:MarkTrap","floor":6}],"player_experience":62231,"relics_obtained":[{"floor":6,"key":"Grinning Jar"}],"event_choices":[{"damage_healed":0,"gold_gain":0,"player_choice":"Success","damage_taken":3,"relics_obtained":["Dream Catcher"],"max_hp_gain":0,"max_hp_loss":0,"event_name":"Scrap Ooze","floor":4,"gold_loss":0}],"is_beta":false,"boss_relics":[],"items_purged_floors":[],"is_endless":false,"potions_floor_spawned":[3],"killed_by":"3 Sentries","ascension_level":0}}