{"host":"opus3dkaz4ne9rk4","time":1612795204,"event":{"mods":["BaseMod","Downfall","Minty Spire (QoL Compilation)","Replay The Spire","StSLib"],"gold_per_floor":[111,111,111,126,76,76,91,106,132,132,152,164,182,200,200,301,301,316,231,231,248,266,266,280,31,31,31,107,107,127,127,154,173,173,270,270,281,132,0,0,17,43,43,72,72,72,91,102,102,55,55,55,55],"floor_reached":52,"language":"ENG","playtime":67729,"items_purged":[],"score":726,"play_id":"fc684858-b351-41e7-abcc-ec52e875a3b3","local_time":"20210208084004","is_ascension_mode":false,"campfire_choices":[{"floor":6.0,"key":"REST"},{"data":"Sword Boomerang","floor":10.0,"key":"SMITH"},{"floor":15.0,"key":"REST"},{"floor":23.0,"key":"REST"},{"floor":31.0,"key":"REST"},{"data":"Strike_R","floor":34.0,"key":"SMITH"},{"floor":46.0,"key":"REST"},{"floor":49.0,"key":"REST"},{"data":"Bludgeon","floor":51.0,"key":"SMITH"}],"circlet_count":0,"master_deck":["Strike_R","Strike_R","Strike_R+1","Strike_R","Strike_R","Defend_R","Defend_R","Defend_R","Defend_R","Bash+1","ReplayTheSpireMod:LeadingStrike","Sword Boomerang+1","Pommel Strike","Twin Strike","Clash","Bludgeon+1","Clash","Perfected Strike","Metallicize","Iron Wave","Dropkick+1","Bludgeon","Thunderclap","Clash+1","Writhe","Hemogenesis","Thunderclap+1","Perfected Strike"],"relics":["Burning Blood","Ancient Tea Set","Replay:Bronze Core","Bronze Scales","Divine Protection","Chameleon Ring","ReplayTheSpireMod:Spearhead","Velvet Choker","Sling","Red Mask","Another Sword","Pantograph","ReplayTheSpireMod:Ninjato"],"acts_visited":["Exordium","TheCity","TheBeyond"],"potions_floor_usage":[52,52,52],"damage_taken":[{"damage":12.0,"enemies":"Jaw Worm","floor":1.0,"turns":6.0},{"damage":6.0,"enemies":"Cultist","floor":4.0,"turns":3.0},{"damage":8.0,"enemies":"2 Louse","floor":7.0,"turns":3.0},{"damage":3.0,"enemies":"Exordium Thugs","floor":8.0,"turns":6.0},{"damage":13.0,"enemies":"Large Slime","floor":11.0,"turns":5.0},{"damage":10.0,"enemies":"3 Louse","floor":12.0,"turns":3.0},{"damage":16.0,"enemies":"Red Slaver","floor":13.0,"turns":3.0},{"damage":0.0,"enemies":"2 Fungi Beasts","floor":14.0,"turns":2.0},{"damage":35.0,"enemies":"Fading Forest","floor":16.0,"turns":11.0},{"damage":21.0,"enemies":"Shell Parasite","floor":18.0,"turns":5.0},{"damage":15.0,"enemies":"2 Thieves","floor":21.0,"turns":3.0},{"damage":18.0,"enemies":"Snake Plant","floor":22.0,"turns":3.0},{"damage":11.0,"enemies":"Sentry and Sphere","floor":24.0,"turns":4.0},{"damage":11.0,"enemies":"Snecko","floor":30.0,"turns":4.0},{"damage":2.0,"enemies":"Gremlin Leader","floor":32.0,"turns":4.0},{"damage":10.0,"enemies":"Snake Plant","floor":33.0,"turns":4.0},{"damage":65.0,"enemies":"Pondfish","floor":35.0,"turns":10.0},{"damage":11.0,"enemies":"3 Darklings","floor":37.0,"turns":5.0},{"damage":0.0,"enemies":"3 Shapes","floor":41.0,"turns":2.0},{"damage":10.0,"enemies":"Reptomancer","floor":42.0,"turns":5.0},{"damage":64.0,"enemies":"Giant Head","floor":44.0,"turns":7.0},{"damage":0.0,"enemies":"3 Darklings","floor":47.0,"turns":6.0},{"damage":22.0,"enemies":"Jaw Worm Horde","floor":48.0,"turns":4.0},{"damage":87,"enemies":"Awakened One","floor":52,"turns":4}],"seed_played":"-7119134858352516807","potions_obtained":[{"floor":0.0,"key":"SpeedPotion"},{"floor":0.0,"key":"Reflective Coating"},{"floor":0.0,"key":"Energy Potion"},{"floor":12.0,"key":"ColorlessPotion"},{"floor":13.0,"key":"SkillPotion"},{"floor":14.0,"key":"Death Potion"},{"floor":20.0,"key":"Cursed Concoction"},{"floor":20.0,"key":"CultistPotion"},{"floor":20.0,"key":"sneckomod:MuddlingPotion"},{"floor":21.0,"key":"Death Potion"},{"floor":29.0,"key":"Doom Potion"},{"floor":32.0,"key":"Doom Potion"},{"floor":35.0,"key":"Swift Potion"},{"floor":37.0,"key":"AttackPotion"},{"floor":41.0,"key":"Dexterity Potion"},{"floor":42.0,"key":"hexamod:SoulburnPotion"},{"floor":48.0,"key":"hexamod:SoulburnPotion"}],"is_trial":false,"path_per_floor":["M","$","?","M","$","R","M","M","T","R","M","M","M","M","R","B",null,"M","?","?","M","M","R","M","$","PTL","PTL","T","R","M","R","E","M","R","B",null,"M","$","?","?","M","E","?","E","T","R","M","M","R","$","R","B"],"character_chosen":"IRONCLAD","items_purchased":["Sword Boomerang","Divine Protection","Sling","Perfected Strike"],"campfire_rested":6,"item_purchase_floors":[5,25,38,50],"current_hp_per_floor":[74,74,74,74,74,80,78,80,80,80,73,69,59,65,80,61,80,65,65,65,56,44,68,63,63,63,63,63,63,58,80,80,76,76,17,80,75,75,75,75,80,76,80,22,22,46,57,41,65,65,65,0,0],"gold":55,"neow_bonus":"THREE_SMALL_POTIONS","is_daily":false,"chose_seed":false,"campfire_upgraded":3,"win_rate":0.0,"timestamp":1612795204,"path_taken":["M","$","?","M","$","R","?","M","T","R","M","M","M","M","R","BOSS","M","?","?","M","?","R","M","?","PTL","PTL","T","R","M","R","E","M","R","BOSS","M","$","?","?","M","E","?","E","T","R","M","M","R","$","R","BOSS"],"items_purchased_type":["Card","Relic","Relic","Card"],"build_version":"2020-12-22","purchased_purges":0,"victory":false,"max_hp_per_floor":[80,80,80,80,80,80,80,80,80,80,80,80,80,80,80,80,80,80,80,80,80,80,80,80,80,80,80,80,80,80,80,80,80,80,80,80,80,80,80,80,80,80,80,80,80,80,80,80,80,80,80,80,80],"card_choices":[{"not_picked":["ReplayTheSpireMod:Strike From Hell","Shrug It Off"],"picked":"ReplayTheSpireMod:LeadingStrike","floor":1.0},{"not_picked":["Armaments","Sword Boomerang","Battle Trance"],"picked":"SKIP","floor":4.0},{"not_picked":["Anger","Clothesline"],"picked":"Pommel Strike","floor":7.0},{"not_picked":["Replay:Undeath\u0027s Touch","Combust","Brutality"],"picked":"SKIP","floor":8.0},{"not_picked":["ReplayTheSpireMod:Strike From Hell","Headbutt"],"picked":"Twin Strike","floor":11.0},{"not_picked":["Warcry","Defy Death","ReplayTheSpireMod:Strike From Hell"],"picked":"SKIP","floor":12.0},{"not_picked":["Warcry","True Grit"],"picked":"Clash","floor":13.0},{"not_picked":["True Grit","Clothesline"],"picked":"ReplayReversal","floor":14.0},{"not_picked":["Feed","Berserk"],"picked":"Bludgeon","floor":16.0},{"not_picked":["Pommel Strike","Anger"],"picked":"Clash","floor":18.0},{"not_picked":["Body Slam","ReplayTheSpireMod:Strike From Hell+1"],"picked":"Perfected Strike","floor":21.0},{"not_picked":["Cleave+1","Body Slam"],"picked":"Metallicize","floor":22.0},{"not_picked":["Clash","Burning Pact","Hemokinesis+1"],"picked":"SKIP","floor":24.0},{"not_picked":["Uppercut","ReplayTheSpireMod:Corrosion Curse"],"picked":"Iron Wave","floor":30.0},{"not_picked":["ReplayTheSpireMod:Strike From Hell","Perfected Strike"],"picked":"Dropkick+1","floor":32.0},{"not_picked":["Headbutt+1","True Grit+1","Sever Soul"],"picked":"SKIP","floor":33.0},{"not_picked":["Corruption","Replay:Many Hands"],"picked":"Bludgeon","floor":35.0},{"not_picked":["Combust","Second Wind+1"],"picked":"Thunderclap","floor":37.0},{"not_picked":["Run Through","Headbutt+1","Armaments"],"picked":"SKIP","floor":41.0},{"not_picked":["Replay:Undeath\u0027s Touch","Body Slam+1"],"picked":"Clash+1","floor":42.0},{"not_picked":["Clothesline+1","Disarm"],"picked":"Hemogenesis","floor":44.0},{"not_picked":["Pommel Strike","Berserk"],"picked":"Thunderclap+1","floor":47.0},{"not_picked":["True Grit+1","Warcry+1","Flex"],"picked":"SKIP","floor":48.0}],"player_experience":2459,"relics_obtained":[{"floor":9.0,"key":"Ancient Tea Set"},{"floor":28.0,"key":"Chameleon Ring"},{"floor":32.0,"key":"ReplayTheSpireMod:Spearhead"},{"floor":42.0,"key":"Another Sword"},{"floor":44.0,"key":"Pantograph"},{"floor":45.0,"key":"ReplayTheSpireMod:Ninjato"}],"event_choices":[{"damage_healed":0.0,"max_hp_gain":0.0,"max_hp_loss":0.0,"gold_gain":0.0,"event_name":"Upgrade Shrine","player_choice":"Upgraded","floor":3.0,"gold_loss":0.0,"damage_taken":0.0,"cards_upgraded":["Bash"]},{"damage_healed":0.0,"max_hp_gain":0.0,"max_hp_loss":0.0,"gold_gain":0.0,"event_name":"Addict","player_choice":"Obtained Relic","floor":19.0,"gold_loss":85.0,"damage_taken":0.0,"relics_obtained":["Bronze Scales"]},{"damage_healed":0.0,"max_hp_gain":0.0,"max_hp_loss":0.0,"gold_gain":0.0,"event_name":"Lab","player_choice":"Got Potions","floor":20.0,"gold_loss":0.0,"damage_taken":0.0},{"damage_healed":0.0,"max_hp_gain":0.0,"max_hp_loss":0.0,"gold_gain":0.0,"event_name":"Tomb of Lord Red Mask","player_choice":"Paid","floor":39.0,"gold_loss":132.0,"damage_taken":0.0,"relics_obtained":["Red Mask"]},{"cards_removed":["ReplayReversal"],"damage_healed":0.0,"max_hp_gain":0.0,"max_hp_loss":0.0,"gold_gain":0.0,"event_name":"Falling","player_choice":"Removed Skill","floor":40.0,"gold_loss":0.0,"damage_taken":0.0},{"damage_healed":20.0,"max_hp_gain":0.0,"max_hp_loss":0.0,"gold_gain":0.0,"event_name":"Winding Halls","player_choice":"Writhe","floor":43.0,"gold_loss":0.0,"damage_taken":0.0,"cards_obtained":["Writhe"]}],"is_beta":false,"boss_relics":[{"not_picked":["ReplayTheSpireMod:DimensionalGlitch","bronze:MakeshiftBattery"],"picked":"Replay:Bronze Core"},{"not_picked":["Kintsugi","Coffee Dripper"],"picked":"Velvet Choker"}],"items_purged_floors":[],"is_endless":false,"potions_floor_spawned":[1,12,13,14,21,22,30,32,35,37,41,42,48],"killed_by":"Awakened One","ascension_level":0}}