{"host":"89iuq2p5kwriuwfq","time":1612785164,"event":{"mods":["BaseMod","Curses Come First","Minty Spire (QoL Compilation)","Permanent Neow","StSLib"],"gold_per_floor":[116,133,58,72,86,121,121,149,225,225,225,255,6,26,26,125,125,137,150,160,160,173,173,173],"floor_reached":23,"language":"ENG","playtime":1902,"items_purged":[],"score":327,"play_id":"f4cd2ce6-0c53-44b4-a46e-2f8baf816b05","local_time":"20210208115244","is_ascension_mode":true,"campfire_choices":[{"data":"Noxious Fumes","floor":7.0,"key":"SMITH"},{"floor":10.0,"key":"REST"},{"data":"Footwork","floor":15.0,"key":"SMITH"}],"circlet_count":0,"master_deck":["AscendersBane","Strike_G","Strike_G","Strike_G","Strike_G","Defend_G","Defend_G","Defend_G","Defend_G","Survivor","Neutralize","Footwork+1","Escape Plan","Cloak And Dagger","Dodge and Roll","Dagger Throw","Dagger Throw","Noxious Fumes+1","Poisoned Stab","Deflect","Footwork","Dodge and Roll","Dash","Tools of the Trade","Underhanded Strike","Underhanded Strike","Reflex+1"],"relics":["HoveringKite","Pocketwatch","Prayer Wheel","Letter Opener","PreservedInsect","Orichalcum","Odd Mushroom","Black Star"],"acts_visited":["Exordium","TheCity"],"potions_floor_usage":[23],"damage_taken":[{"damage":7.0,"enemies":"Cultist","floor":1.0,"turns":5.0},{"damage":1.0,"enemies":"2 Louse","floor":2.0,"turns":4.0},{"damage":0.0,"enemies":"Jaw Worm","floor":4.0,"turns":8.0},{"damage":8.0,"enemies":"Exordium Thugs","floor":5.0,"turns":8.0},{"damage":17.0,"enemies":"3 Sentries","floor":6.0,"turns":13.0},{"damage":20.0,"enemies":"Gremlin Nob","floor":8.0,"turns":5.0},{"damage":4.0,"enemies":"Lagavulin","floor":12.0,"turns":7.0},{"damage":0.0,"enemies":"The Mushroom Lair","floor":14.0,"turns":3.0},{"damage":3.0,"enemies":"The Guardian","floor":16.0,"turns":11.0},{"damage":1.0,"enemies":"Chosen","floor":18.0,"turns":6.0},{"damage":13.0,"enemies":"Spheric Guardian","floor":19.0,"turns":7.0},{"damage":9.0,"enemies":"Centurion and Healer","floor":20.0,"turns":10.0},{"damage":24.0,"enemies":"3 Cultists","floor":22.0,"turns":7.0},{"damage":7,"enemies":"Book of Stabbing","floor":23,"turns":3}],"seed_played":"5116008306393430703","potions_obtained":[{"floor":1.0,"key":"ColorlessPotion"},{"floor":2.0,"key":"DistilledChaos"},{"floor":12.0,"key":"BlessingOfTheForge"},{"floor":14.0,"key":"Weak Potion"},{"floor":16.0,"key":"Poison Potion"}],"is_trial":false,"path_per_floor":["M","M","$","M","M","E","R","E","T","R","?","E","$","?","R","B",null,"M","M","M","?","M","E"],"character_chosen":"THE_SILENT","items_purchased":["Cloak And Dagger","Dodge and Roll","Footwork","Dodge and Roll","Orichalcum"],"campfire_rested":1,"item_purchase_floors":[3,3,13,13,13],"current_hp_per_floor":[56,55,55,55,47,30,30,10,10,31,24,20,20,20,20,17,57,56,43,34,34,10,3,3],"gold":173,"neow_bonus":"BOSS_RELIC","is_daily":false,"chose_seed":false,"campfire_upgraded":2,"win_rate":0.0,"timestamp":1612785164,"path_taken":["M","M","?","M","M","E","R","E","T","R","?","E","$","?","R","BOSS","M","M","M","?","M","E"],"items_purchased_type":["Card","Card","Card","Card","Relic"],"build_version":"2020-12-22","purchased_purges":0,"victory":false,"max_hp_per_floor":[70,70,70,70,70,70,70,70,70,70,70,70,70,70,70,70,70,70,70,70,70,70,70,70],"card_choices":[{"not_picked":["Cloak And Dagger","Sucker Punch"],"picked":"Footwork","floor":1.0},{"not_picked":["Deflect","Accuracy"],"picked":"Escape Plan","floor":2.0},{"not_picked":["Crippling Poison","Quick Slash"],"picked":"Dagger Throw","floor":4.0},{"not_picked":["Blur","Dodge and Roll"],"picked":"Dagger Throw","floor":5.0},{"not_picked":["Choke","Night Terror"],"picked":"Noxious Fumes","floor":6.0},{"not_picked":["Caltrops","Flying Knee"],"picked":"Poisoned Stab","floor":8.0},{"not_picked":["Heel Hook","Quick Slash"],"picked":"Deflect","floor":12.0},{"not_picked":["Distraction","Reflex"],"picked":"Dash","floor":14.0},{"not_picked":["Die Die Die","Unload"],"picked":"Tools of the Trade","floor":16.0},{"not_picked":["Cloak And Dagger","Skewer+1"],"picked":"Underhanded Strike","floor":18.0},{"not_picked":["Cloak And Dagger+1","Distraction","Deadly Poison"],"picked":"SKIP","floor":18.0},{"not_picked":["Infinite Blades","Cloak And Dagger+1"],"picked":"Underhanded Strike","floor":19.0},{"not_picked":["Bane","Setup+1","Blade Dance"],"picked":"SKIP","floor":19.0},{"not_picked":["Outmaneuver","Deflect","Flechettes"],"picked":"SKIP","floor":20.0},{"not_picked":["Phantasmal Killer","PiercingWail","Deflect"],"picked":"SKIP","floor":20.0},{"not_picked":["Quick Slash","Prepared"],"picked":"Reflex+1","floor":22.0},{"not_picked":["Expertise","Sucker Punch","Blade Dance+1"],"picked":"SKIP","floor":22.0}],"player_experience":643663,"relics_obtained":[{"floor":6.0,"key":"Pocketwatch"},{"floor":8.0,"key":"Prayer Wheel"},{"floor":9.0,"key":"Letter Opener"},{"floor":12.0,"key":"PreservedInsect"},{"floor":14.0,"key":"Odd Mushroom"}],"event_choices":[{"cards_removed":["Strike_G"],"damage_healed":0.0,"max_hp_gain":0.0,"max_hp_loss":0.0,"gold_gain":0.0,"event_name":"Golden Wing","player_choice":"Card Removal","floor":11.0,"gold_loss":0.0,"damage_taken":7.0},{"damage_healed":0.0,"max_hp_gain":0.0,"max_hp_loss":0.0,"gold_gain":0.0,"event_name":"Mushrooms","player_choice":"Fought Mushrooms","floor":14.0,"gold_loss":0.0,"damage_taken":0.0},{"cards_removed":["Defend_G"],"damage_healed":0.0,"max_hp_gain":0.0,"max_hp_loss":0.0,"gold_gain":0.0,"event_name":"Purifier","player_choice":"Purged","floor":21.0,"gold_loss":0.0,"damage_taken":0.0}],"is_beta":false,"boss_relics":[{"not_picked":["Tiny House","Busted Crown"],"picked":"Black Star"}],"items_purged_floors":[],"is_endless":false,"potions_floor_spawned":[1,2,12,14,16],"killed_by":"Book of Stabbing","ascension_level":11}}