{"host":"d9m9v0h6vo0edadb","time":1612774770,"event":{"mods":["BaseMod","Hermit","Keyboard Shortcuts","Minty Spire (QoL Compilation)","StSLib","SuperFastMode","The Cursed"],"gold_per_floor":[109,34,34,34,34,34,68,86,86,109,147,168,168,168],"floor_reached":13,"language":"KOR","playtime":140,"items_purged":["Strike_G"],"score":236,"play_id":"877c7e3a-3c01-48f2-8275-8ddc71573545","local_time":"20210208175930","is_ascension_mode":true,"campfire_choices":[{"data":"PiercingWail","floor":6,"key":"SMITH"}],"circlet_count":0,"master_deck":["AscendersBane","Strike_G","Strike_G","Strike_G","Strike_G","Defend_G","Defend_G","Defend_G","Defend_G","Defend_G","Survivor","Neutralize","PiercingWail+1","Deadly Poison","Well Laid Plans","Blade Dance","Dagger Throw"],"relics":["Ring of the Snake","NeowsBlessing","Golden Idol","Eternal Feather","StoneCalendar","Potion Belt"],"acts_visited":["Exordium"],"potions_floor_usage":[13],"damage_taken":[{"damage":0,"enemies":"Cultist","floor":1,"turns":1},{"damage":0,"enemies":"3 Sentries","floor":7,"turns":1},{"damage":0,"enemies":"Jaw Worm","floor":8,"turns":1},{"damage":0,"enemies":"Small Slimes","floor":10,"turns":4},{"damage":17,"enemies":"Lagavulin","floor":11,"turns":8},{"damage":15,"enemies":"Blue Slaver","floor":12,"turns":6},{"damage":54,"enemies":"Gremlin Nob","floor":13,"turns":4}],"seed_played":"5458854732529311397","potions_obtained":[{"floor":10,"key":"SpeedPotion"}],"is_trial":false,"path_per_floor":["M","$","?","$","?","R","E","M","T","M","E","M","E"],"character_chosen":"THE_SILENT","items_purchased":[],"campfire_rested":0,"item_purchase_floors":[],"current_hp_per_floor":[59,59,59,59,64,64,64,64,64,64,47,32,0,0],"gold":168,"neow_bonus":"THREE_ENEMY_KILL","is_daily":false,"chose_seed":false,"campfire_upgraded":1,"win_rate":0.0,"timestamp":1612774770,"path_taken":["M","?","?","$","?","R","E","M","T","?","E","M","E"],"items_purchased_type":[],"build_version":"2020-12-22","purchased_purges":1,"victory":false,"max_hp_per_floor":[66,66,60,60,65,65,65,65,65,65,65,65,65,65],"card_choices":[{"not_picked":["Deadly Poison","Quick Slash"],"picked":"PiercingWail","floor":1},{"not_picked":["Concentrate","Accuracy"],"picked":"Deadly Poison","floor":7},{"not_picked":["Choke","Caltrops","Slice"],"picked":"SKIP","floor":8},{"not_picked":["Glass Knife","Caltrops"],"picked":"Well Laid Plans","floor":10},{"not_picked":["Riddle With Holes","Well Laid Plans"],"picked":"Blade Dance","floor":11},{"not_picked":["Cloak And Dagger","Masterful Stab"],"picked":"Dagger Throw","floor":12}],"player_experience":1009209,"relics_obtained":[{"floor":7,"key":"Eternal Feather"},{"floor":9,"key":"StoneCalendar"},{"floor":11,"key":"Potion Belt"}],"event_choices":[{"damage_healed":0,"gold_gain":0,"player_choice":"Lose Max HP","damage_taken":0,"relics_obtained":["Golden Idol"],"max_hp_gain":0,"max_hp_loss":6,"event_name":"Golden Idol","floor":3,"gold_loss":0},{"damage_healed":0,"gold_gain":0,"player_choice":"Donut","damage_taken":0,"max_hp_gain":5,"max_hp_loss":0,"event_name":"Big Fish","floor":5,"gold_loss":0}],"is_beta":false,"boss_relics":[],"items_purged_floors":[2],"is_endless":false,"potions_floor_spawned":[10],"killed_by":"Gremlin Nob","ascension_level":20}}