{"host":"lktusdb9orijgc6z","time":1612814131,"event":{"mods":["BaseMod","Bestiary","Colored Map","Colored Powertips","Minty Spire (QoL Compilation)","Permanent Neow","Quick Restart","Relic Stats","StSLib","everything is the same but u backflip on backflip","slay the spire mod where everything is the same but ironclad has a cowboy hat"],"gold_per_floor":[113,124,141,141,141,177,177,218,241,241,20,20,20,36,36,36,36],"floor_reached":16,"language":"ENG","playtime":558,"items_purged":[],"score":184,"play_id":"57eb8d64-552e-401a-815f-d0379ecfe39f","local_time":"20210208205531","is_ascension_mode":true,"campfire_choices":[{"floor":7.0,"key":"REST"},{"data":"Panacea","floor":10.0,"key":"SMITH"},{"data":"Shockwave","floor":13.0,"key":"SMITH"},{"floor":15,"key":"REST"}],"circlet_count":0,"master_deck":["AscendersBane","Strike_R","Strike_R","Strike_R","Strike_R+1","Defend_R","Defend_R+1","Defend_R","Defend_R","Bash","Panacea+1","Armaments","Anger","Berserk","Shockwave+1","Flame Barrier","Feel No Pain","Burning Pact"],"relics":["Burning Blood","Golden Idol","Potion Belt","Centennial Puzzle","MealTicket","OrangePellets"],"acts_visited":["Exordium"],"potions_floor_usage":[14],"damage_taken":[{"damage":7.0,"enemies":"2 Louse","floor":1.0,"turns":3.0},{"damage":13.0,"enemies":"Jaw Worm","floor":2.0,"turns":6.0},{"damage":6.0,"enemies":"Cultist","floor":3.0,"turns":4.0},{"damage":47.0,"enemies":"3 Sentries","floor":6.0,"turns":12.0},{"damage":29.0,"enemies":"Gremlin Nob","floor":8.0,"turns":5.0},{"damage":6,"enemies":"Lots of Slimes","floor":14,"turns":4},{"damage":33,"enemies":"Hexaghost","floor":16,"turns":9}],"seed_played":"921388872045616325","potions_obtained":[{"floor":6.0,"key":"Strength Potion"}],"is_trial":false,"path_per_floor":["M","M","M","?","?","E","R","E","T","R","$","?","R","M","R","B"],"character_chosen":"IRONCLAD","items_purchased":["OrangePellets","Feel No Pain"],"campfire_rested":2,"item_purchase_floors":[11,11],"current_hp_per_floor":[67,60,60,53,53,12,32,9,9,9,24,10,10,10,30,0,0],"gold":36,"neow_bonus":"RANDOM_COLORLESS","is_daily":false,"chose_seed":false,"campfire_upgraded":2,"win_rate":0.0,"timestamp":1612814131,"path_taken":["M","M","M","?","?","E","R","E","T","R","$","?","R","M","R","BOSS"],"items_purchased_type":["Relic","Card"],"build_version":"2020-12-22","purchased_purges":0,"victory":false,"max_hp_per_floor":[75,75,75,75,69,69,69,69,69,69,69,69,69,69,69,69,69],"relic_stats":{"OrangePellets":[2],"Centennial Puzzle":[6],"counters":[7,43],"Golden Idol":18,"MealTicket":15,"obtain_stats":[{"Potion Belt":6,"OrangePellets":11,"Centennial Puzzle":8,"Golden Idol":5,"MealTicket":9,"Burning Blood":0},{"Potion Belt":4,"OrangePellets":5,"Centennial Puzzle":5,"Golden Idol":3,"MealTicket":5,"Burning Blood":0},{"Potion Belt":25,"OrangePellets":30,"Centennial Puzzle":30,"Golden Idol":13,"MealTicket":30,"Burning Blood":0}],"Burning Blood":36},"card_choices":[{"not_picked":["Dark Shackles","Mind Blast"],"picked":"Panacea","floor":0.0},{"not_picked":["Rage","Rupture"],"picked":"Armaments","floor":1.0},{"not_picked":["Evolve","Havoc"],"picked":"Anger","floor":2.0},{"not_picked":["Sentinel","Wild Strike"],"picked":"Berserk","floor":3.0},{"not_picked":["Flex","Metallicize"],"picked":"Shockwave","floor":6.0},{"not_picked":["Searing Blow","Hemokinesis"],"picked":"Flame Barrier","floor":8.0},{"not_picked":["Thunderclap","Twin Strike"],"picked":"Burning Pact","floor":14}],"player_experience":773145,"relics_obtained":[{"floor":6.0,"key":"Potion Belt"},{"floor":8.0,"key":"Centennial Puzzle"},{"floor":9.0,"key":"MealTicket"}],"event_choices":[{"cards_removed":["Strike_R"],"damage_healed":0.0,"max_hp_gain":0.0,"max_hp_loss":0.0,"gold_gain":0.0,"event_name":"Golden Wing","player_choice":"Card Removal","floor":4.0,"gold_loss":0.0,"damage_taken":7.0},{"damage_healed":0.0,"max_hp_gain":0.0,"max_hp_loss":6.0,"gold_gain":0.0,"event_name":"Golden Idol","player_choice":"Lose Max HP","floor":5.0,"gold_loss":0.0,"damage_taken":0.0,"relics_obtained":["Golden Idol"]},{"damage_healed":0.0,"max_hp_gain":0.0,"max_hp_loss":0.0,"gold_gain":0.0,"event_name":"Shining Light","player_choice":"Entered Light","floor":12.0,"gold_loss":0.0,"damage_taken":14.0,"cards_upgraded":["Defend_R","Strike_R"]}],"is_beta":false,"boss_relics":[],"items_purged_floors":[],"is_endless":false,"potions_floor_spawned":[6],"killed_by":"Hexaghost","ascension_level":14}}