{"host":"8is2j71l4wmybkoi","time":1612760482,"event":{"mods":["AchievementEnabler","BaseMod","Colored Map","Minty Spire (QoL Compilation)","Rare Cards Sparkle","StSLib","SuperFastMode"],"gold_per_floor":[112,123,139,14,33,33,65,65,65,65,84,104,104,123,123,197,197,212,223,223,28,0,34,50,50,121,121,131,147,147,172,172,244,244,262,262,274,174,194,194,221,221,275,293,305,335,348,348,348,348,348],"floor_reached":50,"language":"KOR","playtime":2435,"items_purged":["Strike_G","Defend_G"],"score":1049,"play_id":"b7599407-e671-4c2e-bccf-0f68f332ea3f","local_time":"20210208140122","is_ascension_mode":true,"campfire_choices":[{"data":"Doppelganger","floor":6.0,"key":"SMITH"},{"data":"Noxious Fumes","floor":8.0,"key":"SMITH"},{"data":"Terror","floor":13.0,"key":"SMITH"},{"data":"Wraith Form v2","floor":15.0,"key":"SMITH"},{"floor":25.0,"key":"REST"},{"floor":27.0,"key":"RECALL"},{"floor":30.0,"key":"REST"},{"floor":32.0,"key":"REST"},{"floor":40.0,"key":"REST"},{"floor":49,"key":"REST"}],"circlet_count":0,"master_deck":["AscendersBane","Strike_G","Strike_G","Strike_G","Defend_G","Defend_G","Defend_G","Defend_G","Survivor","Neutralize+1","Flying Knee","Masterful Stab","Backflip","Doppelganger+1","Noxious Fumes+1","Heel Hook","Backflip","Terror+1","Wraith Form v2+1","A Thousand Cuts","Cloak And Dagger+1","Well Laid Plans","Finesse","Grand Finale","Crippling Poison","Acrobatics","Backflip","Adrenaline","PiercingWail","Backflip+1","Decay","Outmaneuver+1","Dagger Throw","Prepared+1","Footwork","Deadly Poison+1"],"relics":["Ring of the Snake","Orichalcum","Ninja Scroll","Fusion Hammer","MutagenicStrength","Thread and Needle","Pear","Akabeko","Cursed Key","Prayer Wheel","Art of War"],"acts_visited":["Exordium","TheCity","TheBeyond"],"potions_floor_usage":[],"damage_taken":[{"damage":7.0,"enemies":"Small Slimes","floor":1.0,"turns":5.0},{"damage":1.0,"enemies":"2 Louse","floor":2.0,"turns":3.0},{"damage":0.0,"enemies":"Jaw Worm","floor":3.0,"turns":3.0},{"damage":1.0,"enemies":"Blue Slaver","floor":5.0,"turns":4.0},{"damage":19.0,"enemies":"Gremlin Nob","floor":7.0,"turns":5.0},{"damage":0.0,"enemies":"Looter","floor":11.0,"turns":3.0},{"damage":5.0,"enemies":"Exordium Wildlife","floor":12.0,"turns":4.0},{"damage":1.0,"enemies":"Blue Slaver","floor":14.0,"turns":3.0},{"damage":13.0,"enemies":"Hexaghost","floor":16.0,"turns":9.0},{"damage":0.0,"enemies":"Spheric Guardian","floor":18.0,"turns":4.0},{"damage":3.0,"enemies":"Chosen","floor":19.0,"turns":3.0},{"damage":6.0,"enemies":"Slavers","floor":23.0,"turns":6.0},{"damage":5.0,"enemies":"Snake Plant","floor":24.0,"turns":5.0},{"damage":0.0,"enemies":"Cultist and Chosen","floor":28.0,"turns":5.0},{"damage":0.0,"enemies":"Snecko","floor":29.0,"turns":5.0},{"damage":4.0,"enemies":"Book of Stabbing","floor":31.0,"turns":5.0},{"damage":7.0,"enemies":"Champ","floor":33.0,"turns":11.0},{"damage":0.0,"enemies":"Orb Walker","floor":35.0,"turns":3.0},{"damage":0.0,"enemies":"3 Shapes","floor":37.0,"turns":4.0},{"damage":0.0,"enemies":"Sphere and 2 Shapes","floor":39.0,"turns":4.0},{"damage":3.0,"enemies":"Nemesis","floor":41.0,"turns":7.0},{"damage":6.0,"enemies":"Jaw Worm Horde","floor":44.0,"turns":4.0},{"damage":32.0,"enemies":"Spire Growth","floor":45.0,"turns":5.0},{"damage":2.0,"enemies":"Giant Head","floor":46.0,"turns":8.0},{"damage":12.0,"enemies":"Maw","floor":47.0,"turns":5.0},{"damage":43,"enemies":"Time Eater","floor":50,"turns":4}],"seed_played":"7680292246164259436","potions_obtained":[{"floor":2.0,"key":"Block Potion"},{"floor":7.0,"key":"GhostInAJar"},{"floor":28.0,"key":"LiquidBronze"},{"floor":31.0,"key":"Poison Potion"},{"floor":33.0,"key":"Block Potion"},{"floor":39.0,"key":"Block Potion"},{"floor":41.0,"key":"PowerPotion"},{"floor":47.0,"key":"BlessingOfTheForge"}],"is_trial":false,"path_per_floor":["M","M","M","$","M","R","E","R","T","?","M","M","R","M","R","B",null,"M","M","?","$","?","E","M","R","T","R","M","M","R","E","R","B",null,"M","?","M","$","M","R","E","?","T","M","M","E","M","?","R","B"],"character_chosen":"THE_SILENT","items_purchased":["Doppelganger","Explosive Potion","Well Laid Plans","Finesse"],"campfire_rested":5,"item_purchase_floors":[4,4,21,21],"current_hp_per_floor":[52,51,51,51,50,50,31,31,31,31,31,26,26,25,25,12,53,53,50,50,50,50,44,39,58,68,68,68,68,76,72,76,69,74,74,74,74,74,74,76,73,72,72,66,34,32,20,20,41,0,0],"gold":348,"neow_bonus":"UPGRADE_CARD","is_daily":false,"chose_seed":false,"campfire_upgraded":4,"win_rate":0.0,"timestamp":1612760482,"path_taken":["M","M","M","$","M","R","E","R","T","?","M","M","R","M","R","BOSS","M","M","?","$","?","E","M","R","T","R","M","M","R","E","R","BOSS","M","?","M","$","M","R","E","?","T","M","M","E","M","?","R","BOSS"],"items_purchased_type":["Card","Potion","Card","Card"],"build_version":"2020-12-22","purchased_purges":2,"victory":false,"max_hp_per_floor":[66,66,66,66,66,66,66,66,66,66,66,66,66,66,66,66,66,66,66,66,66,66,66,66,66,76,76,76,76,76,76,76,76,76,76,76,76,76,76,76,76,72,72,72,72,72,72,72,72,72,72],"card_choices":[{"not_picked":["All Out Attack","Underhanded Strike"],"picked":"Flying Knee","floor":1.0},{"not_picked":["Poisoned Stab","Backflip"],"picked":"Masterful Stab","floor":2.0},{"not_picked":["Prepared","Catalyst"],"picked":"Backflip","floor":3.0},{"not_picked":["Infinite Blades","Dagger Throw"],"picked":"Noxious Fumes","floor":5.0},{"not_picked":["Cloak And Dagger","Distraction"],"picked":"Heel Hook","floor":7.0},{"not_picked":["Prepared","Underhanded Strike"],"picked":"Backflip","floor":11.0},{"not_picked":["Bane","Catalyst"],"picked":"Terror","floor":12.0},{"not_picked":["Endless Agony","Acrobatics"],"picked":"Wraith Form v2","floor":14.0},{"not_picked":["Phantasmal Killer","Glass Knife"],"picked":"A Thousand Cuts","floor":16.0},{"not_picked":["Dagger Spray","Dodge and Roll+1"],"picked":"Cloak And Dagger+1","floor":18.0},{"not_picked":["Choke","Flechettes","Slice+1"],"picked":"SKIP","floor":19.0},{"not_picked":["Prepared","Eviscerate"],"picked":"Grand Finale","floor":23.0},{"not_picked":["Quick Slash","Infinite Blades","Blade Dance"],"picked":"SKIP","floor":24.0},{"not_picked":["Quick Slash","Infinite Blades","Blade Dance"],"picked":"SKIP","floor":24.0},{"not_picked":["PiercingWail","Distraction"],"picked":"Crippling Poison","floor":28.0},{"not_picked":["Deadly Poison","Quick Slash"],"picked":"Acrobatics","floor":29.0},{"not_picked":["Cloak And Dagger","Skewer"],"picked":"Backflip","floor":31.0},{"not_picked":["Doppelganger","Glass Knife"],"picked":"Adrenaline","floor":33.0},{"not_picked":["Caltrops","Catalyst"],"picked":"PiercingWail","floor":35.0},{"not_picked":["Sucker Punch+1","Dash"],"picked":"Backflip+1","floor":37.0},{"not_picked":["Dagger Spray+1","Underhanded Strike","Well Laid Plans"],"picked":"SKIP","floor":39.0},{"not_picked":["Slice+1","Dagger Spray","Deflect"],"picked":"SKIP","floor":41.0},{"not_picked":["Crippling Poison","Dagger Throw+1"],"picked":"Outmaneuver+1","floor":44.0},{"not_picked":["Expertise","Noxious Fumes"],"picked":"Dagger Throw","floor":44.0},{"not_picked":["Terror","Deflect","Flying Knee"],"picked":"SKIP","floor":45.0},{"not_picked":["Bouncing Flask","Finisher+1","Backflip"],"picked":"SKIP","floor":45.0},{"not_picked":["Backstab","Heel Hook+1"],"picked":"Prepared+1","floor":46.0},{"not_picked":["Catalyst","Flying Knee"],"picked":"Footwork","floor":47.0},{"not_picked":["Slice+1","Blade Dance"],"picked":"Deadly Poison+1","floor":47.0}],"player_experience":1046573,"relics_obtained":[{"floor":7.0,"key":"Orichalcum"},{"floor":9.0,"key":"Ninja Scroll"},{"floor":23.0,"key":"Thread and Needle"},{"floor":26.0,"key":"Pear"},{"floor":31.0,"key":"Akabeko"},{"floor":41.0,"key":"Prayer Wheel"},{"floor":46.0,"key":"Art of War"}],"event_choices":[{"damage_healed":0.0,"max_hp_gain":0.0,"max_hp_loss":0.0,"gold_gain":0.0,"event_name":"Liars Game","player_choice":"Ignored","floor":10.0,"gold_loss":0.0,"damage_taken":0.0},{"damage_healed":0.0,"max_hp_gain":0.0,"max_hp_loss":0.0,"gold_gain":0.0,"event_name":"Drug Dealer","player_choice":"Inject Mutagens","floor":20.0,"gold_loss":0.0,"damage_taken":0.0,"relics_obtained":["MutagenicStrength"]},{"damage_healed":0.0,"max_hp_gain":0.0,"max_hp_loss":0.0,"gold_gain":0.0,"event_name":"Masked Bandits","player_choice":"Paid Fearfully","floor":22.0,"gold_loss":28.0,"damage_taken":0.0},{"cards_removed":["Strike_G"],"damage_healed":0.0,"max_hp_gain":0.0,"max_hp_loss":0.0,"gold_gain":0.0,"event_name":"Falling","player_choice":"Removed Attack","floor":36.0,"gold_loss":0.0,"damage_taken":0.0},{"damage_healed":0.0,"max_hp_gain":0.0,"max_hp_loss":4.0,"gold_gain":0.0,"event_name":"Winding Halls","player_choice":"Max HP","floor":42.0,"gold_loss":0.0,"damage_taken":0.0},{"damage_healed":0,"gold_gain":0,"player_choice":"Memory 1","damage_taken":0,"max_hp_gain":0,"max_hp_loss":0,"event_name":"SensoryStone","floor":48,"gold_loss":0}],"is_beta":false,"boss_relics":[{"not_picked":["Ring of the Serpent","SacredBark"],"picked":"Fusion Hammer"},{"not_picked":["Busted Crown","Tiny House"],"picked":"Cursed Key"}],"items_purged_floors":[21,38],"is_endless":false,"potions_floor_spawned":[2,7,12,14,16,19,28,31,33,39,41,47],"killed_by":"Time Eater","ascension_level":15}}