{"host":"qxvfhyaudhuuf9dn","time":1612823567,"event":{"mods":["Act Like it!","Arknights","BaseMod","Colored Map","Gensokyo","Minty Spire (QoL Compilation)","Replay The Spire","StSLib","Waifu the Spire","【功能Mod】混沌之环修复补丁"],"gold_per_floor":[109,109,129,129,129,164,213,245,245,259,113,113,166,96,96,193,193,203,203,203,128,128,428,428],"floor_reached":23,"language":"ZHS","playtime":1362,"items_purged":["Delirium"],"score":293,"play_id":"edfe91d0-4852-49c3-a54f-f71e492faea0","local_time":"20210209063247","daily_mods":["SealedDeck","Heirloom","Time Dilation","Flight"],"is_ascension_mode":false,"campfire_choices":[{"data":"ats:Composite Medical Shells","floor":12,"key":"SMITH"}],"circlet_count":0,"master_deck":["ats:Closed Bolt Burst Fire","ats:Cat Scratch","ats:Cat Scratch","ats:Apocalypse","ats:Song Of Battle","ats:Curse Doll","ats:Assault Order+1","ats:Apocalypse+1","ats:Healing Strengthening","ats:Composite Medical Shells+1","Pain","ats:Calcification","Gensokyo:BlemishedSteel","Sickly"],"relics":["ats:Sanity","Torii","Unceasing Top","Gensokyo:LunaticRedEyes","Gensokyo:PortableGap","ats:Originium","Anchor","Akabeko","ats:Lavender","Ornamental Fan","Tiny Chest","ReplayTheSpireMod:Ring of Exchange","ats:Snipe","Ring of Hypnosis","Sundial","Chameleon Ring"],"acts_visited":["Gensokyo:Gensokyo","TheCity"],"potions_floor_usage":[],"damage_taken":[{"damage":9,"enemies":"Gensokyo:Gryphon","floor":1,"turns":3},{"damage":12,"enemies":"Gensokyo:Python","floor":3,"turns":4},{"damage":32,"enemies":"Gensokyo:Mamizou","floor":6,"turns":9},{"damage":16,"enemies":"Gensokyo:Cirno","floor":8,"turns":6},{"damage":8,"enemies":"Gensokyo:2_Kodama","floor":10,"turns":4},{"damage":62,"enemies":"Gensokyo:Reimu","floor":16,"turns":12},{"damage":47,"enemies":"3 Byrds","floor":18,"turns":5},{"damage":51,"enemies":"Slavers","floor":23,"turns":4}],"seed_played":"2130439384375733180","potions_obtained":[{"floor":3,"key":"Venom Potion"},{"floor":6,"key":"SneckoOil"},{"floor":8,"key":"EssenceOfSteel"}],"is_trial":true,"path_per_floor":["M","?","M","?","?","E","T","E","T","M","COS","R","T","?","R_BF","B",null,"M","?","?","$","T","E"],"character_chosen":"DOCTOR_CLASS","items_purchased":[],"campfire_rested":0,"item_purchase_floors":[],"current_hp_per_floor":[70,56,69,69,65,65,65,62,62,63,63,63,63,63,63,39,65,41,41,30,30,30,0,0],"gold":428,"neow_bonus":"","is_daily":false,"chose_seed":false,"campfire_upgraded":1,"win_rate":0.0,"timestamp":1612823567,"path_taken":["M","?","?","?","?","E","?","E","T","?","COS","R","?","?","R_BF","BOSS","M","?","?","$","?","E"],"items_purchased_type":[],"build_version":"2020-12-22","purchased_purges":1,"victory":false,"max_hp_per_floor":[72,72,72,72,65,65,65,65,65,65,65,65,65,65,65,65,65,65,65,70,70,70,70,70],"card_choices":[{"not_picked":["ats:Blood Oath","ats:Consecutive Shot Auto","ats:Mental Burst"],"picked":"SKIP","floor":1},{"not_picked":["ats:Curse Doll","ats:Literary Storm","ats:Hammer On"],"picked":"SKIP","floor":3},{"not_picked":["ats:Song Of Battle","ats:Red Shift"],"picked":"ats:Calcification","floor":6},{"not_picked":["ats:Steam Pump","ats:Red Shift","ats:Explosion Area Strengthen"],"picked":"SKIP","floor":8},{"not_picked":["ats:Flexible Camouflage","ats:Blood Oath","ats:Hammer On"],"picked":"SKIP","floor":10},{"not_picked":["ats:Explosion Area Strengthen","ats:Literary Storm","ats:Powerful Strike"],"picked":"SKIP","floor":18}],"player_experience":46650,"relics_obtained":[{"floor":6,"key":"ats:Originium"},{"floor":6,"key":"Anchor"},{"floor":7,"key":"Akabeko"},{"floor":8,"key":"ats:Originium"},{"floor":8,"key":"ats:Lavender"},{"floor":9,"key":"Ornamental Fan"},{"floor":13,"key":"Tiny Chest"},{"floor":15,"key":"ReplayTheSpireMod:Ring of Exchange"},{"floor":19,"key":"Ring of Hypnosis"},{"floor":22,"key":"Sundial"}],"event_choices":[{"damage_healed":0,"gold_gain":0,"player_choice":"Shed Blood","damage_taken":16,"max_hp_gain":5,"max_hp_loss":0,"event_name":"Forgotten Altar","floor":20,"gold_loss":0}],"is_beta":false,"boss_relics":[{"not_picked":["Snecko Heart","Busted Crown"],"picked":"ats:Snipe"}],"items_purged_floors":[21],"is_endless":true,"potions_floor_spawned":[3,6,8],"killed_by":"Slavers","ascension_level":0}}