{"host":"oluf6aumjll4vfac","time":1612769929,"event":{"mods":["BaseMod","Colored Map","Colored Powertips","Conspire","Downfall","Minty Spire (QoL Compilation)","Quick Restart","Replay The Spire","Shop Mod","StSLib","SuperFastMode"],"gold_per_floor":[111,121,138,154,254,284,295,295,295,24,24,38,50,50,50,60,60,60,60],"floor_reached":18,"language":"ZHS","playtime":507,"items_purged":[],"score":116,"play_id":"0c7b2075-7f71-4bfa-8303-a0c7915e9104","local_time":"20210208153849","is_ascension_mode":false,"campfire_choices":[{"data":"Armaments","floor":11,"key":"SMITH"},{"floor":17,"key":"REST"}],"circlet_count":0,"master_deck":["Strike_R","Strike_R","Strike_R","Strike_R","Strike_R","Defend_R","Defend_R","Defend_R","Defend_R","Bash+1","Clothesline","Thunderclap","Armaments+1","Carnage","Anger","Flex","Pommel Strike","Spot Weakness","ReplayTheSpireMod:Strike From Hell","Cleave"],"relics":["Burning Blood","NeowsBlessing","Shuriken","Gremlin Food","MerchantsRug"],"acts_visited":["Exordium"],"potions_floor_usage":[4,7,12,13,16,18],"damage_taken":[{"damage":0,"enemies":"2 Louse","floor":1,"turns":1},{"damage":0,"enemies":"Cultist","floor":2,"turns":1},{"damage":0,"enemies":"Jaw Worm","floor":3,"turns":1},{"damage":39,"enemies":"Gremlin Gang","floor":4,"turns":4},{"damage":28,"enemies":"Replay:BlueRogue","floor":6,"turns":5},{"damage":1,"enemies":"Exordium Wildlife","floor":7,"turns":2},{"damage":11,"enemies":"Large Slime","floor":12,"turns":4},{"damage":0,"enemies":"3 Louse","floor":13,"turns":2},{"damage":1,"enemies":"Exordium Wildlife","floor":16,"turns":2},{"damage":74,"enemies":"Fading Forest","floor":18,"turns":7}],"seed_played":"-3691030640847299073","potions_obtained":[{"floor":1,"key":"CultistPotion"},{"floor":6,"key":"BlessingOfTheForge"},{"floor":7,"key":"Guardian:BlockOnCardUsePotion"},{"floor":12,"key":"FearPotion"},{"floor":16,"key":"SteroidPotion"}],"is_trial":false,"path_per_floor":["M","M","M","M","?","E","M","?","T","$","R","M","M","PTL","PTL","M","R","B"],"character_chosen":"IRONCLAD","items_purchased":["MerchantsRug","Flex","Pommel Strike","Explosive Potion"],"campfire_rested":1,"item_purchase_floors":[10,10,10,10],"current_hp_per_floor":[80,80,80,47,47,25,30,30,30,30,30,25,31,31,31,36,60,0,0],"gold":60,"neow_bonus":"THREE_ENEMY_KILL","is_daily":false,"chose_seed":false,"campfire_upgraded":1,"win_rate":0.0,"timestamp":1612769929,"path_taken":["M","M","M","M","?","E","?","?","T","$","R","M","M","PTL","PTL","M","R","BOSS"],"items_purchased_type":["Relic","Card","Card","Potion"],"build_version":"2020-12-22","purchased_purges":0,"victory":false,"max_hp_per_floor":[80,80,80,80,80,80,80,80,80,80,80,80,80,80,80,80,80,80,80],"card_choices":[{"not_picked":["Power Through","Heavy Blade"],"picked":"Clothesline","floor":1},{"not_picked":["Pommel Strike","Run Through"],"picked":"Thunderclap","floor":2},{"not_picked":["Headbutt","Fire Breathing"],"picked":"Armaments","floor":3},{"not_picked":["Pommel Strike","Anger"],"picked":"ReplayTheSpireMod:Muscle Training","floor":4},{"not_picked":["Brutality","Pummel"],"picked":"Carnage","floor":6},{"not_picked":["Clash","Dark Embrace"],"picked":"Anger","floor":7},{"not_picked":["Body Slam","Run Through"],"picked":"Spot Weakness","floor":12},{"not_picked":["Twin Strike","Sword Boomerang"],"picked":"ReplayTheSpireMod:Strike From Hell","floor":13},{"not_picked":["ReplayTheSpireMod:Strike From Hell","Thunderclap"],"picked":"Cleave","floor":16}],"player_experience":63739,"relics_obtained":[{"floor":6,"key":"Shuriken"},{"floor":9,"key":"Gremlin Food"}],"event_choices":[{"damage_healed":0,"gold_gain":100,"player_choice":"Pray","damage_taken":0,"max_hp_gain":0,"max_hp_loss":0,"event_name":"Golden Shrine","floor":5,"gold_loss":0},{"cards_removed":["ReplayTheSpireMod:Muscle Training"],"damage_healed":0,"gold_gain":0,"player_choice":"Card Removal","damage_taken":0,"max_hp_gain":0,"max_hp_loss":0,"event_name":"Wheel of Change","floor":8,"gold_loss":0}],"is_beta":false,"boss_relics":[],"items_purged_floors":[],"is_endless":false,"potions_floor_spawned":[1,6,7,12,16],"killed_by":"Fading Forest","ascension_level":0}}