{"host":"zq15pup7vna0uxo1","time":1612819292,"event":{"mods":["BaseMod","Colored Map","Downfall","Minty Spire (QoL Compilation)","Replay The Spire","StSLib"],"gold_per_floor":[99,110,110,16,28,56,56,67,113,125,150,150,166,166,166,166],"floor_reached":14,"language":"ENG","playtime":605,"items_purged":[],"score":90,"play_id":"82406496-9087-4a6d-b293-4250db620a96","local_time":"20210208222132","is_ascension_mode":false,"campfire_choices":[{"data":"hexamod:Float","floor":1.0,"key":"SMITH"}],"circlet_count":0,"master_deck":["hexamod:Strike","hexamod:Strike","hexamod:Strike","hexamod:Strike","hexamod:Defend","hexamod:Defend","hexamod:Defend","hexamod:Defend","hexamod:Sear","hexamod:Float+1","hexamod:AdvancingGuard","hexamod:FirstSeal","hexamod:SwordOfDarkness","hexamod:DynamicBlow","hexamod:StepThrough","hexamod:GhostflameInferno","hexamod:HauntingEcho","hexamod:SkipABeat","hexamod:RecurringNightmare","hexamod:Incineration","hexamod:WildfireWeapon"],"relics":["hexamod:SpiritBrand","TungstenRod","Replay:Towering Pillar of Hats","Replay:Bottled Flurry","ReplayTheSpireMod:Lightbulb"],"acts_visited":["Exordium"],"potions_floor_usage":[],"damage_taken":[{"damage":0.0,"enemies":"Small Slimes","floor":2.0,"turns":3.0},{"damage":0.0,"enemies":"downfall:FleeingMerchant","floor":4.0,"turns":4.0},{"damage":1.0,"enemies":"2 Louse","floor":5.0,"turns":2.0},{"damage":39.0,"enemies":"Gremlin Nob","floor":6.0,"turns":5.0},{"damage":5.0,"enemies":"Jaw Worm","floor":8.0,"turns":2.0},{"damage":10.0,"enemies":"Large Slime","floor":10.0,"turns":3.0},{"damage":22.0,"enemies":"Lots of Slimes","floor":13.0,"turns":4.0},{"damage":24,"enemies":"Lagavulin","floor":14,"turns":3}],"seed_played":"-6193445192034806084","potions_obtained":[{"floor":5.0,"key":"sneckomod:MuddlingPotion"},{"floor":10.0,"key":"ColorlessPotion"}],"is_trial":false,"path_per_floor":["R","M","?","$","M","E","T","M","?","M","T","?","M","E"],"character_chosen":"THE_SPIRIT","items_purchased":["hexamod:DynamicBlow"],"campfire_rested":0,"item_purchase_floors":[4],"current_hp_per_floor":[77,77,70,77,77,45,45,40,40,30,30,30,15,0,0,0],"gold":166,"neow_bonus":"TEN_PERCENT_HP_BONUS","is_daily":false,"chose_seed":false,"campfire_upgraded":1,"win_rate":0.0,"timestamp":1612819292,"path_taken":["R","M","?","$","M","E","T","M","?","M","?","?","?","E"],"items_purchased_type":["Card"],"build_version":"2020-12-22","purchased_purges":0,"victory":false,"max_hp_per_floor":[77,77,77,77,77,77,77,77,77,77,77,77,77,77,77,77],"card_choices":[{"not_picked":["hexamod:GhostLash","hexamod:FastForward"],"picked":"hexamod:AdvancingGuard","floor":2.0},{"not_picked":["hexamod:Firestarter","hexamod:NightmareStrike"],"picked":"hexamod:SwordOfDarkness","floor":4.0},{"not_picked":["hexamod:AdvancingGuard","hexamod:NightmareGuise"],"picked":"hexamod:StepThrough","floor":5.0},{"not_picked":["hexamod:NightmareGuise","hexamod:FourthSeal"],"picked":"hexamod:GhostflameInferno","floor":6.0},{"not_picked":["hexamod:RetreatToShadows","hexamod:GhostLash"],"picked":"hexamod:HauntingEcho","floor":8.0},{"not_picked":["hexamod:BacktrackSmack","hexamod:ThermalTransfer"],"picked":"hexamod:SkipABeat","floor":9.0},{"not_picked":["hexamod:NightmareStrike","hexamod:ShieldOfDarkness"],"picked":"hexamod:RecurringNightmare","floor":9.0},{"not_picked":["hexamod:Firestarter","hexamod:InspiringFlames"],"picked":"hexamod:Incineration","floor":10.0},{"not_picked":["hexamod:AdvancingGuard","hexamod:ChargedBarrage"],"picked":"hexamod:WildfireWeapon","floor":13.0}],"player_experience":1175830,"relics_obtained":[{"floor":6.0,"key":"TungstenRod"},{"floor":7.0,"key":"Replay:Towering Pillar of Hats"},{"floor":9.0,"key":"Replay:Bottled Flurry"},{"floor":11.0,"key":"ReplayTheSpireMod:Lightbulb"}],"event_choices":[{"damage_healed":0.0,"max_hp_gain":0.0,"max_hp_loss":0.0,"gold_gain":0.0,"event_name":"NoteForYourself","player_choice":"Ignored","floor":12.0,"gold_loss":0.0,"damage_taken":0.0}],"is_beta":false,"boss_relics":[],"items_purged_floors":[],"is_endless":false,"potions_floor_spawned":[5,10],"killed_by":"Lagavulin","ascension_level":0}}