{"host":"m8o7tt929h4qck9e","time":1612785707,"event":{"mods":["Act Like it!","Aspiration","Bard","BaseMod","Better Third Choice","BetterRewards","Card Forge","Colored Powertips","Conspire","Defuse TimeMaze Blight","Friendly Minions","Gensokyo","Halation","Hubris","Infinite Spire","Jedi Mod","Minty Spire (QoL Compilation)","Replay The Spire","Shop Mod","Spicy Shops","StSLib","The Jungle","Transform Curses","??????REMEMod"],"gold_per_floor":[99,99,99,99,99,99,99,69,69,69,69,69,69,69,69,69,69,9,9,9,9,9,9,9,9,9,9,9,9,9,9,77,180,180,195,195,210,227,242,242,254,301,301,322,322,322,322,342,342,360],"floor_reached":51,"language":"ENG","playtime":15472,"items_purged":["bard:Strike","bard:Defend","bard:Defend","bard:Strike"],"score":1045,"play_id":"2b7594d2-7df3-48c5-bd12-96e1ffdbbdb6","local_time":"20210208070147","is_ascension_mode":false,"campfire_choices":[{"data":"Finesse","floor":6.0,"key":"SMITH"},{"floor":13.0,"key":"REST"},{"data":"bard:Doot","floor":15.0,"key":"SMITH"},{"floor":23.0,"key":"REST"},{"data":"bard:SixFourTime","floor":25.0,"key":"SMITH"},{"data":"Madness","floor":30.0,"key":"SMITH"},{"data":"bard:Strike","floor":40,"key":"SMITH"},{"data":"bard:Strike","floor":45,"key":"SMITH"},{"floor":49,"key":"DIG"}],"circlet_count":0,"master_deck":["bard:Strike+1","bard:Strike+1","bard:Defend+1","bard:Inspire+1","bard:FalseLife+1","Finesse+1","REME_BattleFury","conspire:Banana+1","Madness+1","bard:SixFourTime+1","bard:InspiringSong","bard:Doot+1","bard:GreaterMagicWeapon","bard:Invisibility","bard:Sonata","bard:HideousLaughter+1","bard:Sift+1","bard:Blink+1"],"relics":["bard:PitchPipe","bard:BagPipes","Hammer of Thor","Seething Fire","Anvil of the Gods","REME_ComplimentaryCards","jedi:ominousloannote","War Paint","Regal Pillow","hubris:SphereOfDissonance","halation:EternalFortune","jedi:paperlyon","Gremlin Horn","aspiration:HummingbirdHeart","Nunchaku","hubris:Backtick","jedi:heavyjacket","Matryoshka","halation:IllGainedPizza","halation:TwoAmDonut","jedi:arcanewood","halation:PinkSoulGem","Toy Ornithopter"],"acts_visited":["Exordium","TheCity","TheBeyond"],"potions_floor_usage":[42,48,48],"damage_taken":[{"damage":0.0,"enemies":"Cultist","floor":1.0,"turns":5.0},{"damage":0.0,"enemies":"conspire:RoseBush","floor":4.0,"turns":2.0},{"damage":0.0,"enemies":"Small Slimes","floor":7.0,"turns":5.0},{"damage":0.0,"enemies":"Looter","floor":8.0,"turns":4.0},{"damage":35.0,"enemies":"Gremlin Nob","floor":10.0,"turns":5.0},{"damage":4.0,"enemies":"Large Slime","floor":11.0,"turns":4.0},{"damage":0.0,"enemies":"Exordium Thugs","floor":12.0,"turns":7.0},{"damage":0.0,"enemies":"Slime Boss","floor":16.0,"turns":10.0},{"damage":2.0,"enemies":"2 Thieves","floor":18.0,"turns":4.0},{"damage":0.0,"enemies":"conspire:FuzzyDice","floor":20.0,"turns":4.0},{"damage":21.0,"enemies":"Snake Plant","floor":22.0,"turns":4.0},{"damage":0.0,"enemies":"conspire:Head Lice","floor":24.0,"turns":4.0},{"damage":5.0,"enemies":"Snecko","floor":27.0,"turns":5.0},{"damage":0.0,"enemies":"REME_1_Revenger","floor":28.0,"turns":7.0},{"damage":0.0,"enemies":"conspire:HollyBat","floor":29.0,"turns":6.0},{"damage":0.0,"enemies":"Shelled Parasite and Fungi","floor":31.0,"turns":5.0},{"damage":0.0,"enemies":"conspire:MysteriousRune","floor":33.0,"turns":13.0},{"damage":0,"enemies":"3 Shapes","floor":35,"turns":4},{"damage":0,"enemies":"3 Darklings","floor":37,"turns":5},{"damage":0,"enemies":"Jaw Worm Horde","floor":38,"turns":4},{"damage":0,"enemies":"Spire Growth","floor":39,"turns":5},{"damage":0,"enemies":"Transient","floor":41,"turns":5},{"damage":0,"enemies":"Jaw Worm Horde","floor":42,"turns":4},{"damage":0,"enemies":"Maw","floor":44,"turns":7},{"damage":0,"enemies":"4 Shapes","floor":48,"turns":3},{"damage":0,"enemies":"Donu and Deca","floor":50,"turns":12}],"seed_played":"7833137497586631527","potions_obtained":[{"floor":4.0,"key":"ColorlessPotion"},{"floor":8.0,"key":"jedi:StrikingPotion"},{"floor":12.0,"key":"BlessingOfTheForge"},{"floor":22.0,"key":"Dexterity Potion"},{"floor":29.0,"key":"jedi:wingpotion"},{"floor":31.0,"key":"PowerPotion"},{"floor":38,"key":"BlessingOfTheForge"},{"floor":39,"key":"Swift Potion"},{"floor":41,"key":"REME_GoldPotion"},{"floor":44,"key":"LiquidMemories"}],"is_trial":false,"path_per_floor":["M","?","?","M","?","R","M","M","T","E","M","M","R","?","R","B",null,"M","?","M","?","M","R","E","R","T","M","E","M","R","M","R","B",null,"M","?","M","M","M","R","M","M","T","M","R","AVR","?","M","R","B",null],"character_chosen":"BARD","items_purchased":["bard:FalseLife+1","Finesse","REME_BattleFury","conspire:Banana","jedi:ominousloannote","War Paint","Strength Potion","SpeedPotion"],"campfire_rested":2,"item_purchase_floors":[0,0,0,0,0,0,0,0],"current_hp_per_floor":[39,39,39,40,40,40,42,44,44,11,9,11,50,53,53,55,87,87,87,89,71,52,96,98,98,98,93,95,97,97,99,99,101,108,110,110,112,114,116,116,118,120,120,122,122,122,122,124,124,126],"gold":360,"neow_bonus":"","is_daily":false,"chose_seed":false,"campfire_upgraded":6,"win_rate":0.0,"timestamp":1612785707,"path_taken":["M","?","?","?","?","R","M","M","T","E","M","M","R","?","R","BOSS","M","?","M","?","M","R","E","R","T","M","E","M","R","M","R","BOSS","BOSS","M","?","M","M","M","R","M","M","T","?","R","AVR","?","M","R","BOSS"],"items_purchased_type":["Card","Card","Card","Card","Relic","Relic","Potion","Potion"],"build_version":"2020-12-22","purchased_purges":4,"victory":true,"max_hp_per_floor":[71,71,71,72,72,72,74,76,76,78,80,82,82,85,85,87,87,89,89,91,96,98,98,100,100,100,100,102,104,104,106,106,108,108,110,110,112,114,116,116,118,120,120,122,122,122,122,124,124,126],"card_choices":[{"not_picked":["bard:HarmoniousVoice","bard:StudiedStrike","bard:PrismaticSpray"],"picked":"SKIP","floor":1.0},{"not_picked":["bard:LingeringEcho","bard:TinyHut"],"picked":"bard:SixFourTime","floor":4.0},{"not_picked":["bard:FeastOnFear","bard:Solo"],"picked":"bard:InspiringSong","floor":7.0},{"not_picked":["bard:DervishDance","bard:BucklerBash","bard:BestowCurse"],"picked":"SKIP","floor":8.0},{"not_picked":["bard:FeastOnFear","bard:QuickSong"],"picked":"bard:Doot","floor":10.0},{"not_picked":["bard:Balestra","bard:OffKey"],"picked":"bard:GreaterMagicWeapon","floor":11.0},{"not_picked":["bard:QuickSong","bard:SongBolt"],"picked":"bard:Invisibility","floor":12.0},{"not_picked":["bard:Gamble","bard:FalseLife","bard:LingeringEcho"],"picked":"SKIP","floor":18.0},{"not_picked":["bard:Balestra+1","bard:EchoEcho","bard:Encore"],"picked":"SKIP","floor":20.0},{"not_picked":["bard:ViciousMockery","bard:PhantasmalForce","bard:Shout"],"picked":"SKIP","floor":22.0},{"not_picked":["bard:BucklerBash","bard:FeastOnFear","bard:PhantasmalForce"],"picked":"SKIP","floor":24.0},{"not_picked":["bard:Thunderwave+1","bard:FirstStrike+1","bard:Silence"],"picked":"SKIP","floor":27.0},{"not_picked":["bard:HarmoniousVoice+1","bard:BucklerBash"],"picked":"bard:Sonata","floor":28.0},{"not_picked":["bard:HarmoniousVoice","bard:LingeringEcho","bard:EnGarde"],"picked":"SKIP","floor":29.0},{"not_picked":["bard:MantleOfInspiration","bard:BestowCurse","bard:GuardPoint"],"picked":"SKIP","floor":31.0},{"not_picked":["bard:CuttingWords+1","bard:TinyHut+1"],"picked":"bard:HideousLaughter+1","floor":35},{"not_picked":["bard:StudiedStrike","bard:Parry","bard:FirstStrike"],"picked":"SKIP","floor":37},{"not_picked":["bard:BestowCurse","bard:LingeringEcho+1","bard:Balestra"],"picked":"SKIP","floor":38},{"not_picked":["bard:HarmoniousVoice+1","bard:BucklerBash"],"picked":"bard:Sift+1","floor":39},{"not_picked":["bard:Greatness+1","bard:MagnumOpus","bard:HideousLaughter"],"picked":"SKIP","floor":41},{"not_picked":["bard:EchoEcho","bard:StudiedStrike+1","bard:BestowCurse+1"],"picked":"SKIP","floor":42},{"not_picked":["bard:Parry+1","bard:Accelerando","bard:GlyphOfWarding"],"picked":"SKIP","floor":44},{"not_picked":["bard:LingeringEcho","bard:Parry"],"picked":"bard:Blink+1","floor":48}],"player_experience":29783,"relics_obtained":[{"floor":9.0,"key":"Regal Pillow"},{"floor":10.0,"key":"hubris:SphereOfDissonance"},{"floor":24.0,"key":"Gremlin Horn"},{"floor":26.0,"key":"aspiration:HummingbirdHeart"},{"floor":28.0,"key":"Nunchaku"},{"floor":43,"key":"halation:IllGainedPizza"},{"floor":43,"key":"halation:TwoAmDonut"},{"floor":49,"key":"Toy Ornithopter"}],"event_choices":[{"cards_removed":["bard:Riposte"],"damage_healed":0.0,"max_hp_gain":0.0,"max_hp_loss":0.0,"gold_gain":0.0,"event_name":"Purifier","player_choice":"Purged","floor":3.0,"gold_loss":0.0,"damage_taken":0.0},{"damage_healed":0.0,"max_hp_gain":0.0,"max_hp_loss":0.0,"gold_gain":0.0,"event_name":"Cursed Tome","player_choice":"Ignored","floor":19.0,"gold_loss":0.0,"damage_taken":0.0},{"damage_healed":0.0,"max_hp_gain":5.0,"max_hp_loss":0.0,"gold_gain":0.0,"event_name":"Forgotten Altar","player_choice":"Shed Blood","floor":21.0,"gold_loss":0.0,"damage_taken":23.0},{"damage_healed":0,"gold_gain":0,"player_choice":"Gave Potion","damage_taken":0,"relics_obtained":["Matryoshka"],"max_hp_gain":0,"max_hp_loss":0,"event_name":"WeMeetAgain","floor":36,"gold_loss":0}],"is_beta":false,"boss_relics":[{"not_picked":["Coffee Dripper","Velvet Choker"],"picked":"jedi:paperlyon"},{"not_picked":["Fusion Hammer","halation:Risk"],"picked":"hubris:Backtick"}],"items_purged_floors":[0,0,0,0],"is_endless":false,"potions_floor_spawned":[4,8,12,22,29,31,38,39,41,44],"ascension_level":0}}