{"host":"g907ck67u7c3hrs6","time":1612793742,"event":{"mods":["BaseMod","Colored Map","DeckTracker","Highlight Path","Keyboard Shortcuts","Minty Spire (QoL Compilation)","Permanent Neow","Say the Spire","SuperFastMode"],"gold_per_floor":[109,119,139,156,176,176,206,232,279,48,323,340,71,87,87,190,190,209,209,209,209,224,250,250,0,24,24,56,89,89,139,139,236,236,246,100,23,1022,1022,1022,660,712,712,712,303,303,0,0,0,0],"floor_reached":51,"language":"KOR","playtime":1540,"items_purged":["Defend_P","Strike_P","Strike_P","Defend_P","Normality","Normality"],"score":955,"play_id":"31d2d57f-b898-4a98-a1db-3d5082829f1c","local_time":"20210208231542","daily_mods":["Heirloom","Flight"],"is_ascension_mode":false,"campfire_choices":[{"data":"Devotion","floor":6.0,"key":"SMITH"},{"data":"Apotheosis","floor":15.0,"key":"SMITH"},{"floor":24.0,"key":"REST"},{"data":"Omniscience","floor":30.0,"key":"SMITH"},{"data":"TalkToTheHand","floor":32.0,"key":"SMITH"},{"data":"Devotion","floor":40.0,"key":"SMITH"},{"data":"Apotheosis","floor":46.0,"key":"SMITH"},{"floor":49.0,"key":"REST"}],"circlet_count":0,"master_deck":["Strike_P","Strike_P","Defend_P","Defend_P","Eruption","Vigilance","MentalFortress","FlurryOfBlows","Devotion+1","DeceiveReality+1","CutThroughFate","ClearTheMind","LikeWater","WaveOfTheHand","MasterReality","EmptyBody","WreathOfFlame","Apotheosis+1","Prostrate+1","Pray","FollowUp","Vault","CurseOfTheBell","Prostrate+1","Ragnarok","Wallop+1","DeceiveReality","Omniscience+1","Devotion+1","TalkToTheHand+1","Devotion+1","Adaptation","MentalFortress","Apotheosis+1","Crescendo+1","Madness","Madness","MentalFortress"],"relics":["PureWater","Prayer Wheel","Smiling Mask","Ancient Tea Set","Lantern","Membership Card","Strawberry","Calling Bell","Akabeko","Singing Bowl","Ice Cream","Bottled Flame","Meat on the Bone","DollysMirror","Juzu Bracelet","War Paint","Damaru","VioletLotus","Potion Belt","Lee\u0027s Waffle","Calipers","Lizard Tail","Kunai","TeardropLocket","Mummified Hand","Sling","Red Mask"],"acts_visited":["Exordium","TheCity","TheBeyond"],"potions_floor_usage":[50,50,50],"damage_taken":[{"damage":0.0,"enemies":"Cultist","floor":1.0,"turns":2.0},{"damage":0.0,"enemies":"Small Slimes","floor":2.0,"turns":2.0},{"damage":7.0,"enemies":"Jaw Worm","floor":3.0,"turns":3.0},{"damage":6.0,"enemies":"Looter","floor":4.0,"turns":4.0},{"damage":9.0,"enemies":"Exordium Wildlife","floor":5.0,"turns":6.0},{"damage":20.0,"enemies":"Gremlin Nob","floor":7.0,"turns":6.0},{"damage":0.0,"enemies":"Lagavulin","floor":8.0,"turns":9.0},{"damage":8.0,"enemies":"Blue Slaver","floor":12.0,"turns":6.0},{"damage":1.0,"enemies":"Red Slaver","floor":14.0,"turns":3.0},{"damage":11.0,"enemies":"Hexaghost","floor":16.0,"turns":10.0},{"damage":18.0,"enemies":"Spheric Guardian","floor":18.0,"turns":6.0},{"damage":0.0,"enemies":"Chosen","floor":22.0,"turns":7.0},{"damage":42.0,"enemies":"Book of Stabbing","floor":23.0,"turns":8.0},{"damage":0.0,"enemies":"Gremlin Leader","floor":28.0,"turns":8.0},{"damage":11.0,"enemies":"Slavers","floor":29.0,"turns":4.0},{"damage":23.0,"enemies":"Automaton","floor":33.0,"turns":7.0},{"damage":24.0,"enemies":"3 Darklings","floor":35.0,"turns":5.0},{"damage":13.0,"enemies":"2 Orb Walkers","floor":42.0,"turns":4.0},{"damage":34,"enemies":"Time Eater","floor":50,"turns":7}],"seed_played":"-9211346813908706682","potions_obtained":[{"floor":1.0,"key":"LiquidBronze"},{"floor":2.0,"key":"FearPotion"},{"floor":8.0,"key":"DuplicationPotion"},{"floor":33.0,"key":"BottledMiracle"}],"is_trial":true,"path_per_floor":["M","M","M","M","M","R","E","E","T","$","?","M","$","M","R","B",null,"M","?","?","?","M","E","R","$","T","?","E","E","R","?","R","B",null,"M","$","$","?","?","R","$","?","T","?","$","R","?","?","R","B",null],"character_chosen":"WATCHER","items_purchased":["Apotheosis","Membership Card","Strawberry","Meat on the Bone","DollysMirror","Potion Belt","Adaptation","Lee\u0027s Waffle","Calipers","MentalFortress","CultistPotion","Apotheosis","MentalFortress","TeardropLocket","Mummified Hand","Sling","ColorlessPotion"],"campfire_rested":2,"item_purchase_floors":[10,13,13,25,25,36,36,37,41,41,41,41,45,45,45,45,45],"current_hp_per_floor":[72,72,65,59,50,50,30,30,30,30,30,22,29,28,28,17,79,61,61,61,46,46,4,29,29,29,29,41,44,44,44,44,33,86,66,66,97,97,93,93,93,80,80,67,67,67,67,67,97,63],"gold":0,"neow_bonus":"","is_daily":false,"chose_seed":false,"campfire_upgraded":6,"win_rate":0.0,"timestamp":1612793742,"path_taken":["M","?","M","M","M","R","E","E","T","$","?","?","?","M","R","BOSS","M","?","?","?","M","E","R","$","T","?","E","E","R","?","R","BOSS","M","$","$","?","?","R","$","?","T","?","?","R","?","?","R","BOSS"],"items_purchased_type":["Card","Relic","Relic","Relic","Relic","Relic","Card","Relic","Relic","Card","Potion","Card","Card","Relic","Relic","Relic","Potion"],"build_version":"2020-12-22","purchased_purges":6,"victory":true,"max_hp_per_floor":[72,72,72,72,72,72,72,72,72,72,72,72,79,79,79,79,79,79,79,79,84,84,84,84,84,84,84,84,86,86,86,86,86,86,90,90,97,97,103,103,103,103,103,103,103,103,103,103,103,103],"card_choices":[{"not_picked":["EmptyBody","SashWhip"],"picked":"MentalFortress","floor":1.0},{"not_picked":["Fasting2","EmptyBody"],"picked":"FlurryOfBlows","floor":1.0},{"not_picked":["WheelKick","EmptyBody"],"picked":"FlyingSleeves","floor":2.0},{"not_picked":["ClearTheMind","FlyingSleeves"],"picked":"Devotion","floor":2.0},{"not_picked":["ThirdEye","BowlingBash"],"picked":"DeceiveReality","floor":3.0},{"not_picked":["BowlingBash","PathToVictory"],"picked":"CutThroughFate","floor":3.0},{"not_picked":["Weave","DeceiveReality"],"picked":"ClearTheMind","floor":4.0},{"not_picked":["Nirvana","CutThroughFate"],"picked":"LikeWater","floor":4.0},{"not_picked":["Fasting2","Meditate"],"picked":"WaveOfTheHand","floor":5.0},{"not_picked":["Wireheading","EmptyBody"],"picked":"MasterReality","floor":5.0},{"not_picked":["Halt","Consecrate"],"picked":"EmptyBody","floor":7.0},{"not_picked":["MasterReality","FlurryOfBlows"],"picked":"WreathOfFlame","floor":8.0},{"not_picked":["Consecrate","Protect"],"picked":"Prostrate","floor":12.0},{"not_picked":["CutThroughFate","ThirdEye","EmptyFist"],"picked":"SKIP","floor":12.0},{"not_picked":["Crescendo","ClearTheMind"],"picked":"Pray","floor":14.0},{"not_picked":["BowlingBash","CutThroughFate"],"picked":"FollowUp","floor":14.0},{"not_picked":["Brilliance","ConjureBlade"],"picked":"Vault","floor":16.0},{"not_picked":["ThirdEye","FlurryOfBlows"],"picked":"Prostrate+1","floor":18.0},{"not_picked":["WaveOfTheHand","Swivel"],"picked":"Ragnarok","floor":18.0},{"not_picked":["PathToVictory","Prostrate"],"picked":"Wallop+1","floor":22.0},{"not_picked":["FlurryOfBlows+1","Consecrate"],"picked":"DeceiveReality","floor":22.0},{"not_picked":["FlyingSleeves+1","Swivel"],"picked":"Omniscience","floor":23.0},{"not_picked":["Evaluate","Prostrate"],"picked":"TalkToTheHand","floor":28.0},{"not_picked":["CutThroughFate","SandsOfTime","FlurryOfBlows"],"picked":"Singing Bowl","floor":29.0},{"not_picked":["Scrawl","Establishment"],"picked":"Devotion","floor":33.0},{"not_picked":["Consecrate","Prostrate","WreathOfFlame"],"picked":"Singing Bowl","floor":35.0},{"not_picked":["Prostrate+1","Evaluate","Vengeance+1"],"picked":"Singing Bowl","floor":35.0},{"not_picked":["Blind","Finesse","Good Instincts"],"picked":"Singing Bowl","floor":39.0},{"not_picked":["Impatience","Swift Strike","Discovery"],"picked":"Singing Bowl","floor":39.0},{"not_picked":["Madness","Mayhem","HandOfGreed"],"picked":"Singing Bowl","floor":39.0},{"not_picked":["Nirvana","Consecrate"],"picked":"Crescendo+1","floor":42.0}],"player_experience":269146,"relics_obtained":[{"floor":7.0,"key":"Smiling Mask"},{"floor":8.0,"key":"Ancient Tea Set"},{"floor":9.0,"key":"Lantern"},{"floor":17.0,"key":"Akabeko"},{"floor":17.0,"key":"Singing Bowl"},{"floor":17.0,"key":"Ice Cream"},{"floor":23.0,"key":"Bottled Flame"},{"floor":26.0,"key":"Juzu Bracelet"},{"floor":28.0,"key":"War Paint"},{"floor":29.0,"key":"Damaru"},{"floor":42.0,"key":"Lizard Tail"},{"floor":43.0,"key":"Kunai"}],"event_choices":[{"damage_healed":0.0,"max_hp_gain":0.0,"max_hp_loss":0.0,"gold_gain":275.0,"event_name":"Golden Shrine","player_choice":"Desecrate","floor":11.0,"gold_loss":0.0,"damage_taken":0.0,"cards_obtained":["Regret"]},{"cards_removed":["Regret"],"damage_healed":0.0,"max_hp_gain":0.0,"max_hp_loss":0.0,"gold_gain":0.0,"event_name":"Back to Basics","player_choice":"Elegance","floor":19.0,"gold_loss":0.0,"damage_taken":0.0},{"damage_healed":0.0,"max_hp_gain":0.0,"max_hp_loss":0.0,"gold_gain":0.0,"event_name":"Ghosts","player_choice":"Ignored","floor":20.0,"gold_loss":0.0,"damage_taken":0.0},{"damage_healed":0.0,"max_hp_gain":5.0,"max_hp_loss":0.0,"gold_gain":0.0,"event_name":"Forgotten Altar","player_choice":"Shed Blood","floor":21.0,"gold_loss":0.0,"damage_taken":20.0},{"damage_healed":0.0,"max_hp_gain":0.0,"max_hp_loss":0.0,"gold_gain":0.0,"event_name":"Vampires","player_choice":"Ignored","floor":27.0,"gold_loss":0.0,"damage_taken":0.0},{"damage_healed":0.0,"max_hp_gain":0.0,"max_hp_loss":0.0,"gold_gain":100.0,"event_name":"The Joust","player_choice":"Bet on Murderer","floor":31.0,"gold_loss":50.0,"damage_taken":0.0},{"damage_healed":0.0,"max_hp_gain":0.0,"max_hp_loss":0.0,"gold_gain":999.0,"event_name":"MindBloom","player_choice":"Gold","floor":38.0,"gold_loss":0.0,"damage_taken":0.0,"cards_obtained":["Normality","Normality"]},{"damage_healed":0.0,"max_hp_gain":0.0,"max_hp_loss":0.0,"gold_gain":0.0,"event_name":"SensoryStone","player_choice":"Memory 3","floor":39.0,"gold_loss":0.0,"damage_taken":10.0},{"damage_healed":0.0,"max_hp_gain":0.0,"max_hp_loss":0.0,"gold_gain":0.0,"event_name":"Mysterious Sphere","player_choice":"Fight","floor":42.0,"gold_loss":0.0,"damage_taken":0.0},{"damage_healed":0.0,"max_hp_gain":0.0,"max_hp_loss":0.0,"gold_gain":0.0,"event_name":"Winding Halls","player_choice":"Embrace Madness","floor":44.0,"gold_loss":0.0,"damage_taken":13.0,"cards_obtained":["Madness","Madness"]},{"damage_healed":0.0,"max_hp_gain":0.0,"max_hp_loss":0.0,"gold_gain":0.0,"event_name":"Tomb of Lord Red Mask","player_choice":"Paid","floor":47.0,"gold_loss":303.0,"damage_taken":0.0,"relics_obtained":["Red Mask"]},{"cards_removed":["FlyingSleeves"],"damage_healed":0.0,"max_hp_gain":0.0,"max_hp_loss":0.0,"gold_gain":0.0,"event_name":"Falling","player_choice":"Removed Attack","floor":48.0,"gold_loss":0.0,"damage_taken":0.0}],"is_beta":false,"boss_relics":[{"not_picked":["HolyWater","Empty Cage"],"picked":"Calling Bell"},{"not_picked":["Snecko Eye","Pandora\u0027s Box"],"picked":"VioletLotus"}],"items_purged_floors":[10,13,25,36,41,45],"is_endless":false,"potions_floor_spawned":[1,2,8,12,18,33],"ascension_level":0}}