{"host":"aelxjre69umlx7r4","time":1612765352,"event":{"mods":["AchievementEnabler","BaseMod","DeckTracker","Highlight Path","Keyboard Shortcuts","Minty Spire (QoL Compilation)","Permanent Neow","SuperFastMode"],"gold_per_floor":[113,38,53,69,86,120,139,165,188,7,7,25,35,62,62,161,161,175,186,86,97,109,109,139,139,192,203,203,128,155,155,155,155,155],"floor_reached":33,"language":"KOR","playtime":1815,"items_purged":["Strike_R","Bash"],"score":377,"play_id":"b4d964b5-31c1-4de2-a35c-5df5c5bb54a0","local_time":"20210208152232","is_ascension_mode":true,"campfire_choices":[{"data":"Demon Form","floor":11.0,"key":"SMITH"},{"data":"Armaments","floor":15.0,"key":"SMITH"},{"data":"Offering","floor":23.0,"key":"SMITH"},{"floor":25.0,"key":"REST"},{"data":"Limit Break","floor":32.0,"key":"SMITH"}],"circlet_count":0,"master_deck":["Demon Form+1","Power Through","Heavy Blade","Headbutt","True Grit","Intimidate","Flex","Sword Boomerang","Armaments+1","Shrug It Off","Offering+1","Feel No Pain","Limit Break+1","True Grit","Impervious","Exhume","Seeing Red","Second Wind","Sword Boomerang+1","Spot Weakness","Seeing Red","J.A.X.","Ghostly Armor"],"relics":["Burning Blood","HornCleat","Calipers","Bronze Scales","Sling","Oddly Smooth Stone","Pandora\u0027s Box","Centennial Puzzle","Pear"],"acts_visited":["Exordium","TheCity"],"potions_floor_usage":[],"damage_taken":[{"damage":1.0,"enemies":"Cultist","floor":1.0,"turns":4.0},{"damage":2.0,"enemies":"Small Slimes","floor":3.0,"turns":6.0},{"damage":6.0,"enemies":"2 Louse","floor":4.0,"turns":3.0},{"damage":0.0,"enemies":"Gremlin Gang","floor":5.0,"turns":3.0},{"damage":25.0,"enemies":"3 Sentries","floor":6.0,"turns":7.0},{"damage":6.0,"enemies":"Red Slaver","floor":7.0,"turns":4.0},{"damage":18.0,"enemies":"Gremlin Nob","floor":8.0,"turns":5.0},{"damage":6.0,"enemies":"3 Louse","floor":12.0,"turns":3.0},{"damage":0.0,"enemies":"Blue Slaver","floor":13.0,"turns":4.0},{"damage":13.0,"enemies":"Lagavulin","floor":14.0,"turns":5.0},{"damage":19.0,"enemies":"Slime Boss","floor":16.0,"turns":7.0},{"damage":13.0,"enemies":"Chosen","floor":18.0,"turns":6.0},{"damage":16.0,"enemies":"Shell Parasite","floor":19.0,"turns":3.0},{"damage":22.0,"enemies":"Cultist and Chosen","floor":21.0,"turns":5.0},{"damage":6.0,"enemies":"Shelled Parasite and Fungi","floor":22.0,"turns":3.0},{"damage":37.0,"enemies":"Slavers","floor":24.0,"turns":5.0},{"damage":16.0,"enemies":"Snecko","floor":27.0,"turns":6.0},{"damage":9.0,"enemies":"Gremlin Leader","floor":30.0,"turns":5.0},{"damage":55,"enemies":"Collector","floor":33,"turns":5}],"seed_played":"-2090010755492810929","potions_obtained":[{"floor":1.0,"key":"Explosive Potion"},{"floor":6.0,"key":"SteroidPotion"},{"floor":7.0,"key":"Fire Potion"},{"floor":13.0,"key":"GamblersBrew"},{"floor":14.0,"key":"SneckoOil"},{"floor":19.0,"key":"DistilledChaos"},{"floor":21.0,"key":"EssenceOfSteel"},{"floor":24.0,"key":"Block Potion"}],"is_trial":false,"path_per_floor":["M","$","M","M","M","E","M","E","T","$","R","M","M","E","R","B",null,"M","M","$","M","M","R","E","R","T","M","?","?","E","$","R","B"],"character_chosen":"IRONCLAD","items_purchased":["Flex","Sling"],"campfire_rested":1,"item_purchase_floors":[10,10],"current_hp_per_floor":[80,80,80,80,80,61,61,49,49,49,49,49,55,48,48,35,80,73,63,63,47,47,47,16,40,40,30,30,30,37,37,37,0,0],"gold":155,"neow_bonus":"ONE_RANDOM_RARE_CARD","is_daily":false,"chose_seed":false,"campfire_upgraded":4,"win_rate":0.0,"timestamp":1612765352,"path_taken":["M","$","M","M","M","E","M","E","T","?","R","M","M","E","R","BOSS","M","M","$","M","M","R","E","R","T","?","?","?","E","$","R","BOSS"],"items_purchased_type":["Card","Relic"],"build_version":"2020-12-22","purchased_purges":2,"victory":false,"max_hp_per_floor":[80,80,80,80,80,80,80,80,80,80,80,80,80,80,80,80,80,80,80,80,80,80,80,80,80,80,80,80,80,90,90,90,90,90],"card_choices":[{"not_picked":["Sentinel","Blood for Blood"],"picked":"Power Through","floor":1.0},{"not_picked":["Iron Wave","Havoc"],"picked":"Heavy Blade","floor":3.0},{"not_picked":["Havoc","Sever Soul"],"picked":"Headbutt","floor":4.0},{"not_picked":["Uppercut","Wild Strike","Clash"],"picked":"SKIP","floor":5.0},{"not_picked":["Reckless Charge","Entrench"],"picked":"True Grit","floor":6.0},{"not_picked":["Wild Strike","Burning Pact"],"picked":"Intimidate","floor":7.0},{"not_picked":["Anger","True Grit","Clothesline"],"picked":"SKIP","floor":8.0},{"not_picked":["Exhume","Shrug It Off"],"picked":"Sword Boomerang","floor":12.0},{"not_picked":["Twin Strike","Heavy Blade"],"picked":"Armaments","floor":13.0},{"not_picked":["Rage","Hemokinesis"],"picked":"Shrug It Off","floor":14.0},{"not_picked":["Feed","Demon Form"],"picked":"Offering","floor":16.0},{"not_picked":["Sentinel","Whirlwind"],"picked":"Sword Boomerang+1","floor":18.0},{"not_picked":["Whirlwind","Second Wind","Intimidate"],"picked":"SKIP","floor":19.0},{"not_picked":["Headbutt","Havoc+1","Clothesline+1"],"picked":"SKIP","floor":21.0},{"not_picked":["Anger","Hemokinesis"],"picked":"Spot Weakness","floor":22.0},{"not_picked":["Searing Blow+1","Iron Wave"],"picked":"Seeing Red","floor":24.0},{"not_picked":["Anger","Impervious","Shrug It Off"],"picked":"SKIP","floor":27.0},{"not_picked":["Power Through+1","Clothesline+1"],"picked":"Ghostly Armor","floor":30.0}],"player_experience":392559,"relics_obtained":[{"floor":6.0,"key":"HornCleat"},{"floor":8.0,"key":"Calipers"},{"floor":9.0,"key":"Bronze Scales"},{"floor":14.0,"key":"Oddly Smooth Stone"},{"floor":24.0,"key":"Centennial Puzzle"},{"floor":30.0,"key":"Pear"}],"event_choices":[{"damage_healed":0.0,"max_hp_gain":0.0,"max_hp_loss":0.0,"gold_gain":0.0,"event_name":"Drug Dealer","player_choice":"Obtain J.A.X.","floor":28.0,"gold_loss":0.0,"damage_taken":0.0,"cards_obtained":["J.A.X."]},{"cards_removed":["Searing Blow"],"damage_healed":0.0,"max_hp_gain":0.0,"max_hp_loss":0.0,"gold_gain":0.0,"event_name":"Beggar","player_choice":"Gave Gold","floor":29.0,"gold_loss":75.0,"damage_taken":0.0}],"is_beta":false,"boss_relics":[{"not_picked":["Cursed Key","Coffee Dripper"],"picked":"Pandora\u0027s Box"}],"items_purged_floors":[2,20],"is_endless":false,"potions_floor_spawned":[1,6,7,13,14,19,21,24],"killed_by":"Collector","ascension_level":1}}