{"host":"n7gt2lywuauec2nz","time":1612778940,"event":{"mods":["100% Spire Juice","2.2 Compatiblity","Act Like it!","Aspiration","BaseMod","Better Third Choice","Colored Powertips","DeckTracker","GifTheSpireLib","Highlight Path","HololiveMod","Hubris","Infinite Spire","Minty Spire (QoL Compilation)","Quick Restart","Random Character Button","Relic Sorter","Replay The Spire","Retaliation","StSLib","Synergy Search","The IronCluck"],"gold_per_floor":[16,26,26,98,117,117,128,43,43,54,69,89,89,114,114,210,90,106,106,119,119,129,147,27,37,89,102,118,128,148,148,148,252,252,268,280,280,280,280],"floor_reached":38,"language":"ENG","playtime":2123,"items_purged":["Moonworks:Defend"],"score":421,"play_id":"10a89482-543a-4dbe-b35c-878e14528a96","local_time":"20210208020900","is_ascension_mode":false,"campfire_choices":[{"data":"Moonworks:MiracleWalker","floor":6,"key":"SMITH"},{"data":"Moonworks:Accelerator","floor":13,"key":"SMITH"},{"data":"Moonworks:AwakeningOfTalent","floor":15,"key":"SMITH"},{"floor":24,"key":"REST"},{"floor":32,"key":"REST"}],"circlet_count":0,"master_deck":["Moonworks:Strike","Moonworks:Strike","Moonworks:Strike","Moonworks:Strike","Moonworks:Defend","Moonworks:Ambush","Moonworks:LongDistanceShot","Moonworks:AwakeningOfTalent+1","Moonworks:IntelligenceOfficer","Moonworks:ShieldCounter","Moonworks:MiracleWalker+1","Moonworks:TacticalRetreat","Moonworks:AwakeningOfTalent","Moonworks:StiffCrystal","Moonworks:CookingTime","Moonworks:Accelerator+1","Moonworks:Wanted","Moonworks:StarBlastingFuse","Moonworks:NicePresent","Moonworks:FullSpeedAlicianrone+1","Moonworks:Dash","Moonworks:Poppoformation","Moonworks:WeAreWaruda","Moonworks:IntelligenceOfficer","Moonworks:TreasureThief","Moonworks:MeltingMemories","ReplayTheSpireMod:Doomed","CommonCold","Moonworks:CastOff+1"],"relics":["Moonworks:BrokenBomb","Moonworks:Homemark","HornCleat","Ice Cream","Replay:WaspNest","Quantum Egg","SlaversCollar","TungstenRod","Omamori","infinitespire:Broken Mirror","Replay:Ancient Bell","Smiling Mask","infinitespire:EmpoweringShard","infinitespire:Lychee Nut"],"acts_visited":["Exordium","TheCity","TheBeyond"],"potions_floor_usage":[8,10,16,16,16,23,36],"damage_taken":[{"damage":0,"enemies":"Cultist","floor":1,"turns":3},{"damage":0,"enemies":"Jaw Worm","floor":2,"turns":3},{"damage":0,"enemies":"Small Slimes","floor":5,"turns":2},{"damage":0,"enemies":"2 Fungi Beasts","floor":7,"turns":4},{"damage":0,"enemies":"Gremlin Nob","floor":8,"turns":3},{"damage":0,"enemies":"Exordium Thugs","floor":10,"turns":4},{"damage":0,"enemies":"Looter","floor":11,"turns":3},{"damage":0,"enemies":"Blue Slaver","floor":12,"turns":3},{"damage":16,"enemies":"Lagavulin","floor":14,"turns":7},{"damage":42,"enemies":"Hexaghost","floor":16,"turns":11},{"damage":0,"enemies":"3 Byrds","floor":18,"turns":3},{"damage":10,"enemies":"Chosen","floor":20,"turns":4},{"damage":29,"enemies":"3 Cultists","floor":22,"turns":6},{"damage":5,"enemies":"Shelled Parasite and Fungi","floor":23,"turns":5},{"damage":0,"enemies":"Snecko","floor":25,"turns":4},{"damage":0,"enemies":"Snake Plant","floor":27,"turns":4},{"damage":26,"enemies":"Cultist and Chosen","floor":28,"turns":5},{"damage":0,"enemies":"Sentry and Sphere","floor":29,"turns":3},{"damage":7,"enemies":"Centurion and Healer","floor":30,"turns":5},{"damage":28,"enemies":"hubris:MusketHawk","floor":33,"turns":8},{"damage":15,"enemies":"3 Shapes","floor":35,"turns":5},{"damage":36,"enemies":"3 Darklings","floor":36,"turns":6},{"damage":0,"enemies":"Jaw Worm Horde","floor":38,"turns":1}],"seed_played":"7038679011163940554","potions_obtained":[{"floor":2,"key":"infinitespire:BlackPotion"},{"floor":5,"key":"SpeedPotion"},{"floor":7,"key":"BlessingOfTheForge"},{"floor":8,"key":"DistilledChaos"},{"floor":11,"key":"GamblersBrew"},{"floor":20,"key":"ColorlessPotion"},{"floor":23,"key":"Strength Potion"},{"floor":28,"key":"Reflective Coating"},{"floor":33,"key":"EssenceOfSteel"},{"floor":36,"key":"Elixir"}],"is_trial":false,"path_per_floor":["M","M","$","T","M","R","M","E","T","M","M","M","R","E","R","B",null,"M","?","M","AVR","M","M","R","M","T","M","M","M","M","?","R","B",null,"M","M","?","M"],"character_chosen":"THE_STARBREAKER","items_purchased":[],"campfire_rested":2,"item_purchase_floors":[],"current_hp_per_floor":[60,60,60,60,60,60,60,60,60,60,60,60,60,47,47,8,60,60,50,40,40,14,15,34,52,52,52,29,29,28,28,47,25,48,34,10,42,42,42],"gold":280,"neow_bonus":"TRANSFORM_TWO_CARDS","is_daily":false,"chose_seed":false,"campfire_upgraded":3,"win_rate":0.0,"timestamp":1612778940,"path_taken":["M","?","?","?","M","R","M","E","T","M","M","M","R","E","R","BOSS","M","?","M","AVR","M","M","R","M","T","M","M","M","M","?","R","BOSS","M","?","?","M"],"items_purchased_type":[],"build_version":"2020-12-22","purchased_purges":1,"victory":false,"max_hp_per_floor":[60,60,60,60,60,60,60,60,60,60,60,60,60,60,60,60,60,60,65,65,65,65,65,65,65,65,65,65,65,65,65,65,65,48,48,48,42,42,42],"card_choices":[{"not_picked":["Moonworks:ImOnFire","Moonworks:LulusLuckyEgg","Moonworks:Assault"],"picked":"SKIP","floor":1},{"not_picked":["Moonworks:CompletionReward","Moonworks:UnpaidWork"],"picked":"Moonworks:ShieldCounter","floor":2},{"not_picked":["Moonworks:BigMagnum","Moonworks:SakisCookie"],"picked":"Moonworks:MiracleWalker","floor":5},{"not_picked":["Moonworks:SelfDestruct","Moonworks:JonathanRush"],"picked":"Moonworks:TacticalRetreat","floor":7},{"not_picked":["Moonworks:EvilSpyWorkPreparation","Moonworks:JonathanRush"],"picked":"Moonworks:AwakeningOfTalent","floor":8},{"not_picked":["Moonworks:IndiscriminateFireSupport","Moonworks:MixPhenomenon"],"picked":"Moonworks:StiffCrystal","floor":10},{"not_picked":["Moonworks:LulusLuckyEgg","Moonworks:SelfDestruct"],"picked":"Moonworks:CookingTime","floor":11},{"not_picked":["Moonworks:Assault","Moonworks:JonathanRush"],"picked":"Moonworks:Accelerator","floor":12},{"not_picked":["Moonworks:DevilHand","Moonworks:CloudOfSeagulls"],"picked":"Moonworks:Wanted","floor":14},{"not_picked":["Moonworks:AccelHyper","Moonworks:HolyNight"],"picked":"Moonworks:StarBlastingFuse","floor":16},{"not_picked":["Moonworks:DeployBits","Moonworks:SakisCookie"],"picked":"Moonworks:NicePresent","floor":18},{"not_picked":["Moonworks:EvilSpyWorkPreparation","Moonworks:RedAndBlue"],"picked":"Moonworks:FullSpeedAlicianrone+1","floor":20},{"not_picked":["Moonworks:JonathanRush","Moonworks:DeployBits+1","Moonworks:LulusLuckyEgg+1"],"picked":"SKIP","floor":22},{"not_picked":["Moonworks:NicePresent","Moonworks:UnluckyCharm"],"picked":"Moonworks:Dash","floor":23},{"not_picked":["Moonworks:LulusLuckyEgg","Moonworks:TacticalRetreat"],"picked":"Moonworks:Poppoformation","floor":25},{"not_picked":["Moonworks:ImOnFire","Moonworks:EvilSpyWorkPreparation"],"picked":"Moonworks:WeAreWaruda","floor":27},{"not_picked":["Moonworks:RagingMadness","Moonworks:LulusLuckyEgg"],"picked":"Moonworks:IntelligenceOfficer","floor":28},{"not_picked":["Moonworks:IndiscriminateFireSupport","Moonworks:EvilSpyWorkPreparation+1","Moonworks:Assault"],"picked":"SKIP","floor":29},{"not_picked":["Moonworks:NicePresent","Moonworks:Assault"],"picked":"Moonworks:TreasureThief","floor":30},{"not_picked":["Moonworks:Blazing","Moonworks:AnotherUltimateWeapon"],"picked":"Moonworks:MeltingMemories","floor":33},{"not_picked":["infinitespire:Pacifist","Doubt"],"picked":"hubris:Sloth","floor":34},{"not_picked":["hubris:Lust","Replay:Hysterical Blindness"],"picked":"ReplayTheSpireMod:Doomed","floor":34},{"not_picked":["Delirium","Looming Evil"],"picked":"CommonCold","floor":34},{"not_picked":["Moonworks:IndiscriminateFireSupport+1","Moonworks:Assault+1"],"picked":"Moonworks:CastOff+1","floor":35},{"not_picked":["Moonworks:DevilHand+1","Moonworks:LulusLuckyEgg","Moonworks:IndiscriminateFireSupport+1"],"picked":"SKIP","floor":36}],"player_experience":131231,"relics_obtained":[{"floor":4,"key":"HornCleat"},{"floor":8,"key":"Ice Cream"},{"floor":9,"key":"Replay:WaspNest"},{"floor":14,"key":"Quantum Egg"},{"floor":26,"key":"Omamori"}],"event_choices":[{"damage_healed":0,"gold_gain":0,"player_choice":"Shed Blood","damage_taken":15,"max_hp_gain":5,"max_hp_loss":0,"event_name":"Forgotten Altar","floor":19,"gold_loss":0},{"damage_healed":42,"gold_gain":0,"player_choice":"Heal","damage_taken":0,"max_hp_gain":0,"max_hp_loss":6,"event_name":"The Moai Head","floor":37,"gold_loss":0}],"is_beta":false,"boss_relics":[{"not_picked":["Fusion Hammer","Replay:Drink Me"],"picked":"SlaversCollar"},{"not_picked":["aspiration:DefectSkillbook","Busted Crown"],"picked":"Replay:Ancient Bell"},{"not_picked":["Bronze Scales","Replay:Rubber Ducky"],"picked":"Smiling Mask"},{"not_picked":["infinitespire:Eraser","Replay:Bottled Steam"],"picked":"infinitespire:EmpoweringShard"},{"not_picked":["StoneCalendar","Du-Vu Doll"],"picked":"infinitespire:Lychee Nut"}],"items_purged_floors":[21],"is_endless":false,"potions_floor_spawned":[2,5,7,8,11,20,23,28,33,36],"killed_by":"Jaw Worm Horde","ascension_level":0}}