{"host":"yrtk68ixj64vhhh3","time":1612743932,"event":{"mods":["2.2 Compatiblity","AchievementEnabler","Aspiration","BaseMod","Better Altar","Better Match","Better Note","Better Silent Start","Better Skull","Better Third Choice","Colored Map","Colored Powertips","Conspire","Dio Mod","Downfall","Energized Spire","Hubris","Infinite Spire","Minty Spire (QoL Compilation)","Prisma Mod","RNG Fix","StSLib","Steal the Spire","Td1madao Mod","The Animator","The Poker Player","The Wild Card","TheBandit","TheHero"],"gold_per_floor":[112,72,72,70,70,97,111,122,122,122,139,139,152,166,166,262,262,272,197,197,472,484,484,484],"floor_reached":23,"language":"ENG","playtime":3219,"items_purged":[],"score":193,"play_id":"f64dd974-3a0a-43bb-85e4-e98ae89b0eca","local_time":"20210208132532","is_ascension_mode":false,"campfire_choices":[{"data":"Awareness","floor":15,"key":"SMITH"}],"circlet_count":0,"master_deck":["Strike_C","Strike_C","Strike_C","Strike_C","Defend_C","Defend_C","Defend_C","Knight Kick","Chip","Awareness+1","Ruin Defend","Three Hit","Resistance","Afterwards","Lunge","Fire Blade","White Contract","Retrieval Recycling","Floating Swing Kick","Black Contract+1","Regret","Judgment"],"relics":["Apod","aspiration:Nostalgia","Cracked Core","hubris:Icosahedron","infinitespire:PuzzleCube","hubris:PeanutButter","infinitespire:Bottled Soul","Sozu"],"acts_visited":["Exordium","TheCity"],"potions_floor_usage":[4,6,16,16,16],"damage_taken":[{"damage":6,"enemies":"conspire:RoseBush","floor":1,"turns":3},{"damage":4,"enemies":"Cultist","floor":4,"turns":4},{"damage":33,"enemies":"Gremlin Nob","floor":6,"turns":7},{"damage":0,"enemies":"Small Slimes","floor":7,"turns":3},{"damage":0,"enemies":"3 Louse","floor":8,"turns":3},{"damage":0,"enemies":"Large Slime","floor":11,"turns":5},{"damage":0,"enemies":"2 Fungi Beasts","floor":13,"turns":3},{"damage":0,"enemies":"Blue Slaver","floor":14,"turns":3},{"damage":24,"enemies":"Hexaghost","floor":16,"turns":10},{"damage":3,"enemies":"Shell Parasite","floor":18,"turns":4},{"damage":23,"enemies":"2 Thieves","floor":22,"turns":4},{"damage":55,"enemies":"Book of Stabbing","floor":23,"turns":6}],"seed_played":"8358756435782376401","potions_obtained":[{"floor":2,"key":"Block Potion"},{"floor":2,"key":"Slimebound:ThreeZeroPotion"},{"floor":2,"key":"Ancient Potion"},{"floor":4,"key":"Explosive Potion"},{"floor":7,"key":"Ancient Potion"},{"floor":16,"key":"FearPotion"}],"is_trial":false,"path_per_floor":["M","?","?","M","?","E","M","M","T","?","M","T","M","M","R","B",null,"M","?","?","?","M","E"],"character_chosen":"TD1MADAO_CLASS","items_purchased":[],"campfire_rested":0,"item_purchase_floors":[],"current_hp_per_floor":[64,64,64,61,61,35,41,45,45,52,56,56,57,60,60,42,70,67,67,67,67,46,0,0],"gold":484,"neow_bonus":"NOSTALGIA","is_daily":false,"chose_seed":false,"campfire_upgraded":1,"win_rate":0.0,"timestamp":1612743932,"path_taken":["M","?","?","M","?","E","M","?","T","?","M","?","M","M","R","BOSS","M","?","?","?","?","E"],"items_purchased_type":[],"build_version":"2020-12-22","purchased_purges":0,"victory":false,"max_hp_per_floor":[70,70,70,70,70,70,70,70,70,70,70,70,70,70,70,70,70,70,70,70,70,70,70,70],"card_choices":[{"not_picked":["Bugfix","Rupture"],"picked":"Awareness","floor":1},{"not_picked":["Rupture","Lunge"],"picked":"Ruin Defend","floor":4},{"not_picked":["Memory Alloy","Floating Swing Kick"],"picked":"Three Hit","floor":6},{"not_picked":["Weapon Shift","Lore"],"picked":"Resistance","floor":7},{"not_picked":["E MP","Floating Swing Kick"],"picked":"Afterwards","floor":8},{"not_picked":["Resistance","Load Balancing"],"picked":"Lunge","floor":11},{"not_picked":["Money Cant Rescue","Black Shadow"],"picked":"Fire Blade","floor":13},{"not_picked":["Lore","Preloading"],"picked":"White Contract","floor":14},{"not_picked":["Im Angry","Data Freezing"],"picked":"Retrieval Recycling","floor":16},{"not_picked":["Preloading","Fire Blade"],"picked":"Floating Swing Kick","floor":18},{"not_picked":["Black Warm Hole+1","Data Freezing+1"],"picked":"Black Contract+1","floor":19},{"not_picked":["Black Spear","Trader"],"picked":"Judgment","floor":22}],"player_experience":750955,"relics_obtained":[{"floor":5,"key":"infinitespire:PuzzleCube"},{"floor":6,"key":"hubris:PeanutButter"},{"floor":9,"key":"infinitespire:Bottled Soul"}],"event_choices":[{"damage_healed":0,"gold_gain":0,"player_choice":"Bought 3 Potions","damage_taken":0,"max_hp_gain":0,"max_hp_loss":0,"event_name":"The Woman in Blue","floor":2,"gold_loss":0},{"damage_healed":0,"gold_gain":0,"player_choice":"2","damage_taken":0,"max_hp_gain":0,"max_hp_loss":0,"event_name":"betterMatch:BetterMatch","floor":19,"gold_loss":0,"cards_obtained":["betterMatch:RareCard"]},{"cards_removed":["Defend_C"],"damage_healed":0,"gold_gain":0,"player_choice":"Card Removal","damage_taken":0,"max_hp_gain":0,"max_hp_loss":0,"event_name":"Wheel of Change","floor":20,"gold_loss":0},{"damage_healed":0,"gold_gain":275,"player_choice":"Desecrate","damage_taken":0,"max_hp_gain":0,"max_hp_loss":0,"event_name":"Golden Shrine","floor":21,"gold_loss":0,"cards_obtained":["Regret"]}],"is_beta":false,"boss_relics":[{"not_picked":["Empty Cage","Coffee Dripper"],"picked":"Sozu"}],"items_purged_floors":[],"is_endless":false,"potions_floor_spawned":[4,7,16,18,22],"killed_by":"Book of Stabbing","ascension_level":0}}