{"host":"m4pe905ae9bldoe7","time":1612782389,"event":{"mods":["BaseMod","Bestiary","Block Reminder","Downfall","Minty Spire (QoL Compilation)","StSLib"],"gold_per_floor":[118,118,129,148,113,113,138,138,138,138,138],"floor_reached":10,"language":"ENG","playtime":299,"items_purged":[],"score":112,"play_id":"6ac88640-d933-4f56-8934-8c9e0ffa933d","local_time":"20210208120629","is_ascension_mode":true,"campfire_choices":[{"data":"Heavy Blade","floor":6,"key":"SMITH"},{"data":"Bash","floor":8,"key":"SMITH"}],"circlet_count":0,"master_deck":["AscendersBane","Strike_R","Strike_R","Strike_R","Strike_R","Defend_R","Defend_R","Defend_R","Defend_R","Bash+1","Heavy Blade+1","True Grit","Perfected Strike","Headbutt"],"relics":["Runic Cube","Eternal Feather","Sundial"],"acts_visited":["Exordium"],"potions_floor_usage":[],"damage_taken":[{"damage":12,"enemies":"Small Slimes","floor":1,"turns":3},{"damage":10,"enemies":"Cultist","floor":3,"turns":4},{"damage":0,"enemies":"2 Louse","floor":4,"turns":2},{"damage":37,"enemies":"Gremlin Nob","floor":7,"turns":5},{"damage":38,"enemies":"3 Sentries","floor":10,"turns":8}],"seed_played":"607759260500438637","potions_obtained":[{"floor":1,"key":"LiquidMemories"}],"is_trial":false,"path_per_floor":["M","?","M","M","?","R","E","R","T","E"],"character_chosen":"IRONCLAD","items_purchased":[],"campfire_rested":0,"item_purchase_floors":[],"current_hp_per_floor":[56,56,46,46,64,64,27,33,33,0,0],"gold":138,"neow_bonus":"BOSS_RELIC","is_daily":false,"chose_seed":false,"campfire_upgraded":2,"win_rate":0.0,"timestamp":1612782389,"path_taken":["M","?","M","?","?","R","E","R","T","E"],"items_purchased_type":[],"build_version":"2020-12-22","purchased_purges":0,"victory":false,"max_hp_per_floor":[75,75,75,75,75,75,75,75,75,75,75],"card_choices":[{"not_picked":["Second Wind","Perfected Strike"],"picked":"Heavy Blade","floor":1},{"not_picked":["Thunderclap","Headbutt"],"picked":"Perfected Strike","floor":3},{"not_picked":["Metallicize","Sever Soul"],"picked":"Headbutt","floor":4},{"not_picked":["Whirlwind","Body Slam","Shrug It Off"],"picked":"SKIP","floor":7}],"player_experience":522326,"relics_obtained":[{"floor":7,"key":"Eternal Feather"},{"floor":9,"key":"Sundial"}],"event_choices":[{"damage_healed":0,"gold_gain":0,"cards_transformed":["Strike_R"],"player_choice":"Transformed","damage_taken":0,"max_hp_gain":0,"max_hp_loss":0,"event_name":"Transmorgrifier","floor":2,"gold_loss":0,"cards_obtained":["True Grit"]},{"damage_healed":18,"gold_gain":0,"player_choice":"Healed","damage_taken":0,"max_hp_gain":0,"max_hp_loss":0,"event_name":"The Cleric","floor":5,"gold_loss":35}],"is_beta":false,"boss_relics":[],"items_purged_floors":[],"is_endless":false,"potions_floor_spawned":[1],"killed_by":"3 Sentries","ascension_level":14}}