{"host":"m6aaltr68g9tvoay","time":1612746442,"event":{"mods":["AchievementEnabler","BaseMod","Colored Map","Downfall","Minty Spire (QoL Compilation)","Slay the Relics Exporter","StSLib"],"gold_per_floor":[99,113,124,124,138,38,38,38,54,80,230,230,58,69,86,181,181,181,199,219,319,419,419,419,432,432,432,432,432],"floor_reached":27,"language":"ENG","playtime":2149,"items_purged":[],"score":334,"play_id":"f275fd77-4a45-4512-8f0d-d7b509192bb0","local_time":"20210207170722","is_ascension_mode":true,"campfire_choices":[{"floor":1,"key":"RECALL"},{"data":"bronze:Frontload","floor":6,"key":"SMITH"},{"data":"bronze:WhirlingStrike","floor":8,"key":"SMITH"},{"floor":12,"key":"REST"},{"data":"bronze:ItsAFeature","floor":18,"key":"SMITH"},{"floor":23,"key":"REST"}],"circlet_count":0,"master_deck":["bronze:Strike","bronze:Strike","bronze:Strike","bronze:Strike","bronze:Defend","bronze:Defend","bronze:Defend","bronze:Defend","bronze:Replicate+1","bronze:Goto","bronze:WhirlingStrike+1","bronze:Frontload+1","downfall:Haunted","downfall:Haunted","downfall:Icky","bronze:HardenedForm","Injury","bronze:WildBeam","bronze:ItsAFeature+1","bronze:Shield","bronze:BugBarrage","bronze:BugBarrage","bronze:Mutator","bronze:ForceShield","bronze:Shield","bronze:Frontload","bronze:Constructor"],"relics":["bronze:BronzeCore","Darkstone Periapt","downfall:HeartBlessingRed","bronze:SilverBullet","Bag of Marbles","bronze:MakeshiftBattery","Pocketwatch","Pantograph","Ancient Tea Set"],"acts_visited":["Exordium","TheCity"],"potions_floor_usage":[16,21],"damage_taken":[{"damage":0,"enemies":"Cultist","floor":2,"turns":3},{"damage":5,"enemies":"2 Louse","floor":3,"turns":3},{"damage":7,"enemies":"Jaw Worm","floor":5,"turns":4},{"damage":16,"enemies":"Exordium Thugs","floor":9,"turns":5},{"damage":32,"enemies":"Lagavulin","floor":10,"turns":6},{"damage":0,"enemies":"downfall:FleeingMerchant","floor":13,"turns":4},{"damage":12,"enemies":"Lots of Slimes","floor":14,"turns":2},{"damage":0,"enemies":"Large Slime","floor":15,"turns":4},{"damage":18,"enemies":"SI_SHIV_ARCHETYPE","floor":16,"turns":6},{"damage":11,"enemies":"Spheric Guardian","floor":19,"turns":3},{"damage":25,"enemies":"Snake Plant","floor":20,"turns":4},{"damage":31,"enemies":"Colosseum Nobs","floor":21,"turns":5},{"damage":7,"enemies":"Cultist and Chosen","floor":25,"turns":6},{"damage":25,"enemies":"Book of Stabbing","floor":27,"turns":6}],"seed_played":"4783726753064641737","potions_obtained":[{"floor":2,"key":"bronze:FreeFunctionsPotion"},{"floor":14,"key":"LiquidBronze"},{"floor":16,"key":"hexamod:SoulburnPotion"}],"is_trial":false,"path_per_floor":["R","M","M","?","M","R","T","R","M","E","?","R","$","M","M","B",null,"R","M","M","?","?","R","T","M","?","E"],"character_chosen":"THE_AUTOMATON","items_purchased":["Bag of Marbles"],"campfire_rested":2,"item_purchase_floors":[13],"current_hp_per_floor":[63,63,58,87,80,80,80,80,64,32,32,61,61,49,49,31,82,82,71,46,15,15,44,44,37,37,12,12,12],"gold":432,"neow_bonus":"UPGRADE_CARD","is_daily":false,"chose_seed":false,"campfire_upgraded":3,"win_rate":0.0,"timestamp":1612746442,"path_taken":["R","M","M","?","M","R","T","R","M","E","?","R","$","?","M","BOSS","R","M","M","?","?","R","T","?","?","E"],"items_purchased_type":["Relic"],"build_version":"2020-12-22","purchased_purges":0,"victory":false,"max_hp_per_floor":[70,70,70,99,99,99,99,99,99,99,99,99,99,99,99,99,99,99,99,99,99,99,99,99,99,99,99,99,99],"card_choices":[{"not_picked":["bronze:MaxOutput","bronze:Constructor"],"picked":"bronze:WhirlingStrike","floor":2},{"not_picked":["bronze:GetLatest","bronze:ClassDefault"],"picked":"bronze:Frontload","floor":3},{"not_picked":["bronze:CloningBeam","bronze:CutThrough"],"picked":"bronze:WildBeam","floor":5},{"not_picked":["bronze:Frontload","bronze:Invalidate"],"picked":"bronze:ItsAFeature","floor":9},{"not_picked":["bronze:Overload","bronze:BugBarrage"],"picked":"bronze:Shield","floor":10},{"not_picked":["bronze:ChildClass","bronze:Invalidate"],"picked":"bronze:BugBarrage","floor":13},{"not_picked":["bronze:DelayedSlice","bronze:NullPointer","bronze:Backtrace"],"picked":"SKIP","floor":14},{"not_picked":["bronze:Deprecate","bronze:Overheat"],"picked":"bronze:BugBarrage","floor":15},{"not_picked":["bronze:TinkerersToolbox","bronze:Break"],"picked":"bronze:Mutator","floor":16},{"not_picked":["bronze:Overheat+1","bronze:Branch"],"picked":"bronze:ForceShield","floor":19},{"not_picked":["bronze:CutThrough","bronze:DigitalCarnage"],"picked":"bronze:Shield","floor":20},{"not_picked":["bronze:Deprecate","bronze:Invalidate"],"picked":"bronze:Frontload","floor":21},{"not_picked":["bronze:Separator+1","bronze:Frontload"],"picked":"bronze:Constructor","floor":25}],"player_experience":1855691,"relics_obtained":[{"floor":7,"key":"bronze:SilverBullet"},{"floor":10,"key":"InkBottle"},{"floor":21,"key":"Pocketwatch"},{"floor":21,"key":"Pantograph"},{"floor":24,"key":"Ancient Tea Set"}],"event_choices":[],"is_beta":false,"boss_relics":[{"not_picked":["Empty Cage","Runic Pyramid"],"picked":"bronze:MakeshiftBattery"}],"items_purged_floors":[],"is_endless":false,"potions_floor_spawned":[2,14,16],"killed_by":"Book of Stabbing","ascension_level":9}}