{"host":"tubmkv2g6v9d0kjw","time":1612763978,"event":{"mods":["2.2 Compatiblity","BaseMod","Conspire","Downfall","Hubris","Minty Spire (QoL Compilation)","Spire Arcade","StSLib"],"gold_per_floor":[99,116,131,131,41,52,77,87,105,125,575,375,375,397,447,548,548,448,519,519,519],"floor_reached":19,"language":"ENG","playtime":1046,"items_purged":["downfall:Malfunctioning"],"score":186,"play_id":"d2ec462a-7ef7-49ec-9fa1-da81c5b299c0","local_time":"20210207235938","is_ascension_mode":false,"campfire_choices":[{"floor":1,"key":"RECALL"},{"data":"bronze:CleanCode","floor":18,"key":"SMITH"}],"circlet_count":0,"master_deck":["bronze:Strike","bronze:Strike+1","bronze:Strike","bronze:Strike","bronze:Defend","bronze:Defend","bronze:Defend+1","bronze:Defend","bronze:Replicate","bronze:Goto+1","bronze:BronzeArmor","bronze:FineTuning+1","bronze:OilSpill","bronze:RecursiveStrike","bronze:Invalidate","bronze:Backtrace","downfall:Icky","downfall:Icky","downfall:Icky","conspire:SpireCoStock","conspire:SpireCoStock","conspire:SpireCoStock","conspire:SpireCoStock","Parasite","bronze:Turbo","bronze:Overload","bronze:CleanCode+1"],"relics":["bronze:BronzeCore","Anchor","Coffee Dripper","downfall:HeartBlessingRed"],"acts_visited":["Exordium","TheCity"],"potions_floor_usage":[16,16,19],"damage_taken":[{"damage":4,"enemies":"2 Louse","floor":2,"turns":4},{"damage":2,"enemies":"conspire:RoseBush","floor":3,"turns":3},{"damage":0,"enemies":"downfall:FleeingMerchant","floor":5,"turns":4},{"damage":7,"enemies":"Jaw Worm","floor":6,"turns":3},{"damage":18,"enemies":"conspire:2 RoseBushes","floor":8,"turns":4},{"damage":0,"enemies":"Exordium Wildlife","floor":9,"turns":3},{"damage":0,"enemies":"3 Louse","floor":10,"turns":2},{"damage":2,"enemies":"Blue Slaver","floor":14,"turns":3},{"damage":13,"enemies":"Large Slime","floor":15,"turns":6},{"damage":28,"enemies":"SI_SHIV_ARCHETYPE","floor":16,"turns":4},{"damage":71,"enemies":"3 Byrds","floor":19,"turns":7}],"seed_played":"8672685356084261280","potions_obtained":[{"floor":3,"key":"Slimebound:ThreeZeroPotion"},{"floor":10,"key":"Weak Potion"},{"floor":14,"key":"bronze:BurnAndBuffPotion"}],"is_trial":false,"path_per_floor":["R","M","M","?","$","M","T","M","M","M","?","?","?","M","M","B",null,"R","M"],"character_chosen":"THE_AUTOMATON","items_purchased":[],"campfire_rested":0,"item_purchase_floors":[],"current_hp_per_floor":[70,66,64,64,64,57,57,39,39,39,39,39,56,54,41,13,70,70,0,0,0],"gold":519,"neow_bonus":"UPGRADE_CARD","is_daily":false,"chose_seed":false,"campfire_upgraded":1,"win_rate":0.0,"timestamp":1612763978,"path_taken":["R","M","M","?","$","M","T","M","M","M","?","?","?","?","M","BOSS","R","M"],"items_purchased_type":[],"build_version":"2020-12-22","purchased_purges":1,"victory":false,"max_hp_per_floor":[70,70,70,70,70,70,70,70,70,70,70,70,70,70,70,70,70,70,70,70,70],"card_choices":[{"not_picked":["bronze:BitShift","bronze:WildBeam"],"picked":"bronze:BronzeArmor","floor":2},{"not_picked":["bronze:OilSpill","bronze:Return"],"picked":"bronze:FineTuning","floor":3},{"not_picked":["bronze:DelayedSlice","bronze:WildBeam"],"picked":"bronze:OilSpill","floor":5},{"not_picked":["bronze:WildBeam","bronze:BuggyMess"],"picked":"bronze:RecursiveStrike","floor":6},{"not_picked":["bronze:OilSpill","bronze:BuggyMess"],"picked":"bronze:Invalidate","floor":8},{"not_picked":["bronze:BugBarrage","bronze:WildBeam","bronze:Backtrace"],"picked":"SKIP","floor":9},{"not_picked":["bronze:Allocate","bronze:DarkDash"],"picked":"bronze:Backtrace","floor":10},{"not_picked":["bronze:Frontload","bronze:Deprecate"],"picked":"bronze:Turbo","floor":14},{"not_picked":["bronze:Frontload","bronze:BitShift"],"picked":"bronze:Overload","floor":15},{"not_picked":["bronze:FindAndReplace","bronze:Break"],"picked":"bronze:CleanCode","floor":16}],"player_experience":531194,"relics_obtained":[{"floor":7,"key":"Anchor"}],"event_choices":[{"damage_healed":0,"gold_gain":0,"player_choice":"Invest 4","damage_taken":0,"max_hp_gain":0,"max_hp_loss":0,"event_name":"conspire:Investor","floor":12,"gold_loss":0},{"damage_healed":17,"gold_gain":0,"player_choice":"Healed and dodged fight","damage_taken":0,"max_hp_gain":0,"max_hp_loss":0,"event_name":"Mushrooms","floor":13,"gold_loss":0,"cards_obtained":["Parasite"]}],"is_beta":false,"boss_relics":[{"not_picked":["SacredBark","Philosopher\u0027s Stone"],"picked":"Coffee Dripper"}],"items_purged_floors":[5],"is_endless":false,"potions_floor_spawned":[3,10,14,15],"killed_by":"3 Byrds","ascension_level":0}}