{"host":"TheHustler","time":1612806030,"event":{"mods":["BaseMod","Block Reminder","Colored Map","Colored Powertips","Minty Spire (QoL Compilation)","Quick Restart","StSLib","SuperFastMode","Unceasing Turn Reminder"],"gold_per_floor":[110,122,133,133,133,133,143,159,159,190,5,5,23,57,57,155,155,171,86,104,104,118,118,133,133,185,185,203,302,302,302],"floor_reached":30,"language":"ENG","playtime":485,"items_purged":["Strike_B"],"score":242,"play_id":"cbf13639-d389-4019-a703-591da3f81b05","local_time":"20210208184030","is_ascension_mode":false,"campfire_choices":[{"data":"Zap","floor":6.0,"key":"SMITH"},{"data":"Darkness","floor":12.0,"key":"SMITH"},{"floor":15.0,"key":"REST"},{"data":"Creative AI","floor":23,"key":"SMITH"},{"data":"Defragment","floor":25,"key":"SMITH"},{"floor":27,"key":"REST"}],"circlet_count":0,"master_deck":["Strike_B","Strike_B+1","Strike_B+1","Defend_B+1","Defend_B","Defend_B","Zap+1","Dualcast","Coolheaded","Creative AI+1","Compile Driver","Go for the Eyes","Darkness+1","Defragment+1","Melter","Leap","Electrodynamics","Sweeping Beam+1","Ball Lightning","Steam"],"relics":["Cracked Core","NeowsBlessing","Bag of Marbles","Omamori","Darkstone Periapt","Philosopher\u0027s Stone","Nunchaku","Whetstone"],"acts_visited":["Exordium","TheCity"],"potions_floor_usage":[],"damage_taken":[{"damage":0.0,"enemies":"Small Slimes","floor":1.0,"turns":1.0},{"damage":0.0,"enemies":"2 Louse","floor":2.0,"turns":1.0},{"damage":0.0,"enemies":"Cultist","floor":3.0,"turns":1.0},{"damage":12.0,"enemies":"3 Louse","floor":7.0,"turns":3.0},{"damage":0.0,"enemies":"Large Slime","floor":8.0,"turns":5.0},{"damage":14.0,"enemies":"Lagavulin","floor":10.0,"turns":6.0},{"damage":5.0,"enemies":"Blue Slaver","floor":13.0,"turns":2.0},{"damage":13.0,"enemies":"3 Sentries","floor":14.0,"turns":6.0},{"damage":33,"enemies":"Slime Boss","floor":16,"turns":8},{"damage":16,"enemies":"Shell Parasite","floor":18,"turns":6},{"damage":17,"enemies":"2 Thieves","floor":20,"turns":3},{"damage":18,"enemies":"Centurion and Healer","floor":22,"turns":5},{"damage":19,"enemies":"Snecko","floor":24,"turns":6},{"damage":21,"enemies":"Snake Plant","floor":28,"turns":4},{"damage":13,"enemies":"Shelled Parasite and Fungi","floor":30,"turns":2}],"seed_played":"-3622921796843826529","potions_obtained":[{"floor":2.0,"key":"PotionOfCapacity"},{"floor":3.0,"key":"Fruit Juice"},{"floor":8.0,"key":"LiquidMemories"},{"floor":10.0,"key":"BlessingOfTheForge"}],"is_trial":false,"path_per_floor":["M","M","M","?","?","R","M","M","T","E","$","R","M","E","R","B",null,"M","?","M","?","M","R","M","R","T","R","M","?","M"],"character_chosen":"DEFECT","items_purchased":["Defragment","Melter"],"campfire_rested":2,"item_purchase_floors":[11,11],"current_hp_per_floor":[75,75,80,64,57,57,45,45,45,31,31,31,26,13,37,4,80,64,64,47,47,29,29,10,10,10,34,13,13,0,0],"gold":302,"neow_bonus":"THREE_ENEMY_KILL","is_daily":false,"chose_seed":false,"campfire_upgraded":4,"win_rate":0.0,"timestamp":1612806030,"path_taken":["M","M","M","?","?","R","M","M","T","E","$","R","M","E","R","BOSS","M","?","M","?","?","R","M","R","T","R","M","?","M"],"items_purchased_type":["Card","Card"],"build_version":"2020-12-18","purchased_purges":1,"victory":false,"max_hp_per_floor":[75,75,80,80,80,80,80,80,80,80,80,80,80,80,80,80,80,80,80,80,80,80,80,80,80,80,80,80,80,80,80],"card_choices":[{"not_picked":["Stack","Steam"],"picked":"Coolheaded","floor":1.0},{"not_picked":["Genetic Algorithm","Streamline","Rebound"],"picked":"SKIP","floor":2.0},{"not_picked":["Turbo","Consume"],"picked":"Creative AI","floor":3.0},{"not_picked":["Chaos","Capacitor"],"picked":"Compile Driver","floor":7.0},{"not_picked":["Streamline","Barrage"],"picked":"Go for the Eyes","floor":8.0},{"not_picked":["Scrape","Genetic Algorithm"],"picked":"Darkness","floor":10.0},{"not_picked":["Redo","Chill"],"picked":"Leap","floor":13.0},{"not_picked":["Coolheaded","Hyperbeam","Redo"],"picked":"SKIP","floor":14.0},{"not_picked":["Creative AI","Rainbow"],"picked":"Electrodynamics","floor":16},{"not_picked":["Undo","Genetic Algorithm"],"picked":"Sweeping Beam","floor":18},{"not_picked":["Conserve Battery","Cold Snap","Turbo"],"picked":"SKIP","floor":20},{"not_picked":["Consume+1","Cold Snap"],"picked":"Ball Lightning","floor":22},{"not_picked":["Sweeping Beam","Rebound+1","Stack"],"picked":"SKIP","floor":24},{"not_picked":["Hello World+1","Ball Lightning"],"picked":"Steam","floor":28}],"player_experience":668085,"relics_obtained":[{"floor":9.0,"key":"Bag of Marbles"},{"floor":10.0,"key":"Omamori"},{"floor":14.0,"key":"Darkstone Periapt"},{"floor":26,"key":"Whetstone"}],"event_choices":[{"damage_healed":0.0,"max_hp_gain":0.0,"max_hp_loss":0.0,"gold_gain":0.0,"event_name":"Shining Light","player_choice":"Entered Light","floor":4.0,"gold_loss":0.0,"damage_taken":16.0,"cards_upgraded":["Strike_B","Defend_B"]},{"cards_removed":["Defend_B"],"damage_healed":0.0,"max_hp_gain":0.0,"max_hp_loss":0.0,"gold_gain":0.0,"event_name":"Golden Wing","player_choice":"Card Removal","floor":5.0,"gold_loss":0.0,"damage_taken":7.0},{"damage_healed":0,"gold_gain":0,"player_choice":"Obtained Relic","damage_taken":0,"relics_obtained":["Nunchaku"],"max_hp_gain":0,"max_hp_loss":0,"event_name":"Addict","floor":19,"gold_loss":85},{"damage_healed":0,"gold_gain":0,"player_choice":"Bought 0 Potions","damage_taken":0,"max_hp_gain":0,"max_hp_loss":0,"event_name":"The Woman in Blue","floor":21,"gold_loss":0},{"damage_healed":0,"gold_gain":99,"player_choice":"Stole From Cult","damage_taken":0,"max_hp_gain":0,"max_hp_loss":0,"event_name":"Nest","floor":29,"gold_loss":0}],"is_beta":true,"boss_relics":[{"not_picked":["Empty Cage","Calling Bell"],"picked":"Philosopher\u0027s Stone"}],"items_purged_floors":[11],"is_endless":false,"potions_floor_spawned":[2,3,8,10,20,22],"killed_by":"Shelled Parasite and Fungi","ascension_level":0}}