{"host":"c35j6tsoy7cxzn43","time":1612782901,"event":{"mods":["BaseMod","Better Third Choice","BetterRewards","Colored Map","Colored Powertips","Conspire","Highlight Path","Hubris","Infinite Spire","Minty Spire (QoL Compilation)","Quick Restart","Replay The Spire","Shop Mod","StSLib"],"gold_per_floor":[113,130,30,49,49,80,80,112,165,165,177,208,226,246,246,246,246],"floor_reached":16,"language":"ENG","playtime":901,"items_purged":[],"score":122,"play_id":"86fc47b9-b24c-44eb-b6f0-cff3dec8cefc","local_time":"20210208121501","is_ascension_mode":false,"campfire_choices":[{"data":"Dagger Spray","floor":7.0,"key":"SMITH"},{"data":"conspire:DoublingDagger","floor":10.0,"key":"SMITH"},{"floor":15,"key":"REST"}],"circlet_count":0,"master_deck":["Strike_G","Strike_G","Strike_G","Strike_G","Strike_G","Defend_G","Defend_G","Defend_G","Defend_G","Defend_G","Survivor","Neutralize","Burst","Dagger Spray","Ghostly","Dagger Spray+1","conspire:DoublingDagger+1","Blade Dance","Poison Darts","Flying Knee"],"relics":["Ring of the Snake","Paper Crane","Strawberry","MealTicket","infinitespire:Eraser"],"acts_visited":["Exordium"],"potions_floor_usage":[16],"damage_taken":[{"damage":0.0,"enemies":"Small Slimes","floor":1.0,"turns":4.0},{"damage":0.0,"enemies":"2 Louse","floor":2.0,"turns":4.0},{"damage":1.0,"enemies":"Cultist","floor":4.0,"turns":4.0},{"damage":16.0,"enemies":"Gremlin Nob","floor":6.0,"turns":4.0},{"damage":4.0,"enemies":"3 Sentries","floor":8.0,"turns":6.0},{"damage":2.0,"enemies":"Looter","floor":11.0,"turns":4.0},{"damage":27.0,"enemies":"Lagavulin","floor":12.0,"turns":8.0},{"damage":6.0,"enemies":"Blue Slaver","floor":13.0,"turns":3.0},{"damage":12,"enemies":"Large Slime","floor":14,"turns":4},{"damage":32,"enemies":"Hexaghost","floor":16,"turns":10}],"seed_played":"1093813084256817347","potions_obtained":[{"floor":2.0,"key":"Poison Potion"},{"floor":5.0,"key":"EntropicBrew"},{"floor":5.0,"key":"SteroidPotion"},{"floor":6.0,"key":"PowerPotion"}],"is_trial":false,"path_per_floor":["M","M","?","M","?","E","R","E","T","R","M","E","M","M","R","B"],"character_chosen":"THE_SILENT","items_purchased":[],"campfire_rested":1,"item_purchase_floors":[],"current_hp_per_floor":[70,70,70,69,69,53,53,56,56,56,54,27,21,9,32,0,0],"gold":246,"neow_bonus":"ONE_RANDOM_RARE_CARD","is_daily":false,"chose_seed":false,"campfire_upgraded":2,"win_rate":0.0,"timestamp":1612782901,"path_taken":["M","M","?","M","?","E","R","E","T","R","M","E","M","M","R","BOSS"],"items_purchased_type":[],"build_version":"2020-12-22","purchased_purges":0,"victory":false,"max_hp_per_floor":[70,70,70,70,70,70,70,77,77,77,77,77,77,77,77,77,77],"card_choices":[{"not_picked":["hubris:Counter","Dagger Throw","Deflect"],"picked":"SKIP","floor":1.0},{"not_picked":["Acrobatics","ReplayTheSpireMod:The Works"],"picked":"Dagger Spray","floor":2.0},{"not_picked":["hubris:SlightOfHand","Eviscerate"],"picked":"Dagger Spray","floor":4.0},{"not_picked":["Footwork","ReplayTheSpireMod:Shiv Toss","Outmaneuver"],"picked":"SKIP","floor":6.0},{"not_picked":["Accuracy","Underhanded Strike"],"picked":"conspire:DoublingDagger","floor":8.0},{"not_picked":["Riddle With Holes","Endless Agony"],"picked":"Blade Dance","floor":11.0},{"not_picked":["Calculated Gamble","Bane"],"picked":"Poison Darts","floor":12.0},{"not_picked":["Blade Dance","PiercingWail","Underhanded Strike"],"picked":"SKIP","floor":13},{"not_picked":["conspire:DoublingDagger","Setup","Flying Knee"],"picked":"SKIP","floor":14},{"not_picked":["conspire:DoublingDagger","Setup"],"picked":"Flying Knee","floor":14}],"player_experience":462948,"relics_obtained":[{"floor":6.0,"key":"Paper Crane"},{"floor":8.0,"key":"Strawberry"},{"floor":9.0,"key":"MealTicket"},{"floor":12.0,"key":"infinitespire:Eraser"}],"event_choices":[{"damage_healed":0.0,"max_hp_gain":0.0,"max_hp_loss":0.0,"gold_gain":0.0,"event_name":"conspire:LoneGhost","player_choice":"Argue","floor":3.0,"gold_loss":0.0,"damage_taken":0.0},{"damage_healed":0.0,"max_hp_gain":0.0,"max_hp_loss":0.0,"gold_gain":0.0,"event_name":"Lab","player_choice":"Got Potions","floor":5.0,"gold_loss":0.0,"damage_taken":0.0}],"is_beta":false,"boss_relics":[],"items_purged_floors":[],"is_endless":false,"potions_floor_spawned":[2,6,8,12],"killed_by":"Hexaghost","ascension_level":0}}