{"host":"85rg8sallz0lemh6","time":1612753452,"event":{"mods":["BaseMod","Bestiary","Colored Powertips","Highlight Path","Minty Spire (QoL Compilation)","Quick Restart"],"gold_per_floor":[115,115,190,205,217,249,249,284,333,367,73,103,116,80,80,180,180,193,193,193,206,206,206,232,232,232,232,242,242,275,285,285,386,386,397,415,415,415,427,462,462,487,537,537,587,476,476,508,508,508],"floor_reached":51,"language":"ENG","playtime":1263,"items_purged":["Deadly Poison"],"score":1032,"play_id":"761041d7-9715-4379-bdb3-b84e06bb9010","local_time":"20210207210412","is_ascension_mode":true,"campfire_choices":[{"data":"Poisoned Stab","floor":7.0,"key":"SMITH"},{"data":"Cloak And Dagger","floor":15.0,"key":"SMITH"},{"data":"RitualDagger","floor":23.0,"key":"SMITH"},{"data":"Cloak And Dagger","floor":25.0,"key":"SMITH"},{"data":"1","floor":27.0,"key":"LIFT"},{"data":"2","floor":29.0,"key":"LIFT"},{"data":"3","floor":32.0,"key":"LIFT"},{"data":"Adrenaline","floor":41,"key":"SMITH"},{"data":"Blade Dance","floor":44,"key":"SMITH"},{"data":"Deadly Poison","floor":47,"key":"PURGE"},{"data":"Neutralize","floor":49,"key":"SMITH"}],"circlet_count":0,"master_deck":["Strike_G","Strike_G","Strike_G","Defend_G","Defend_G","Defend_G","Defend_G","Defend_G","Survivor","Neutralize+1","Poisoned Stab+1","Deflect","After Image","Cloak And Dagger+1","Blade Dance+1","Dagger Spray","Accuracy+1","A Thousand Cuts+1","Blur","RitualDagger+1","Cloak And Dagger+1","Adrenaline+1","Dagger Spray+1","Blade Dance+1","Backflip","Footwork+1","Well Laid Plans+1"],"relics":["Ring of the Snake","NeowsBlessing","Ninja Scroll","PreservedInsect","Centennial Puzzle","Peace Pipe","Frozen Egg 2","Oddly Smooth Stone","Black Star","Orichalcum","MutagenicStrength","Bird Faced Urn","Bottled Flame","Girya","HornCleat","Happy Flower","SacredBark","StoneCalendar","Bottled Lightning","Art of War","Bottled Tornado","Bronze Scales","Du-Vu Doll","Mummified Hand","Smiling Mask"],"acts_visited":["Exordium","TheCity","TheBeyond"],"potions_floor_usage":[33,50],"damage_taken":[{"damage":0.0,"enemies":"Jaw Worm","floor":1.0,"turns":1.0},{"damage":0.0,"enemies":"2 Louse","floor":4.0,"turns":1.0},{"damage":0.0,"enemies":"Small Slimes","floor":5.0,"turns":1.0},{"damage":13.0,"enemies":"Lagavulin","floor":6.0,"turns":6.0},{"damage":9.0,"enemies":"3 Sentries","floor":8.0,"turns":12.0},{"damage":2.0,"enemies":"Lagavulin","floor":10.0,"turns":4.0},{"damage":0.0,"enemies":"Gremlin Nob","floor":12.0,"turns":2.0},{"damage":0.0,"enemies":"Looter","floor":13.0,"turns":3.0},{"damage":6.0,"enemies":"Hexaghost","floor":16.0,"turns":6.0},{"damage":4.0,"enemies":"2 Thieves","floor":18.0,"turns":2.0},{"damage":16.0,"enemies":"Spheric Guardian","floor":21.0,"turns":4.0},{"damage":6.0,"enemies":"Gremlin Leader","floor":24.0,"turns":3.0},{"damage":0.0,"enemies":"Centurion and Healer","floor":28.0,"turns":2.0},{"damage":12.0,"enemies":"Book of Stabbing","floor":30.0,"turns":4.0},{"damage":6.0,"enemies":"Chosen and Byrds","floor":31.0,"turns":3.0},{"damage":9,"enemies":"Collector","floor":33,"turns":6},{"damage":0,"enemies":"3 Shapes","floor":35,"turns":1},{"damage":0,"enemies":"Orb Walker","floor":36,"turns":1},{"damage":6,"enemies":"4 Shapes","floor":39,"turns":1},{"damage":0,"enemies":"Nemesis","floor":40,"turns":3},{"damage":0,"enemies":"Reptomancer","floor":42,"turns":3},{"damage":0,"enemies":"Mind Bloom Boss Battle","floor":45,"turns":1},{"damage":0,"enemies":"Giant Head","floor":48,"turns":4},{"damage":26,"enemies":"Awakened One","floor":50,"turns":7}],"seed_played":"3670938969277894939","potions_obtained":[{"floor":1.0,"key":"DuplicationPotion"},{"floor":8.0,"key":"CultistPotion"},{"floor":10.0,"key":"Explosive Potion"},{"floor":12.0,"key":"AttackPotion"},{"floor":24.0,"key":"CunningPotion"},{"floor":30.0,"key":"PowerPotion"},{"floor":33,"key":"Regen Potion"},{"floor":35,"key":"AttackPotion"},{"floor":42,"key":"FairyPotion"}],"is_trial":false,"path_per_floor":["M","?","?","M","M","E","R","E","T","E","$","E","M","$","R","B",null,"M","?","?","M","?","R","E","R","T","R","M","R","E","M","R","B",null,"M","M","?","?","M","E","R","E","T","R","?","$","R","E","R","B",null],"character_chosen":"THE_SILENT","items_purchased":["Frozen Egg 2","Blade Dance","Accuracy+1","Well Laid Plans+1"],"campfire_rested":0,"item_purchase_floors":[11,11,14,46],"current_hp_per_floor":[70,63,52,52,52,39,39,30,30,28,28,28,28,28,28,22,70,66,60,60,44,44,44,38,38,38,38,40,40,32,28,28,27,70,70,70,66,66,61,63,63,65,65,65,66,66,66,66,66,42],"gold":508,"neow_bonus":"THREE_ENEMY_KILL","is_daily":false,"chose_seed":false,"campfire_upgraded":7,"win_rate":0.0,"timestamp":1612753452,"path_taken":["M","?","?","M","M","E","R","E","T","E","$","E","M","?","R","BOSS","M","?","?","M","?","R","E","R","T","R","M","R","E","M","R","BOSS","M","M","?","?","M","E","R","E","T","R","?","$","R","E","R","BOSS"],"items_purchased_type":["Relic","Card","Card","Card"],"build_version":"2020-12-22","purchased_purges":1,"victory":true,"max_hp_per_floor":[70,70,70,70,70,70,70,70,70,70,70,70,70,70,70,70,70,70,70,70,70,70,70,70,70,70,70,70,70,70,70,70,70,70,70,70,66,66,66,66,66,66,66,66,66,66,66,66,66,66],"card_choices":[{"not_picked":["Masterful Stab","Dagger Throw"],"picked":"Poisoned Stab","floor":1.0},{"not_picked":["Finisher","Escape Plan"],"picked":"Deflect","floor":4.0},{"not_picked":["Cloak And Dagger","Escape Plan"],"picked":"Deadly Poison","floor":5.0},{"not_picked":["Underhanded Strike","Deflect"],"picked":"After Image","floor":6.0},{"not_picked":["Calculated Gamble","Deflect"],"picked":"Deadly Poison","floor":8.0},{"not_picked":["PiercingWail","Concentrate"],"picked":"Cloak And Dagger","floor":10.0},{"not_picked":["Poisoned Stab","Slice"],"picked":"Dagger Spray","floor":12.0},{"not_picked":["Quick Slash","Dodge and Roll","Deflect"],"picked":"SKIP","floor":13.0},{"not_picked":["Phantasmal Killer","Grand Finale"],"picked":"A Thousand Cuts+1","floor":16.0},{"not_picked":["Acrobatics","Skewer"],"picked":"Blur","floor":18.0},{"not_picked":["Deadly Poison","Dash","Concentrate+1"],"picked":"SKIP","floor":21.0},{"not_picked":["Endless Agony","Dagger Throw+1"],"picked":"Cloak And Dagger","floor":24.0},{"not_picked":["Prepared+1","PiercingWail+1"],"picked":"Adrenaline","floor":28.0},{"not_picked":["Underhanded Strike","Skewer","Predator+1"],"picked":"SKIP","floor":30.0},{"not_picked":["Dash","Acrobatics","Bane"],"picked":"SKIP","floor":31.0},{"not_picked":["Underhanded Strike+1","Flechettes","Bane"],"picked":"SKIP","floor":35},{"not_picked":["Escape Plan","Noxious Fumes+1"],"picked":"Dagger Spray+1","floor":36},{"not_picked":["Flechettes","Leg Sweep"],"picked":"Blade Dance+1","floor":39},{"not_picked":["Underhanded Strike","Sucker Punch","Acrobatics"],"picked":"SKIP","floor":40},{"not_picked":["Calculated Gamble+1","Acrobatics"],"picked":"Backflip","floor":42},{"not_picked":["Riddle With Holes+1","Outmaneuver+1"],"picked":"Footwork+1","floor":45},{"not_picked":["Dagger Throw","Heel Hook","Expertise+1"],"picked":"SKIP","floor":48}],"player_experience":79245,"relics_obtained":[{"floor":6.0,"key":"Ninja Scroll"},{"floor":8.0,"key":"PreservedInsect"},{"floor":9.0,"key":"Centennial Puzzle"},{"floor":10.0,"key":"Peace Pipe"},{"floor":12.0,"key":"Oddly Smooth Stone"},{"floor":24.0,"key":"Bird Faced Urn"},{"floor":24.0,"key":"Bottled Flame"},{"floor":26.0,"key":"Girya"},{"floor":30.0,"key":"HornCleat"},{"floor":30.0,"key":"Happy Flower"},{"floor":40,"key":"StoneCalendar"},{"floor":40,"key":"Bottled Lightning"},{"floor":42,"key":"Art of War"},{"floor":42,"key":"Bottled Tornado"},{"floor":43,"key":"Bronze Scales"},{"floor":45,"key":"Du-Vu Doll"},{"floor":48,"key":"Mummified Hand"},{"floor":48,"key":"Smiling Mask"}],"event_choices":[{"cards_removed":["Strike_G"],"damage_healed":0.0,"max_hp_gain":0.0,"max_hp_loss":0.0,"gold_gain":0.0,"event_name":"Golden Wing","player_choice":"Card Removal","floor":2.0,"gold_loss":0.0,"damage_taken":7.0},{"damage_healed":0.0,"max_hp_gain":0.0,"max_hp_loss":0.0,"gold_gain":75.0,"event_name":"World of Goop","player_choice":"Gather Gold","floor":3.0,"gold_loss":0.0,"damage_taken":11.0},{"damage_healed":0.0,"max_hp_gain":0.0,"max_hp_loss":0.0,"gold_gain":0.0,"event_name":"Nest","player_choice":"Joined the Cult","floor":19.0,"gold_loss":0.0,"damage_taken":6.0,"cards_obtained":["RitualDagger"]},{"damage_healed":0.0,"max_hp_gain":0.0,"max_hp_loss":0.0,"gold_gain":0.0,"event_name":"The Mausoleum","player_choice":"Opened","floor":20.0,"gold_loss":0.0,"damage_taken":0.0,"relics_obtained":["Orichalcum"]},{"damage_healed":0.0,"max_hp_gain":0.0,"max_hp_loss":0.0,"gold_gain":0.0,"event_name":"Drug Dealer","player_choice":"Inject Mutagens","floor":22.0,"gold_loss":0.0,"damage_taken":0.0,"relics_obtained":["MutagenicStrength"]},{"damage_healed":0,"gold_gain":0,"player_choice":"Max HP","damage_taken":0,"max_hp_gain":0,"max_hp_loss":4,"event_name":"Winding Halls","floor":37,"gold_loss":0},{"cards_removed":["Strike_G"],"damage_healed":0,"gold_gain":0,"player_choice":"Removed Attack","damage_taken":0,"max_hp_gain":0,"max_hp_loss":0,"event_name":"Falling","floor":38,"gold_loss":0},{"damage_healed":0,"gold_gain":0,"player_choice":"Fight","damage_taken":0,"max_hp_gain":0,"max_hp_loss":0,"event_name":"MindBloom","floor":45,"gold_loss":0}],"is_beta":false,"boss_relics":[{"not_picked":["Cursed Key","Coffee Dripper"],"picked":"Black Star"},{"not_picked":["Ring of the Serpent","HoveringKite"],"picked":"SacredBark"}],"items_purged_floors":[46],"is_endless":false,"potions_floor_spawned":[1,8,10,12,24,30,33,35,39,40,42],"ascension_level":2}}