{"host":"a1eatafr7pisesky","time":1612782912,"event":{"mods":["AchievementEnabler","BaseMod","Colored Map","Keyboard Shortcuts","Minty Spire (QoL Compilation)","Say the Spire","StSLib","SuperFastMode","everything is the same but u backflip on backflip"],"gold_per_floor":[113,113,126,138,138,173,173,201,201,229,48,83,101,120,120,194,194,213,228,21,32,52,52,52,82,94,106,136,3,3,3],"floor_reached":30,"language":"KOR","playtime":845,"items_purged":["Strike_B","Reprogram+1"],"score":490,"play_id":"f0fe222d-a2f9-4739-9a33-c44b27e4bedf","local_time":"20210208201512","is_ascension_mode":true,"campfire_choices":[{"floor":7.0,"key":"REST"},{"floor":15.0,"key":"REST"},{"floor":23.0,"key":"REST"}],"circlet_count":0,"master_deck":["AscendersBane","Defend_B","Defend_B","Zap","Dualcast","Defragment+1","Cold Snap","Compile Driver","FTL","Defragment","BootSequence","Capacitor","FTL","Coolheaded+1","Hologram+1","Echo Form","Echo Form+1","Sweeping Beam+1","Glacier+1","Go for the Eyes+1","Heatsinks","White Noise+1","White Noise+1","Loop","All For One","Self Repair","Cold Snap","Coolheaded+1"],"relics":["Cracked Core","NeowsBlessing","White Beast Statue","Shuriken","InkBottle","Happy Flower","Toxic Egg 2","Astrolabe","MawBank"],"acts_visited":["Exordium","TheCity"],"potions_floor_usage":[28],"damage_taken":[{"damage":0.0,"enemies":"Cultist","floor":1.0,"turns":1.0},{"damage":0.0,"enemies":"Small Slimes","floor":3.0,"turns":1.0},{"damage":0.0,"enemies":"Jaw Worm","floor":4.0,"turns":1.0},{"damage":24.0,"enemies":"3 Sentries","floor":6.0,"turns":7.0},{"damage":14.0,"enemies":"Gremlin Nob","floor":8.0,"turns":5.0},{"damage":20.0,"enemies":"3 Sentries","floor":10.0,"turns":7.0},{"damage":15.0,"enemies":"Lagavulin","floor":12.0,"turns":5.0},{"damage":2.0,"enemies":"2 Fungi Beasts","floor":13.0,"turns":3.0},{"damage":8.0,"enemies":"Exordium Wildlife","floor":14.0,"turns":4.0},{"damage":14.0,"enemies":"Slime Boss","floor":16.0,"turns":7.0},{"damage":8.0,"enemies":"Chosen","floor":18.0,"turns":4.0},{"damage":4.0,"enemies":"Spheric Guardian","floor":19.0,"turns":6.0},{"damage":0.0,"enemies":"Snecko","floor":21.0,"turns":6.0},{"damage":12.0,"enemies":"Chosen and Byrds","floor":22.0,"turns":4.0},{"damage":16.0,"enemies":"Book of Stabbing","floor":25.0,"turns":7.0},{"damage":14,"enemies":"Snake Plant","floor":28,"turns":4},{"damage":3,"enemies":"Centurion and Healer","floor":30,"turns":2}],"seed_played":"4554917561162346414","potions_obtained":[{"floor":1.0,"key":"SteroidPotion"},{"floor":4.0,"key":"Ancient Potion"},{"floor":8.0,"key":"GamblersBrew"},{"floor":10.0,"key":"PotionOfCapacity"},{"floor":14.0,"key":"FocusPotion"},{"floor":16.0,"key":"FearPotion"},{"floor":18.0,"key":"LiquidBronze"},{"floor":21.0,"key":"Dexterity Potion"},{"floor":22.0,"key":"BlessingOfTheForge"},{"floor":25.0,"key":"DuplicationPotion"},{"floor":28,"key":"FearPotion"}],"is_trial":false,"path_per_floor":["M","?","M","M","?","E","R","E","T","E","$","E","M","M","R","B",null,"M","M","$","M","M","R","?","E","T","?","M","$","M"],"character_chosen":"DEFECT","items_purchased":["Capacitor","FTL","Heatsinks","White Noise+1","Self Repair","Cold Snap","Coolheaded+1"],"campfire_rested":3,"item_purchase_floors":[11,11,20,20,29,29,29],"current_hp_per_floor":[64,64,64,64,64,40,61,47,47,27,27,12,10,2,23,9,56,48,44,44,44,32,53,33,17,17,17,3,3,0,0],"gold":3,"neow_bonus":"THREE_ENEMY_KILL","is_daily":false,"chose_seed":false,"campfire_upgraded":0,"win_rate":0.0,"timestamp":1612782912,"path_taken":["M","?","M","?","?","E","R","E","T","E","$","E","?","M","R","BOSS","M","M","$","M","M","R","?","E","T","?","M","?","?"],"items_purchased_type":["Card","Card","Card","Card","Card","Card","Card"],"build_version":"2020-12-22","purchased_purges":2,"victory":false,"max_hp_per_floor":[71,71,71,71,71,71,71,71,71,71,71,71,71,71,71,71,71,71,71,71,71,71,71,76,76,76,76,76,76,76,76],"card_choices":[{"not_picked":["Static Discharge","Coolheaded"],"picked":"Defragment","floor":1.0},{"not_picked":["Consume","Hologram"],"picked":"Cold Snap","floor":3.0},{"not_picked":["Streamline","Recycle"],"picked":"Compile Driver","floor":4.0},{"not_picked":["Consume","All For One"],"picked":"FTL","floor":6.0},{"not_picked":["Gash","Ball Lightning"],"picked":"Defragment","floor":8.0},{"not_picked":["Streamline","FTL"],"picked":"BootSequence","floor":10.0},{"not_picked":["Meteor Strike","Darkness+1"],"picked":"Coolheaded+1","floor":12.0},{"not_picked":["Double Energy+1","Redo+1"],"picked":"Hologram+1","floor":13.0},{"not_picked":["Reprogram+1","Rebound","Sweeping Beam"],"picked":"SKIP","floor":14.0},{"not_picked":["Meteor Strike","Thunder Strike"],"picked":"Echo Form","floor":16.0},{"not_picked":["Coolheaded+1","Gash+1"],"picked":"Glacier+1","floor":18.0},{"not_picked":["Steam+1","Ball Lightning"],"picked":"Go for the Eyes+1","floor":19.0},{"not_picked":["Hologram+1","Conserve Battery+1"],"picked":"White Noise+1","floor":21.0},{"not_picked":["Consume+1","Leap+1"],"picked":"Loop","floor":22.0},{"not_picked":["All For One","Stack+1","Ball Lightning"],"picked":"SKIP","floor":25.0},{"not_picked":["Stack+1","Ball Lightning"],"picked":"All For One","floor":25.0},{"not_picked":["Gash","Redo+1","Hologram+1"],"picked":"SKIP","floor":28}],"player_experience":420880,"relics_obtained":[{"floor":6.0,"key":"White Beast Statue"},{"floor":8.0,"key":"Shuriken"},{"floor":9.0,"key":"InkBottle"},{"floor":10.0,"key":"Happy Flower"},{"floor":12.0,"key":"Toxic Egg 2"},{"floor":25.0,"key":"MawBank"}],"event_choices":[{"damage_healed":0.0,"max_hp_gain":0.0,"max_hp_loss":0.0,"gold_gain":0.0,"event_name":"Accursed Blacksmith","player_choice":"Forge","floor":2.0,"gold_loss":0.0,"damage_taken":0.0,"cards_upgraded":["Defragment"]},{"cards_removed":["Strike_B"],"damage_healed":0.0,"max_hp_gain":0.0,"max_hp_loss":0.0,"gold_gain":0.0,"event_name":"Purifier","player_choice":"Purged","floor":5.0,"gold_loss":0.0,"damage_taken":0.0},{"damage_healed":0.0,"max_hp_gain":5.0,"max_hp_loss":0.0,"gold_gain":0.0,"event_name":"Forgotten Altar","player_choice":"Shed Blood","floor":24.0,"gold_loss":0.0,"damage_taken":25.0},{"cards_removed":["Defend_B"],"damage_healed":0.0,"max_hp_gain":0.0,"max_hp_loss":0.0,"gold_gain":0.0,"event_name":"Back to Basics","player_choice":"Elegance","floor":27.0,"gold_loss":0.0,"damage_taken":0.0}],"is_beta":false,"boss_relics":[{"not_picked":["Sozu","Runic Dome"],"picked":"Astrolabe"}],"items_purged_floors":[11,20],"is_endless":false,"potions_floor_spawned":[1,4,8,10,12,13,14,16,18,19,21,22,25,28],"killed_by":"Centurion and Healer","ascension_level":15}}