{"host":"BK","time":1612759991,"event":{"mods":["BaseMod","Highlight Path","Minty Spire (QoL Compilation)","StSLib"],"gold_per_floor":[112,124,137,44,44,44,71,83,95,125,137,184,206,178,190,279,291,322,334,73,89,89,121,121,135,135,135,155,155,171,221,221,298,298,308,308,11,30,102,102,43,69,114,114,126,126,126],"floor_reached":46,"language":"ENG","playtime":2121,"items_purged":["Bite"],"score":977,"play_id":"29e8fa56-38e8-4ec9-8e54-f5b796493aa6","local_time":"20210207215311","is_ascension_mode":true,"campfire_choices":[{"data":"Underhanded Strike","floor":6.0,"key":"SMITH"},{"data":"Unload","floor":8.0,"key":"SMITH"},{"floor":11.0,"key":"REST"},{"floor":15.0,"key":"REST"},{"data":"Concentrate","floor":24.0,"key":"SMITH"},{"floor":32.0,"key":"REST"},{"data":"Catalyst","floor":40.0,"key":"SMITH"},{"data":"Malaise","floor":44.0,"key":"SMITH"}],"circlet_count":0,"master_deck":["AscendersBane","Defend_G","Defend_G","Defend_G","Defend_G","Defend_G","Survivor","Neutralize","Underhanded Strike+1","Backstab+1","Dagger Throw","Noxious Fumes","Unload+1","Backflip","Eviscerate+1","Crippling Poison","Tools of the Trade","Concentrate+1","Bite","Bite","Bite+1","Bite","Calculated Gamble","PiercingWail+1","Footwork+1","Night Terror","Footwork+1","Acrobatics","Envenom+1","Catalyst+1","Deadly Poison","Malaise+1","Tactician"],"relics":["Runic Pyramid","MawBank","Ornamental Fan","HoveringKite","Whetstone","MealTicket","Frozen Egg 2","PreservedInsect","Velvet Choker","Orrery","Letter Opener","Pen Nib","Potion Belt"],"acts_visited":["Exordium","TheCity","TheBeyond"],"potions_floor_usage":[46],"damage_taken":[{"damage":1.0,"enemies":"Cultist","floor":1.0,"turns":5.0},{"damage":4.0,"enemies":"2 Louse","floor":2.0,"turns":3.0},{"damage":5.0,"enemies":"Jaw Worm","floor":3.0,"turns":4.0},{"damage":22.0,"enemies":"3 Sentries","floor":7.0,"turns":10.0},{"damage":0.0,"enemies":"3 Louse","floor":10.0,"turns":2.0},{"damage":21.0,"enemies":"Gremlin Nob","floor":12.0,"turns":4.0},{"damage":2.0,"enemies":"Blue Slaver","floor":13.0,"turns":2.0},{"damage":35.0,"enemies":"Slime Boss","floor":16.0,"turns":9.0},{"damage":19.0,"enemies":"Spheric Guardian","floor":18.0,"turns":5.0},{"damage":7.0,"enemies":"3 Byrds","floor":21.0,"turns":5.0},{"damage":49.0,"enemies":"Book of Stabbing","floor":23.0,"turns":7.0},{"damage":10.0,"enemies":"Centurion and Healer","floor":25.0,"turns":6.0},{"damage":18.0,"enemies":"Snake Plant","floor":28.0,"turns":3.0},{"damage":9.0,"enemies":"Snecko","floor":30.0,"turns":5.0},{"damage":41.0,"enemies":"Automaton","floor":33.0,"turns":13.0},{"damage":12.0,"enemies":"Orb Walker","floor":35.0,"turns":3.0},{"damage":0.0,"enemies":"3 Shapes","floor":38.0,"turns":5.0},{"damage":29.0,"enemies":"Nemesis","floor":42.0,"turns":7.0},{"damage":10.0,"enemies":"Sphere and 2 Shapes","floor":45.0,"turns":6.0},{"damage":22,"enemies":"Reptomancer","floor":46,"turns":2}],"seed_played":"6482529317641913730","potions_obtained":[{"floor":2.0,"key":"Strength Potion"},{"floor":10.0,"key":"SpeedPotion"},{"floor":12.0,"key":"SkillPotion"},{"floor":18.0,"key":"Ancient Potion"},{"floor":21.0,"key":"Regen Potion"},{"floor":25.0,"key":"Poison Potion"},{"floor":28.0,"key":"PowerPotion"},{"floor":38.0,"key":"GamblersBrew"},{"floor":45.0,"key":"Weak Potion"}],"is_trial":false,"path_per_floor":["M","M","M","$","?","R","E","R","T","M","R","E","M","?","R","B",null,"M","?","$","M","?","E","R","M","T","T","M","?","M","?","R","B",null,"M","?","$","M","T","R","$","E","T","R","M","E"],"character_chosen":"THE_SILENT","items_purchased":["Dagger Throw","Noxious Fumes","Whetstone","Calculated Gamble","Orrery","Catalyst","Poison Potion","Deadly Poison"],"campfire_rested":3,"item_purchase_floors":[4,4,20,20,37,37,37,41],"current_hp_per_floor":[58,54,49,49,49,49,27,27,27,27,46,25,23,23,42,7,51,32,32,32,38,38,16,16,23,23,23,14,14,17,17,30,22,40,35,35,46,46,46,46,46,26,26,26,18,0,0],"gold":126,"neow_bonus":"BOSS_RELIC","is_daily":false,"chose_seed":false,"campfire_upgraded":5,"win_rate":0.0,"timestamp":1612759991,"path_taken":["M","M","M","$","?","R","E","R","T","M","R","E","M","?","R","BOSS","M","?","$","M","?","E","R","M","T","?","M","?","M","?","R","BOSS","M","?","$","M","?","R","?","E","T","R","?","E"],"items_purchased_type":["Card","Card","Relic","Card","Relic","Card","Potion","Card"],"build_version":"2020-12-18","purchased_purges":1,"victory":false,"max_hp_per_floor":[66,66,66,66,66,66,66,66,66,66,66,66,66,66,66,66,66,66,46,46,46,46,46,46,46,46,46,46,46,46,46,46,46,46,46,46,46,46,46,46,46,46,46,46,46,46,46],"card_choices":[{"not_picked":["Catalyst","Bane"],"picked":"Underhanded Strike","floor":1.0},{"not_picked":["Accuracy","Expertise","Cloak And Dagger"],"picked":"SKIP","floor":2.0},{"not_picked":["Slice","Outmaneuver"],"picked":"Backstab","floor":3.0},{"not_picked":["Dagger Throw","Deflect"],"picked":"Unload","floor":7.0},{"not_picked":["Dagger Throw","Riddle With Holes"],"picked":"Backflip","floor":10.0},{"not_picked":["Envenom","Acrobatics"],"picked":"Eviscerate","floor":12.0},{"not_picked":["Sucker Punch","Underhanded Strike"],"picked":"Crippling Poison","floor":13.0},{"not_picked":["Unload","Burst"],"picked":"Tools of the Trade","floor":16.0},{"not_picked":["Riddle With Holes+1","Escape Plan"],"picked":"Concentrate","floor":18.0},{"not_picked":["Dodge and Roll","Prepared"],"picked":"PiercingWail+1","floor":21.0},{"not_picked":["Prepared","Accuracy","Dagger Throw"],"picked":"SKIP","floor":23.0},{"not_picked":["Dodge and Roll","Backflip","Quick Slash"],"picked":"SKIP","floor":25.0},{"not_picked":["Well Laid Plans+1","Expertise","Endless Agony"],"picked":"SKIP","floor":28.0},{"not_picked":["Underhanded Strike","Bouncing Flask"],"picked":"Footwork+1","floor":30.0},{"not_picked":["Phantasmal Killer","Storm of Steel"],"picked":"Night Terror","floor":33.0},{"not_picked":["Concentrate","Dagger Throw"],"picked":"Footwork+1","floor":35.0},{"not_picked":["Cloak And Dagger","Dagger Throw"],"picked":"Acrobatics","floor":37.0},{"not_picked":["Noxious Fumes+1","Flechettes+1"],"picked":"Envenom+1","floor":37.0},{"not_picked":["Escape Plan","Backflip","Deadly Poison"],"picked":"SKIP","floor":38.0},{"not_picked":["Prepared+1","Underhanded Strike"],"picked":"Malaise","floor":42.0},{"not_picked":["Dash","Cloak And Dagger+1"],"picked":"Tactician","floor":45.0}],"player_experience":2521649,"relics_obtained":[{"floor":7.0,"key":"MawBank"},{"floor":12.0,"key":"Ornamental Fan"},{"floor":23.0,"key":"MealTicket"},{"floor":26.0,"key":"Frozen Egg 2"},{"floor":27.0,"key":"PreservedInsect"},{"floor":39.0,"key":"Letter Opener"},{"floor":42.0,"key":"Pen Nib"},{"floor":43.0,"key":"Potion Belt"}],"event_choices":[{"damage_healed":0.0,"max_hp_gain":0.0,"max_hp_loss":0.0,"gold_gain":0.0,"event_name":"Living Wall","player_choice":"Grow","floor":5.0,"gold_loss":0.0,"damage_taken":0.0,"cards_upgraded":["Backstab"]},{"damage_healed":0.0,"max_hp_gain":0.0,"max_hp_loss":0.0,"gold_gain":0.0,"event_name":"World of Goop","player_choice":"Left Gold","floor":14.0,"gold_loss":40.0,"damage_taken":0.0},{"damage_healed":0.0,"max_hp_gain":0.0,"max_hp_loss":20.0,"gold_gain":0.0,"event_name":"Vampires","player_choice":"Became a vampire","floor":19.0,"gold_loss":0.0,"damage_taken":0.0,"cards_obtained":["Bite","Bite","Bite","Bite","Bite"]},{"damage_healed":0.0,"max_hp_gain":0.0,"max_hp_loss":0.0,"gold_gain":0.0,"event_name":"Beggar","player_choice":"Ignored","floor":22.0,"gold_loss":0.0,"damage_taken":0.0},{"damage_healed":0.0,"max_hp_gain":0.0,"max_hp_loss":0.0,"gold_gain":0.0,"event_name":"The Mausoleum","player_choice":"Ignored","floor":29.0,"gold_loss":0.0,"damage_taken":0.0},{"damage_healed":0.0,"max_hp_gain":0.0,"max_hp_loss":0.0,"gold_gain":50.0,"event_name":"Golden Shrine","player_choice":"Pray","floor":31.0,"gold_loss":0.0,"damage_taken":0.0},{"damage_healed":0.0,"max_hp_gain":0.0,"max_hp_loss":0.0,"gold_gain":0.0,"event_name":"Tomb of Lord Red Mask","player_choice":"Ignored","floor":36.0,"gold_loss":0.0,"damage_taken":0.0}],"is_beta":true,"boss_relics":[{"not_picked":["SlaversCollar","Fusion Hammer"],"picked":"HoveringKite"},{"not_picked":["Sozu","Calling Bell"],"picked":"Velvet Choker"}],"items_purged_floors":[20],"is_endless":false,"potions_floor_spawned":[2,10,12,18,21,25,28,38,45],"killed_by":"Reptomancer","ascension_level":20}}