{"host":"36t3qd3wjvajtu1z","time":1612760553,"event":{"mods":["2.2 Compatiblity","AchievementEnabler","BaseMod","Block Reminder","Colored Powertips","Minty Spire (QoL Compilation)","Permanent Neow","Quick Restart","Random Character Button","Rare Cards Sparkle","Relic Stats","Slay-I","StSLib"],"gold_per_floor":[211,227,302,15,15,15,81,81,81,145,145,185,185,295,295,419,419,460,500,36,57,78,116,116,175,199,252,647,725,780,792,804,916,928,980,992,1015,1027,77,108,108,127,127,164,164,201,234,297,306,306],"floor_reached":51,"language":"ENG","playtime":12994,"items_purged":["Strike_G","Strike_G","Skewer+1"],"score":1643,"play_id":"e283c46a-a23b-45a0-9dc2-ba4ec24712eb","local_time":"20210207210233","is_ascension_mode":true,"campfire_choices":[{"data":"HandOfGreed","floor":6.0,"key":"SMITH"},{"data":"Cloak And Dagger","floor":8.0,"key":"SMITH"},{"data":"Cloak And Dagger","floor":11.0,"key":"SMITH"},{"data":"Malaise","floor":13.0,"key":"SMITH"},{"data":"Prepared","floor":15.0,"key":"SMITH"},{"data":"Corpse Explosion","floor":24.0,"key":"SMITH"},{"floor":32.0,"key":"REST"},{"data":"After Image","floor":41.0,"key":"SMITH"},{"data":"Tactician","floor":45.0,"key":"SMITH"},{"floor":49.0,"key":"REST"}],"circlet_count":0,"master_deck":["AscendersBane","Survivor","Neutralize","Underhanded Strike","HandOfGreed+1","Cloak And Dagger+1","Cloak And Dagger+1","Malaise+1","Prepared+1","Corpse Explosion+1","Blade Dance","PanicButton","Underhanded Strike+1","Acrobatics","Choke+1","Well Laid Plans","Acrobatics+1","PiercingWail","Bouncing Flask+1","Bane+1","After Image+1","Sucker Punch+1","Envenom","Infinite Blades","Dagger Throw+1","Tactician+1","Crippling Poison","Deflect","Blade Dance+1","Infinite Blades","Discovery","Footwork+1","Tools of the Trade","Parasite","Dodge and Roll","Reflex+1","Skewer+1"],"relics":["Ring of the Snake","Bloody Idol","Pocketwatch","StrikeDummy","Ornamental Fan","HoveringKite","Molten Egg 2","Oddly Smooth Stone","White Beast Statue","MawBank","Old Coin","Pandora\u0027s Box","Chemical X","Singing Bowl","Meat on the Bone","Happy Flower","CeramicFish","Dream Catcher","Turnip","Lantern"],"acts_visited":["Exordium","TheCity","TheBeyond"],"potions_floor_usage":[50,50],"damage_taken":[{"damage":4.0,"enemies":"Jaw Worm","floor":1.0,"turns":6.0},{"damage":5.0,"enemies":"Small Slimes","floor":2.0,"turns":5.0},{"damage":0.0,"enemies":"2 Louse","floor":7.0,"turns":4.0},{"damage":0.0,"enemies":"2 Fungi Beasts","floor":10.0,"turns":3.0},{"damage":15.0,"enemies":"Lagavulin","floor":12.0,"turns":6.0},{"damage":12.0,"enemies":"3 Sentries","floor":14.0,"turns":8.0},{"damage":0.0,"enemies":"Hexaghost","floor":16.0,"turns":9.0},{"damage":0.0,"enemies":"Chosen","floor":18.0,"turns":6.0},{"damage":0.0,"enemies":"3 Byrds","floor":19.0,"turns":3.0},{"damage":0.0,"enemies":"Centurion and Healer","floor":21.0,"turns":6.0},{"damage":6.0,"enemies":"Snecko","floor":22.0,"turns":5.0},{"damage":2.0,"enemies":"Gremlin Leader","floor":23.0,"turns":7.0},{"damage":7.0,"enemies":"Book of Stabbing","floor":25.0,"turns":8.0},{"damage":0.0,"enemies":"Snake Plant","floor":27.0,"turns":4.0},{"damage":0.0,"enemies":"Slavers","floor":28.0,"turns":8.0},{"damage":0.0,"enemies":"Chosen and Byrds","floor":29.0,"turns":8.0},{"damage":9.0,"enemies":"Centurion and Healer","floor":30.0,"turns":5.0},{"damage":31.0,"enemies":"Collector","floor":33.0,"turns":11.0},{"damage":34.0,"enemies":"3 Shapes","floor":35.0,"turns":3.0},{"damage":0.0,"enemies":"3 Darklings","floor":37.0,"turns":3.0},{"damage":29.0,"enemies":"Giant Head","floor":40.0,"turns":8.0},{"damage":1.0,"enemies":"Maw","floor":42.0,"turns":7.0},{"damage":0.0,"enemies":"Nemesis","floor":44.0,"turns":7.0},{"damage":47.0,"enemies":"Giant Head","floor":46.0,"turns":9.0},{"damage":11.0,"enemies":"Writhing Mass","floor":47.0,"turns":6.0},{"damage":14.0,"enemies":"Nemesis","floor":48.0,"turns":7.0},{"damage":47,"enemies":"Time Eater","floor":50,"turns":15}],"seed_played":"-5322212697772363292","potions_obtained":[{"floor":2.0,"key":"AttackPotion"},{"floor":10.0,"key":"Block Potion"},{"floor":12.0,"key":"CunningPotion"},{"floor":14.0,"key":"DistilledChaos"},{"floor":19.0,"key":"BlessingOfTheForge"},{"floor":22.0,"key":"SkillPotion"},{"floor":27.0,"key":"Weak Potion"},{"floor":28.0,"key":"Energy Potion"},{"floor":30.0,"key":"Swift Potion"},{"floor":33.0,"key":"SkillPotion"},{"floor":35.0,"key":"Poison Potion"},{"floor":37.0,"key":"Energy Potion"},{"floor":40.0,"key":"SkillPotion"},{"floor":42.0,"key":"ColorlessPotion"},{"floor":46.0,"key":"SpeedPotion"},{"floor":47.0,"key":"Energy Potion"}],"is_trial":false,"path_per_floor":["M","M","?","$","?","R","M","R","T","M","R","E","R","E","R","B",null,"M","M","$","M","M","E","R","E","T","M","E","M","M","?","R","B",null,"M","?","M","?","$","E","R","M","T","E","R","E","M","E","R","B",null],"character_chosen":"THE_SILENT","items_purchased":["HandOfGreed","Molten Egg 2","PanicButton","Chemical X","Singing Bowl","Meat on the Bone","Discovery"],"campfire_rested":2,"item_purchase_floors":[4,20,20,39,39,39,39],"current_hp_per_floor":[55,50,39,39,39,39,39,39,39,39,39,24,24,12,12,12,48,48,48,48,48,42,40,40,33,33,33,33,33,24,24,47,31,54,35,40,50,55,57,47,47,53,53,61,61,36,52,53,61,26],"gold":306,"neow_bonus":"HUNDRED_GOLD","is_daily":false,"chose_seed":false,"campfire_upgraded":8,"win_rate":0.0,"timestamp":1612760553,"path_taken":["M","M","?","$","?","R","M","R","T","?","R","E","R","E","R","BOSS","M","M","$","M","M","E","R","E","T","M","E","M","M","?","R","BOSS","M","?","M","?","$","E","R","M","T","E","R","E","M","E","R","BOSS"],"items_purchased_type":["Card","Relic","Card","Relic","Relic","Relic","Card"],"build_version":"2020-12-22","purchased_purges":3,"victory":true,"max_hp_per_floor":[66,66,66,66,60,60,60,60,60,60,60,60,60,60,60,60,60,60,60,60,60,60,60,60,60,60,60,60,60,60,60,60,60,60,60,60,60,57,57,59,59,61,61,61,61,61,61,61,61,61],"relic_stats":{"Singing Bowl":4,"Happy Flower":[17],"counters":[27,177],"CeramicFish":54,"HoveringKite":[91],"MawBank":156,"Dream Catcher":1,"Ornamental Fan":[424],"Bloody Idol":120,"Pandora\u0027s Box":["Sucker Punch","Envenom","Infinite Blades","Dagger Throw","Skewer","Tactician","Crippling Poison","Deflect"],"Turnip":[0],"Chemical X":[10],"obtain_stats":[{"Lantern":48,"Singing Bowl":39,"Happy Flower":40,"Golden Idol":5,"CeramicFish":43,"HoveringKite":17,"Oddly Smooth Stone":23,"MawBank":26,"White Beast Statue":25,"Old Coin":28,"Dream Catcher":44,"Ornamental Fan":14,"Bloody Idol":31,"Molten Egg 2":20,"Pandora\u0027s Box":34,"Turnip":46,"Chemical X":39,"StrikeDummy":12,"Ring of the Snake":0,"Pocketwatch":9,"Meat on the Bone":39},{"Lantern":26,"Singing Bowl":20,"Happy Flower":21,"Golden Idol":2,"CeramicFish":22,"HoveringKite":7,"Oddly Smooth Stone":12,"MawBank":13,"White Beast Statue":13,"Old Coin":15,"Dream Catcher":23,"Ornamental Fan":6,"Bloody Idol":17,"Molten Egg 2":9,"Pandora\u0027s Box":18,"Turnip":24,"Chemical X":20,"StrikeDummy":5,"Ring of the Snake":0,"Pocketwatch":3,"Meat on the Bone":20},{"Lantern":162,"Singing Bowl":118,"Happy Flower":126,"Golden Idol":11,"CeramicFish":133,"HoveringKite":41,"Oddly Smooth Stone":68,"MawBank":76,"White Beast Statue":76,"Old Coin":88,"Dream Catcher":140,"Ornamental Fan":32,"Bloody Idol":101,"Molten Egg 2":50,"Pandora\u0027s Box":112,"Turnip":149,"Chemical X":118,"StrikeDummy":24,"Ring of the Snake":0,"Pocketwatch":15,"Meat on the Bone":118}],"Ring of the Snake":[54],"Pocketwatch":[93],"Meat on the Bone":48},"card_choices":[{"not_picked":["Dodge and Roll","Acrobatics"],"picked":"Underhanded Strike","floor":1.0},{"not_picked":["Prepared","Choke","Flechettes"],"picked":"SKIP","floor":2.0},{"not_picked":["Heel Hook","Acrobatics"],"picked":"Cloak And Dagger","floor":7.0},{"not_picked":["Expertise","Flying Knee"],"picked":"Cloak And Dagger","floor":10.0},{"not_picked":["Infinite Blades","Die Die Die"],"picked":"Malaise","floor":12.0},{"not_picked":["Slice","Backflip"],"picked":"Prepared","floor":14.0},{"not_picked":["Unload","Tools of the Trade"],"picked":"Corpse Explosion","floor":16.0},{"not_picked":["Tactician","Outmaneuver+1"],"picked":"Prepared","floor":18.0},{"not_picked":["Caltrops+1","Quick Slash"],"picked":"Blade Dance","floor":19.0},{"not_picked":["Outmaneuver","PiercingWail"],"picked":"Underhanded Strike+1","floor":21.0},{"not_picked":["Sucker Punch+1","Storm of Steel"],"picked":"Acrobatics","floor":22.0},{"not_picked":["Slice+1","Outmaneuver"],"picked":"Choke+1","floor":23.0},{"not_picked":["Expertise","Blade Dance"],"picked":"Well Laid Plans","floor":25.0},{"not_picked":["Escape Plan","Deadly Poison"],"picked":"Acrobatics+1","floor":27.0},{"not_picked":["Bane+1","Outmaneuver"],"picked":"PiercingWail","floor":28.0},{"not_picked":["A Thousand Cuts","Infinite Blades"],"picked":"Bouncing Flask+1","floor":29.0},{"not_picked":["Riddle With Holes+1","PiercingWail"],"picked":"Bane+1","floor":30.0},{"not_picked":["Malaise","Envenom"],"picked":"After Image","floor":33.0},{"not_picked":["Prepared","Dagger Throw+1"],"picked":"Blade Dance+1","floor":35.0},{"not_picked":["Poisoned Stab+1","Deflect"],"picked":"Infinite Blades","floor":37.0},{"not_picked":["Concentrate","Quick Slash+1","Flechettes+1"],"picked":"Singing Bowl","floor":40.0},{"not_picked":["Blade Dance+1","Sucker Punch+1","Acrobatics"],"picked":"Singing Bowl","floor":42.0},{"not_picked":["Endless Agony+1","Dodge and Roll"],"picked":"Footwork+1","floor":44.0},{"not_picked":["Prepared+1","Noxious Fumes"],"picked":"Tools of the Trade","floor":46.0},{"not_picked":["Cloak And Dagger","Blade Dance"],"picked":"Dodge and Roll","floor":47.0},{"not_picked":["Dodge and Roll","Acrobatics"],"picked":"Reflex+1","floor":48.0},{"not_picked":["Dagger Spray+1","Quick Slash+1"],"picked":"Skewer+1","floor":49.0}],"player_experience":416268,"relics_obtained":[{"floor":9.0,"key":"Pocketwatch"},{"floor":12.0,"key":"StrikeDummy"},{"floor":14.0,"key":"Ornamental Fan"},{"floor":23.0,"key":"Oddly Smooth Stone"},{"floor":25.0,"key":"White Beast Statue"},{"floor":26.0,"key":"MawBank"},{"floor":28.0,"key":"Old Coin"},{"floor":40.0,"key":"Happy Flower"},{"floor":43.0,"key":"CeramicFish"},{"floor":44.0,"key":"Dream Catcher"},{"floor":46.0,"key":"Turnip"},{"floor":48.0,"key":"Lantern"}],"event_choices":[{"damage_healed":0.0,"max_hp_gain":0.0,"max_hp_loss":0.0,"gold_gain":75.0,"event_name":"World of Goop","player_choice":"Gather Gold","floor":3.0,"gold_loss":0.0,"damage_taken":11.0},{"damage_healed":0.0,"max_hp_gain":0.0,"max_hp_loss":6.0,"gold_gain":0.0,"event_name":"Golden Idol","player_choice":"Lose Max HP","floor":5.0,"gold_loss":0.0,"damage_taken":0.0,"relics_obtained":["Golden Idol"]},{"damage_healed":0.0,"max_hp_gain":0.0,"max_hp_loss":0.0,"gold_gain":0.0,"event_name":"Forgotten Altar","player_choice":"Gave Idol","floor":31.0,"relics_lost":["Golden Idol"],"gold_loss":0.0,"damage_taken":0.0,"relics_obtained":["Bloody Idol"]},{"cards_removed":["Prepared"],"damage_healed":0.0,"max_hp_gain":0.0,"max_hp_loss":0.0,"gold_gain":0.0,"event_name":"Falling","player_choice":"Removed Skill","floor":36.0,"gold_loss":0.0,"damage_taken":0.0},{"damage_healed":0.0,"max_hp_gain":0.0,"max_hp_loss":3.0,"gold_gain":0.0,"event_name":"Winding Halls","player_choice":"Max HP","floor":38.0,"gold_loss":0.0,"damage_taken":0.0}],"is_beta":false,"boss_relics":[{"not_picked":["Snecko Eye","Astrolabe"],"picked":"HoveringKite"},{"not_picked":["Runic Pyramid","Runic Dome"],"picked":"Pandora\u0027s Box"}],"items_purged_floors":[4,20,39],"is_endless":false,"potions_floor_spawned":[2,10,12,14,19,22,27,28,29,30,33,35,37,40,42,44,46,47,48],"ascension_level":16}}