{"host":"w6ebodudjlk2jwu4","time":1612767082,"event":{"mods":["Act Like it!","Bard","BaseMod","Beaked The Cultist","Colored Map","Conspire","Glutton Mod","Halation","Hermit","Highlight Path","Infinite Spire","Jorbs\u0027s Wanderer Trilogy","Koishi","Mad Scientist","Marisa????????","Minty Spire (QoL Compilation)","Relic Stats","Replay The Spire","Robot Space Explorer","Spire Arcade","StSLib","The Administrix","The Blue Laboratory","The Bug Knight","The Construct","The Cursed","The Kombatant","The Marked","The Mystic","The Servant 0.9.4","The Witch","Wandering Minibosses"],"gold_per_floor":[109,126,126,6,21,55,75,75,128,147,176,176,208,192,192,291,291,311,311,324,336,356,381,400,425,425,451,461,461,461,472,472,567,617,634,634,634],"floor_reached":36,"language":"ENG","playtime":6610,"items_purged":[],"score":679,"play_id":"589faa11-a186-418a-a0fb-3166c6a23a54","local_time":"20210207225122","is_ascension_mode":true,"campfire_choices":[{"data":"FlawlessForm","floor":8,"key":"SMITH"},{"data":"MoonPhase","floor":12,"key":"SMITH"},{"data":"SurpressingFire","floor":15,"key":"SMITH"},{"data":"MoonPhase","floor":29,"key":"SMITH"},{"data":"infinitespire:Fortify","floor":32,"key":"SMITH"}],"circlet_count":0,"master_deck":["Strike_S","Strike_S","Strike_S","Defend_S","Defend_S","Defend_S","Defend_S","KidneyShot","Exchange","ForgedInTime","SurpressingFire+1","FastForward","FlawlessForm+1","Potential","DoubleEdge","Barrier","Alleviate","MoonPhase+1","Sabotage","Solidify","Ricochet","TheWorld","Spin","Misdirection","MoonPhase+1","Potential+1","ShatteredReality+1","infinitespire:Fortify+1","Read","Defy+1","Moonlight","Gouge+1","LightFlow","Barrier","Misdirection+1"],"relics":["Uniform","Garlic","Bag of Marbles","infinitespire:PuzzleCube","Gremlin Horn","Runic Pyramid","infinitespire:Broken Mirror","Simple Rune","Nunchaku","Tiny House"],"acts_visited":["Exordium","TheCity","TheBeyond"],"potions_floor_usage":[6,21,25],"damage_taken":[{"damage":0,"enemies":"Cultist","floor":1,"turns":4},{"damage":8,"enemies":"Jaw Worm","floor":2,"turns":5},{"damage":0,"enemies":"Small Slimes","floor":5,"turns":5},{"damage":21,"enemies":"3 Sentries","floor":6,"turns":8},{"damage":0,"enemies":"3 Louse","floor":7,"turns":5},{"damage":0,"enemies":"Blue Slaver","floor":10,"turns":5},{"damage":0,"enemies":"Gremlin Nob","floor":11,"turns":9},{"damage":0,"enemies":"Lagavulin","floor":13,"turns":10},{"damage":1,"enemies":"Exordium Thugs","floor":14,"turns":4},{"damage":3,"enemies":"Slime Boss","floor":16,"turns":19},{"damage":0,"enemies":"3 Byrds","floor":18,"turns":6},{"damage":0,"enemies":"conspire:FuzzyDice","floor":20,"turns":7},{"damage":0,"enemies":"Shelled Parasite and Fungi","floor":21,"turns":8},{"damage":0,"enemies":"Snecko","floor":22,"turns":8},{"damage":0,"enemies":"Gremlin Leader","floor":23,"turns":8},{"damage":0,"enemies":"Centurion and Healer","floor":24,"turns":9},{"damage":0,"enemies":"Nightmare","floor":25,"turns":9},{"damage":0,"enemies":"conspire:SneckoGhost","floor":27,"turns":13},{"damage":0,"enemies":"conspire:HollyBat","floor":28,"turns":9},{"damage":0,"enemies":"Sentry and Sphere","floor":31,"turns":7},{"damage":0,"enemies":"Champ","floor":33,"turns":13},{"damage":0,"enemies":"3 Shapes","floor":35,"turns":7},{"damage":9,"enemies":"infinitespire:Three Voidlings","floor":36,"turns":7},{"damage":78,"enemies":"Nightmare_Alpha","floor":36,"turns":19}],"seed_played":"5715025022234575829","potions_obtained":[{"floor":2,"key":"Explosive Potion"},{"floor":5,"key":"Milkshake"},{"floor":7,"key":"GamblersBrew"},{"floor":11,"key":"Elixir"},{"floor":16,"key":"blueLaboratory:PhilterOfMotion"},{"floor":18,"key":"Languid Potion"},{"floor":21,"key":"BlessingOfTheForge"},{"floor":23,"key":"Ancient Potion"},{"floor":27,"key":"AttackPotion"},{"floor":33,"key":"Fire Potion"},{"floor":34,"key":"blueLaboratory:HeartbeatPotion"}],"is_trial":false,"path_per_floor":["M","M","?","$","M","E","M","R","T","M","E","R","E","M","R","B",null,"M","?","M","M","M","E","M","NM","T","E","M","R","?","M","R","B",null,"M","?"],"character_chosen":"THE_SERVANT","items_purchased":["FlawlessForm","Potential"],"campfire_rested":0,"item_purchase_floors":[4,4],"current_hp_per_floor":[65,57,57,57,57,36,36,36,36,36,36,36,36,35,35,32,65,65,65,65,65,65,65,65,65,65,65,65,65,65,65,65,65,70,70,0,0],"gold":634,"neow_bonus":"ONE_RANDOM_RARE_CARD","is_daily":false,"chose_seed":false,"campfire_upgraded":5,"win_rate":0.0,"timestamp":1612767082,"path_taken":["M","M","?","$","M","E","M","R","T","M","E","R","E","M","R","BOSS","M","?","M","?","M","E","M","NM","T","E","M","R","?","M","R","BOSS","M","?"],"items_purchased_type":["Card","Card"],"build_version":"2020-12-22","purchased_purges":0,"victory":false,"max_hp_per_floor":[65,65,65,65,65,65,65,65,65,65,65,65,65,65,65,65,65,65,65,65,65,65,65,65,65,65,65,65,65,65,65,65,65,70,70,70,70],"relic_stats":{"Nunchaku":[10],"Gremlin Horn":[19,19],"counters":[24,204],"obtain_stats":[{"Nunchaku":27,"Tiny House":34,"Gremlin Horn":13,"infinitespire:Broken Mirror":25,"Simple Rune":26,"Uniform":0,"Garlic":6,"Bag of Marbles":9,"infinitespire:PuzzleCube":11,"Runic Pyramid":17},{"Nunchaku":18,"Tiny House":21,"Gremlin Horn":8,"infinitespire:Broken Mirror":17,"Simple Rune":17,"Uniform":0,"Garlic":4,"Bag of Marbles":5,"infinitespire:PuzzleCube":7,"Runic Pyramid":10},{"Nunchaku":142,"Tiny House":171,"Gremlin Horn":51,"infinitespire:Broken Mirror":129,"Simple Rune":129,"Uniform":0,"Garlic":22,"Bag of Marbles":27,"infinitespire:PuzzleCube":41,"Runic Pyramid":74}]},"card_choices":[{"not_picked":["ShatteredReality","Rewind"],"picked":"SurpressingFire","floor":1},{"not_picked":["DoubleEdge","Spin"],"picked":"FastForward","floor":2},{"not_picked":["Rewind","Potential"],"picked":"DoubleEdge","floor":5},{"not_picked":["Unruled","PendulumOfEternity"],"picked":"Barrier","floor":6},{"not_picked":["Reset","Starlight"],"picked":"Alleviate","floor":7},{"not_picked":["Advance","DoubleEdge"],"picked":"MoonPhase","floor":10},{"not_picked":["Desolation","Ricochet"],"picked":"Sabotage","floor":11},{"not_picked":["Sabotage","Unruled"],"picked":"Solidify","floor":13},{"not_picked":["ShatteredReality","FastForward"],"picked":"Ricochet","floor":14},{"not_picked":["FlawlessForm","Solidify"],"picked":"TheWorld","floor":16},{"not_picked":["DoubleEdge","Potential"],"picked":"Spin","floor":18},{"not_picked":["Rearm","StarChef"],"picked":"Misdirection","floor":20},{"not_picked":["Replace","Defy","Unruled"],"picked":"SKIP","floor":21},{"not_picked":["Barrier","ForgedInTime"],"picked":"MoonPhase","floor":22},{"not_picked":["ShatteredReality","DoubleEdge"],"picked":"Potential+1","floor":23},{"not_picked":["Misdirection","DoubleEdge"],"picked":"ShatteredReality","floor":24},{"not_picked":["infinitespire:Oblivion","ReplayTheSpireMod:Chaos Vortex"],"picked":"infinitespire:Fortify","floor":25},{"not_picked":["Defy","BottledTime"],"picked":"Read","floor":25},{"not_picked":["DoubleEdge","Starlight"],"picked":"Defy+1","floor":27},{"not_picked":["DoubleEdge","Replace"],"picked":"Moonlight","floor":28},{"not_picked":["Defy+1","ShatteredReality+1"],"picked":"Gouge+1","floor":31},{"not_picked":["MurderousAura","TheWorld"],"picked":"LightFlow","floor":33},{"not_picked":["Starlight+1","Rearm"],"picked":"Barrier","floor":34},{"not_picked":["Replace","DoubleEdge"],"picked":"Misdirection+1","floor":35}],"player_experience":176629,"relics_obtained":[{"floor":6,"key":"Garlic"},{"floor":9,"key":"Bag of Marbles"},{"floor":11,"key":"infinitespire:PuzzleCube"},{"floor":13,"key":"Gremlin Horn"},{"floor":25,"key":"infinitespire:Broken Mirror"},{"floor":26,"key":"Simple Rune"},{"floor":27,"key":"Nunchaku"}],"event_choices":[{"damage_healed":0,"gold_gain":0,"player_choice":"Disagree","damage_taken":0,"max_hp_gain":0,"max_hp_loss":0,"event_name":"conspire:LoneGhost","floor":3,"gold_loss":0},{"cards_removed":["Strike_S"],"damage_healed":0,"gold_gain":0,"player_choice":"Offered Basic","damage_taken":0,"max_hp_gain":0,"max_hp_loss":0,"event_name":"Bonfire Elementals","floor":19,"gold_loss":0}],"is_beta":false,"boss_relics":[{"not_picked":["Replay:Cursed D8","halation:PinkAlligatorPlush"],"picked":"Runic Pyramid"},{"not_picked":["halation:ForbiddenBikini","Replay:Drink Me"],"picked":"Tiny House"}],"items_purged_floors":[],"is_endless":true,"potions_floor_spawned":[2,5,7,11,16,18,21,23,27,33],"killed_by":"Nightmare_Alpha","ascension_level":1}}