{"host":"TheHustler","time":1612806653,"event":{"mods":["BaseMod","Block Reminder","Colored Map","Colored Powertips","Minty Spire (QoL Compilation)","Quick Restart","StSLib","SuperFastMode","Unceasing Turn Reminder"],"gold_per_floor":[110,11,26,26,46,46,56,56,56,90,90,108,30,46,46,145,145,160,174,174,194,209,209,235,235,287,287,287,317,317,327,327,327,327],"floor_reached":33,"language":"ENG","playtime":621,"items_purged":["Pain"],"score":287,"play_id":"0555f84e-e7e9-4b18-b39e-ab9562af9e0f","local_time":"20210208185053","is_ascension_mode":false,"campfire_choices":[{"data":"Doom and Gloom","floor":6,"key":"SMITH"},{"data":"Lockon","floor":8,"key":"SMITH"},{"data":"Zap","floor":11,"key":"SMITH"},{"data":"Coolheaded","floor":15,"key":"SMITH"},{"data":"Seek","floor":23,"key":"SMITH"},{"data":"Genetic Algorithm","floor":25,"key":"SMITH"},{"data":"FTL","floor":27,"key":"SMITH"},{"data":"Dualcast","floor":30,"key":"SMITH"},{"floor":32,"key":"REST"}],"circlet_count":0,"master_deck":["Strike_B","Strike_B","Strike_B","Strike_B","Defend_B","Defend_B","Defend_B","Zap+1","Dualcast+1","White Noise","Conserve Battery","Self Repair","Genetic Algorithm+1","Doom and Gloom+1","Lockon+1","Coolheaded+1","FTL+1","Seek+1","Sweeping Beam","Necronomicurse","Auto Shields+1"],"relics":["Cracked Core","Emotion Chip","Anchor","Mercury Hourglass","Nuclear Battery","Necronomicon","Bottled Tornado","Vajra","Incense Burner"],"acts_visited":["Exordium","TheCity"],"potions_floor_usage":[],"damage_taken":[{"damage":8,"enemies":"2 Louse","floor":1,"turns":3},{"damage":2,"enemies":"Cultist","floor":3,"turns":4},{"damage":1,"enemies":"Jaw Worm","floor":5,"turns":3},{"damage":7,"enemies":"2 Fungi Beasts","floor":7,"turns":3},{"damage":21,"enemies":"3 Sentries","floor":10,"turns":5},{"damage":0,"enemies":"3 Louse","floor":12,"turns":2},{"damage":7,"enemies":"Lots of Slimes","floor":14,"turns":3},{"damage":32,"enemies":"The Guardian","floor":16,"turns":6},{"damage":0,"enemies":"Spheric Guardian","floor":18,"turns":3},{"damage":5,"enemies":"3 Byrds","floor":19,"turns":3},{"damage":4,"enemies":"Cultist and Chosen","floor":21,"turns":4},{"damage":6,"enemies":"Snake Plant","floor":22,"turns":3},{"damage":21,"enemies":"Slavers","floor":24,"turns":3},{"damage":25,"enemies":"Gremlin Leader","floor":29,"turns":4},{"damage":8,"enemies":"Centurion and Healer","floor":31,"turns":4},{"damage":53,"enemies":"Automaton","floor":33,"turns":6}],"seed_played":"335959702547767389","potions_obtained":[{"floor":1,"key":"EntropicBrew"},{"floor":10,"key":"Weak Potion"},{"floor":12,"key":"Ancient Potion"},{"floor":31,"key":"Dexterity Potion"}],"is_trial":false,"path_per_floor":["M","$","M","?","M","R","M","R","T","E","R","M","$","M","R","B",null,"M","M","?","M","M","R","E","R","T","R","?","E","R","M","R","B"],"character_chosen":"DEFECT","items_purchased":["Conserve Battery","FTL"],"campfire_rested":1,"item_purchase_floors":[2,13],"current_hp_per_floor":[67,67,65,65,71,71,71,71,71,57,57,64,64,57,57,32,75,75,75,59,62,63,63,49,49,49,49,49,31,31,30,52,0,0],"gold":327,"neow_bonus":"ONE_RARE_RELIC","is_daily":false,"chose_seed":false,"campfire_upgraded":8,"win_rate":0.0,"timestamp":1612806653,"path_taken":["M","$","M","?","M","R","?","R","T","E","R","?","$","M","R","BOSS","M","M","?","M","M","R","E","R","T","R","?","E","R","M","R","BOSS"],"items_purchased_type":["Card","Card"],"build_version":"2020-12-18","purchased_purges":1,"victory":false,"max_hp_per_floor":[75,75,75,75,75,75,75,75,75,75,75,75,75,75,75,75,75,75,75,75,75,75,75,75,75,75,75,75,75,75,75,75,75,75],"card_choices":[{"not_picked":["Gash","Barrage"],"picked":"White Noise","floor":1},{"not_picked":["Beam Cell","Reinforced Body"],"picked":"Self Repair","floor":3},{"not_picked":["Steam","Fusion"],"picked":"Doom and Gloom","floor":5},{"not_picked":["Reprogram","Static Discharge"],"picked":"Lockon","floor":7},{"not_picked":["Streamline","Go for the Eyes","Beam Cell"],"picked":"SKIP","floor":10},{"not_picked":["Gash","Double Energy"],"picked":"Coolheaded","floor":12},{"not_picked":["Reinforced Body","Rebound","Consume"],"picked":"SKIP","floor":14},{"not_picked":["Multi-Cast","Buffer"],"picked":"Seek","floor":16},{"not_picked":["Double Energy","Steam","Consume"],"picked":"SKIP","floor":18},{"not_picked":["Rip and Tear","Compile Driver"],"picked":"Sweeping Beam","floor":19},{"not_picked":["Beam Cell","Cold Snap","Gash+1"],"picked":"SKIP","floor":21},{"not_picked":["Tempest","Heatsinks","Gash"],"picked":"SKIP","floor":22},{"not_picked":["Melter","Conserve Battery+1"],"picked":"Auto Shields+1","floor":24},{"not_picked":["Self Repair","Steam+1","Go for the Eyes+1"],"picked":"SKIP","floor":29},{"not_picked":["Lockon","Aggregate","Sweeping Beam+1"],"picked":"SKIP","floor":31}],"player_experience":668085,"relics_obtained":[{"floor":9,"key":"Anchor"},{"floor":10,"key":"Mercury Hourglass"},{"floor":20,"key":"Necronomicon"},{"floor":24,"key":"Bottled Tornado"},{"floor":26,"key":"Vajra"},{"floor":29,"key":"Incense Burner"}],"event_choices":[{"damage_healed":0,"gold_gain":0,"cards_transformed":["Defend_B"],"player_choice":"Transformed","damage_taken":0,"max_hp_gain":0,"max_hp_loss":0,"event_name":"Transmorgrifier","floor":4,"gold_loss":0,"cards_obtained":["Genetic Algorithm"]},{"damage_healed":0,"gold_gain":0,"player_choice":"Obtained Book","damage_taken":16,"max_hp_gain":0,"max_hp_loss":0,"event_name":"Cursed Tome","floor":20,"gold_loss":0},{"damage_healed":0,"gold_gain":0,"player_choice":"Ignored","damage_taken":0,"max_hp_gain":0,"max_hp_loss":0,"event_name":"Vampires","floor":28,"gold_loss":0}],"is_beta":true,"boss_relics":[{"not_picked":["SacredBark","Snecko Eye"],"picked":"Nuclear Battery"}],"items_purged_floors":[2],"is_endless":false,"potions_floor_spawned":[1,10,12,14,21,22,29,31],"killed_by":"Automaton","ascension_level":0}}