{"host":"2r70pi9mmcwi9gz4","time":1612808161,"event":{"mods":["AchievementEnabler","BaseMod","Colored Map","Colored Powertips","Minty Spire (QoL Compilation)","Permanent Neow","Quick Restart","StSLib"],"gold_per_floor":[114,132,132,132,57,57,101,122,122,122,147,167,180,194,194,320,320,313,112,112,112,112,112,133,109,133,158,158,189,17,42,42,42,42],"floor_reached":33,"language":"ENG","playtime":1560,"items_purged":["Injury","Storm"],"score":292,"play_id":"1fcb1c97-bbbf-4c56-86c6-e176a95b355f","local_time":"20210208201601","is_ascension_mode":false,"campfire_choices":[{"floor":6,"key":"REST"},{"floor":10,"key":"REST"},{"floor":15,"key":"REST"},{"floor":23,"key":"REST"},{"floor":28,"key":"REST"},{"floor":32,"key":"REST"}],"circlet_count":0,"master_deck":["Strike_B","Strike_B","Strike_B","Strike_B","Defend_B","Defend_B","Defend_B","Defend_B","Zap+1","Dualcast","Ball Lightning","Redo","Steam","Capacitor","Thunder Strike","Redo","Rebound","Machine Learning","Ball Lightning","Necronomicurse","Go for the Eyes+1","Steam","Reinforced Body+1","Sweeping Beam+1","Streamline+1","Auto Shields+1"],"relics":["Cracked Core","Potion Belt","Golden Idol","Mango","Gremlin Horn","Fusion Hammer","Molten Egg 2","Necronomicon","Regal Pillow","Tiny Chest","Boot"],"acts_visited":["Exordium","TheCity"],"potions_floor_usage":[16,16,17,27,29,29],"damage_taken":[{"damage":3,"enemies":"Jaw Worm","floor":1,"turns":3},{"damage":5,"enemies":"2 Louse","floor":2,"turns":2},{"damage":21,"enemies":"Lagavulin","floor":7,"turns":5},{"damage":1,"enemies":"Cultist","floor":8,"turns":3},{"damage":14,"enemies":"Blue Slaver","floor":11,"turns":4},{"damage":0,"enemies":"Looter","floor":12,"turns":3},{"damage":52,"enemies":"Gremlin Gang","floor":13,"turns":5},{"damage":1,"enemies":"3 Louse","floor":14,"turns":2},{"damage":13,"enemies":"Slime Boss","floor":16,"turns":8},{"damage":41,"enemies":"2 Thieves","floor":18,"turns":5},{"damage":39,"enemies":"3 Byrds","floor":24,"turns":5},{"damage":31,"enemies":"Snake Plant","floor":27,"turns":4},{"damage":58,"enemies":"Slavers","floor":29,"turns":6},{"damage":2,"enemies":"Chosen and Byrds","floor":31,"turns":4},{"damage":84,"enemies":"Automaton","floor":33,"turns":6}],"seed_played":"6726075845818556933","potions_obtained":[{"floor":7,"key":"Dexterity Potion"},{"floor":8,"key":"FearPotion"},{"floor":13,"key":"Block Potion"},{"floor":16,"key":"Fruit Juice"},{"floor":27,"key":"Weak Potion"},{"floor":31,"key":"Energy Potion"}],"is_trial":false,"path_per_floor":["M","M","?","?","$","R","E","M","T","R","M","M","M","M","R","B",null,"M","$","?","?","?","R","M","$","T","M","R","E","$","M","R","B"],"character_chosen":"DEFECT","items_purchased":["Fruit Juice","Steam","Boot","Streamline+1"],"campfire_rested":6,"item_purchase_floors":[19,25,30,30],"current_hp_per_floor":[72,67,67,67,67,75,68,67,67,89,75,75,23,22,48,35,94,53,53,84,84,68,94,55,55,55,29,73,15,15,13,57,0,0],"gold":42,"neow_bonus":"RANDOM_COMMON_RELIC","is_daily":false,"chose_seed":false,"campfire_upgraded":0,"win_rate":0.0,"timestamp":1612808161,"path_taken":["M","M","?","?","$","R","E","M","T","R","M","M","M","M","R","BOSS","M","$","?","?","?","R","M","?","T","M","R","E","$","M","R","BOSS"],"items_purchased_type":["Potion","Card","Relic","Card"],"build_version":"2020-12-22","purchased_purges":2,"victory":false,"max_hp_per_floor":[75,75,75,75,75,75,89,89,89,89,89,89,89,89,89,89,94,94,94,94,94,94,94,94,94,94,99,99,99,99,99,99,99,99],"card_choices":[{"not_picked":["Gash","Genetic Algorithm"],"picked":"Ball Lightning","floor":1},{"not_picked":["Sweeping Beam","Hologram"],"picked":"Redo","floor":2},{"not_picked":["Streamline","Sweeping Beam"],"picked":"Steam","floor":7},{"not_picked":["Force Field","Leap"],"picked":"Capacitor","floor":8},{"not_picked":["Barrage","Compile Driver"],"picked":"Storm","floor":11},{"not_picked":["Chaos","Go for the Eyes"],"picked":"Thunder Strike","floor":12},{"not_picked":["Stack","Gash"],"picked":"Redo","floor":13},{"not_picked":["Blizzard","Gash"],"picked":"Rebound","floor":14},{"not_picked":["Reboot","Buffer"],"picked":"Machine Learning","floor":16},{"not_picked":["Consume","Compile Driver"],"picked":"Ball Lightning","floor":18},{"not_picked":["Gash+1","Reinforced Body"],"picked":"Go for the Eyes+1","floor":24},{"not_picked":["Consume","Skim"],"picked":"Reinforced Body+1","floor":27},{"not_picked":["Barrage+1","Heatsinks+1"],"picked":"Sweeping Beam+1","floor":29},{"not_picked":["Hologram+1","White Noise"],"picked":"Auto Shields+1","floor":31}],"player_experience":33286,"relics_obtained":[{"floor":7,"key":"Mango"},{"floor":9,"key":"Gremlin Horn"},{"floor":22,"key":"Necronomicon"},{"floor":26,"key":"Regal Pillow"},{"floor":29,"key":"Tiny Chest"}],"event_choices":[{"damage_healed":0,"gold_gain":0,"player_choice":"Take Wound","damage_taken":0,"relics_obtained":["Golden Idol"],"max_hp_gain":0,"max_hp_loss":0,"event_name":"Golden Idol","floor":3,"gold_loss":0,"cards_obtained":["Injury"]},{"damage_healed":0,"gold_gain":0,"player_choice":"Upgraded","damage_taken":0,"max_hp_gain":0,"max_hp_loss":0,"event_name":"Upgrade Shrine","floor":4,"gold_loss":0,"cards_upgraded":["Zap"]},{"damage_healed":31,"gold_gain":0,"player_choice":"Heal","damage_taken":0,"max_hp_gain":0,"max_hp_loss":0,"event_name":"The Library","floor":20,"gold_loss":0},{"damage_healed":0,"gold_gain":0,"player_choice":"Opened","damage_taken":0,"relics_obtained":["Molten Egg 2"],"max_hp_gain":0,"max_hp_loss":0,"event_name":"The Mausoleum","floor":21,"gold_loss":0},{"damage_healed":0,"gold_gain":0,"player_choice":"Obtained Book","damage_taken":16,"max_hp_gain":0,"max_hp_loss":0,"event_name":"Cursed Tome","floor":22,"gold_loss":0}],"is_beta":false,"boss_relics":[{"not_picked":["Empty Cage","Runic Dome"],"picked":"Fusion Hammer"}],"items_purged_floors":[5,19],"is_endless":false,"potions_floor_spawned":[7,8,13,16,27,31],"killed_by":"Automaton","ascension_level":0}}