{"host":"2eu1om2m922xjaug","time":1612757789,"event":{"mods":["Act Like it!","Arknights","BaseMod","Friendly Minions","Gensokyo","Highlight Path","KinomotoSakuraMod(Ä¾Ö®±¾Ó£)","Kiyohime£¨Çå¼§£©","KomeijiMod","Marisa£¨ìFÓê¡¡Ä§ÀíÉ³£©","Minty Spire (QoL Compilation)","Pale of the Ancients","Prisma Mod","Reimu£¨²©ÀöÁéÃÎ£©","RumiaBox-Â¶Ã×æ«µÄÉñÃØºÐ×Ó","Shop Mod","StSLib","TestMod","Waifu the Spire","Youmu£¨»êÆÇÑýÃÎ£©"],"gold_per_floor":[114,127,90,90,101,130,130,161,161,178,196,132,132,163,163,558,558,569,588,588,588,599,625,625,625,625,638,638,650,650,663,663,663,663],"floor_reached":33,"language":"ZHS","playtime":1650,"items_purged":[],"score":387,"play_id":"8474aef7-ca6c-4098-9746-38bcfd11921e","local_time":"20210208121629","is_ascension_mode":false,"campfire_choices":[{"floor":7,"key":"REST"},{"data":"ats:Closed Bolt Burst Fire","floor":13,"key":"SMITH"},{"data":"ats:Flame Of Heaven","floor":15,"key":"SMITH"},{"data":"ats:Wolf Pack","floor":24,"key":"SMITH"},{"floor":28,"key":"REST"},{"data":"RitualDagger","floor":30,"key":"SMITH"},{"floor":32,"key":"REST"}],"circlet_count":0,"master_deck":["ats:Strike C","ats:Strike G","ats:Strike S","ats:Armor Crushing Shot","ats:Defend","ats:Defend","ats:Emotion Absorption","ats:Overload","ats:Revitalization","ats:Closed Bolt Burst Fire+1","ats:Fractured Body","ats:Wolf Pack+1","RitualDagger+1","ats:Song Of Battle","ats:Apocalypse+1","ats:Rapid Magazine","ats:Directed Diagnosis+1","ats:Thorns+1","ats:LN2 Cannon"],"relics":["ats:Sanity","testmod-TestBox","testmod-CardMagician","testmod-ConstraintPeriapt","Gensokyo:CelestialsFlawlessClothing","ats:Originium","ats:Lavender","White Beast Statue","Eternal Feather","Toy Ornithopter","testmod-Temperance","Toxic Egg 2"],"acts_visited":["Gensokyo:Gensokyo","TheCity"],"potions_floor_usage":[6,14,14,14,16,22,22,22,23,27,29,33,33],"damage_taken":[{"damage":7,"enemies":"Gensokyo:Gryphon","floor":1,"turns":3},{"damage":0,"enemies":"Gensokyo:3_Fairies","floor":2,"turns":2},{"damage":0,"enemies":"Gensokyo:2_Kodama","floor":5,"turns":3},{"damage":13,"enemies":"Gensokyo:Mamizou","floor":6,"turns":7},{"damage":17,"enemies":"Gensokyo:Aya","floor":8,"turns":4},{"damage":0,"enemies":"Gensokyo:5_Fairies","floor":10,"turns":2},{"damage":15,"enemies":"Gensokyo:Gryphon_and_Rabbit","floor":11,"turns":3},{"damage":20,"enemies":"Gensokyo:Mamizou","floor":14,"turns":7},{"damage":76,"enemies":"Gensokyo:Yukari","floor":16,"turns":13},{"damage":27,"enemies":"Spheric Guardian","floor":18,"turns":4},{"damage":21,"enemies":"3 Byrds","floor":19,"turns":6},{"damage":21,"enemies":"Snecko","floor":22,"turns":6},{"damage":75,"enemies":"Gremlin Leader","floor":23,"turns":9},{"damage":103,"enemies":"3 Cultists","floor":27,"turns":8},{"damage":40,"enemies":"Cultist and Chosen","floor":29,"turns":7},{"damage":37,"enemies":"Chosen and Byrds","floor":31,"turns":6},{"damage":207,"enemies":"Collector","floor":33,"turns":17}],"seed_played":"9104026010753650939","potions_obtained":[{"floor":2,"key":"Fire Potion"},{"floor":6,"key":"AttackPotion"},{"floor":10,"key":"Explosive Potion"},{"floor":11,"key":"Energy Potion"},{"floor":14,"key":"Weak Potion"},{"floor":16,"key":"ats:Emergency Sanity Potion"},{"floor":18,"key":"AttackPotion"},{"floor":19,"key":"MagicPotion:ReiMu"},{"floor":22,"key":"Explosive Potion"},{"floor":23,"key":"BlessingOfTheForge"},{"floor":27,"key":"Regen Potion"},{"floor":29,"key":"Strength Potion"},{"floor":31,"key":"ats:Top Emergency Sanity Potion"}],"is_trial":false,"path_per_floor":["M","M","$","?","M","E","R","E","T","M","M","COS","R","?","R","B",null,"M","M","?","?","M","E","R","?","T","M","R","M","R","M","R","B"],"character_chosen":"DOCTOR_CLASS","items_purchased":["ats:Overload"],"campfire_rested":3,"item_purchase_floors":[3],"current_hp_per_floor":[58,60,60,44,45,37,56,50,50,56,50,50,59,56,65,11,65,42,40,34,34,36,56,65,65,65,1,29,34,43,19,47,0,0],"gold":663,"neow_bonus":"ONE_RARE_RELIC","is_daily":false,"chose_seed":false,"campfire_upgraded":4,"win_rate":0.0,"timestamp":1612757789,"path_taken":["M","M","$","?","M","E","R","E","T","M","M","COS","R","?","R","BOSS","M","M","?","?","?","E","R","?","T","M","R","M","R","M","R","BOSS"],"items_purchased_type":["Card"],"build_version":"2020-12-22","purchased_purges":0,"victory":false,"max_hp_per_floor":[65,65,65,65,65,65,65,65,65,65,65,65,65,65,65,65,65,65,65,65,65,65,65,65,65,65,65,65,65,65,65,65,65,65],"card_choices":[{"not_picked":["ats:Curse Doll","ats:Guard Mode","ats:Very Hot Blade"],"picked":"SKIP","floor":1},{"not_picked":["ats:Chain Hook","ats:Neurotoxin"],"picked":"ats:Flame Of Heaven","floor":2},{"not_picked":["ats:Chain Hook","ats:Literary Storm","ats:Assault Order"],"picked":"SKIP","floor":5},{"not_picked":["ats:Consecutive Shot Auto","ats:Magnetic Hammer"],"picked":"ats:Revitalization","floor":6},{"not_picked":["ats:Serious Mode","ats:Leaping Hammer","ats:Thermite Blade"],"picked":"SKIP","floor":8},{"not_picked":["ats:Thermite Blade","ats:Hammer On"],"picked":"ats:Closed Bolt Burst Fire","floor":10},{"not_picked":["ats:Overload","ats:Very Hot Blade","ats:Explosion Area Strengthen"],"picked":"SKIP","floor":11},{"not_picked":["ats:Defend Order","ats:Shell Defense","ats:Apocalypse"],"picked":"SKIP","floor":14},{"not_picked":["ats:Durian","ats:Dogmatic Field"],"picked":"ats:Fractured Body","floor":16},{"not_picked":["ats:Nebulous Foxfire","ats:Echo Reverb"],"picked":"ats:Wolf Pack","floor":16},{"not_picked":["ats:Absolute Focus+1","ats:Closed Bolt Burst Fire","ats:Powerful Strike"],"picked":"SKIP","floor":18},{"not_picked":["ats:Guard Mode+1","ats:Absolute Focus","ats:Hammer On"],"picked":"SKIP","floor":19},{"not_picked":["ats:Support Order","ats:Guard Mode"],"picked":"ats:Song Of Battle","floor":22},{"not_picked":["ats:Burning Ground","ats:Flame Of Heaven+1"],"picked":"ats:Apocalypse+1","floor":23},{"not_picked":["ats:Blood Oath","ats:Assault Order+1","ats:Collapsing Strike"],"picked":"SKIP","floor":27},{"not_picked":["ats:Closed Bolt Burst Fire+1","ats:Apocalypse+1"],"picked":"ats:Thorns+1","floor":29},{"not_picked":["ats:Assault Order+1","ats:Blood Oath"],"picked":"ats:LN2 Cannon","floor":31}],"player_experience":236490,"relics_obtained":[{"floor":6,"key":"ats:Originium"},{"floor":6,"key":"ats:Lavender"},{"floor":8,"key":"ats:Originium"},{"floor":8,"key":"White Beast Statue"},{"floor":9,"key":"Eternal Feather"},{"floor":14,"key":"ats:Originium"},{"floor":14,"key":"Toy Ornithopter"},{"floor":23,"key":"ats:Originium"},{"floor":23,"key":"Toxic Egg 2"}],"event_choices":[{"damage_healed":0,"gold_gain":0,"player_choice":"Joined the Cult","damage_taken":6,"max_hp_gain":0,"max_hp_loss":0,"event_name":"Nest","floor":20,"gold_loss":0,"cards_obtained":["RitualDagger"]},{"damage_healed":0,"gold_gain":0,"player_choice":"0 cards matched","damage_taken":0,"max_hp_gain":0,"max_hp_loss":0,"event_name":"Match and Keep!","floor":21,"gold_loss":0,"cards_obtained":[]},{"damage_healed":0,"gold_gain":0,"cards_transformed":["ats:Defend","ats:Strike V"],"player_choice":"Became Test Subject","damage_taken":0,"max_hp_gain":0,"max_hp_loss":0,"event_name":"Drug Dealer","floor":25,"gold_loss":0,"cards_obtained":["ats:Rapid Magazine","ats:Directed Diagnosis"]}],"is_beta":false,"boss_relics":[{"not_picked":["testmod-StringDisintegrator","testmod-DreamHouse"],"picked":"testmod-Temperance"}],"items_purged_floors":[],"is_endless":false,"potions_floor_spawned":[2,6,10,11,14,16,18,19,22,23,27,29,31],"killed_by":"Collector","ascension_level":0}}