{"host":"Matas","time":1612828673,"event":{"mods":["BaseMod","Highlight Path","Minty Spire (QoL Compilation)","StSLib"],"gold_per_floor":[117,127,127,152,4,4,43,43,92,123,123,156,156,169,169,295,295,318,333,432,347,15,15,49,49,49,93,93,133,133,133,133,239,239,262,283,298,321,70,70,104,104,157,190,211,220,220,238,238,238,238,238,138,180,180,180],"floor_reached":55,"language":"ENG","playtime":4216,"items_purged":["Strike_B","Pain"],"score":1223,"play_id":"66fd1a86-54b4-4f03-9582-567dffabb784","local_time":"20210208175753","is_ascension_mode":true,"campfire_choices":[{"data":"Zap","floor":6,"key":"SMITH"},{"data":"Hologram","floor":8,"key":"SMITH"},{"data":"Lockon","floor":13,"key":"SMITH"},{"data":"Chaos","floor":15,"key":"SMITH"},{"data":"Capacitor","floor":23,"key":"SMITH"},{"floor":25,"key":"REST"},{"floor":28,"key":"REST"},{"data":"Go for the Eyes","floor":32,"key":"SMITH"},{"floor":40,"key":"RECALL"},{"floor":49,"key":"REST"},{"floor":52,"key":"REST"}],"circlet_count":0,"master_deck":["AscendersBane","Strike_B","Defend_B","Defend_B+1","Zap+1","Dualcast","Rebound","Undo","Lockon+1","Hologram+1","Gash","Coolheaded","Hologram+1","Capacitor+1","Core Surge","Chaos+1","Biased Cognition","Glacier+1","Turbo+1","White Noise+1","Steam","Go for the Eyes+1","Steam","Darkness+1","Steam Power","BootSequence","All For One","Sweeping Beam+1","Coolheaded","Glacier+1","Streamline+1","PanicButton","Secret Weapon","Stack"],"relics":["Cracked Core","Bloody Idol","Juzu Bracelet","Happy Flower","TungstenRod","Tiny Chest","Astrolabe","Bronze Scales","Bird Faced Urn","Ginger","Matryoshka","Pen Nib","Toy Ornithopter","CeramicFish","Letter Opener","Fusion Hammer","Gremlin Horn","Nunchaku","War Paint","Cables","WarpedTongs","Blood Vial"],"acts_visited":["Exordium","TheCity","TheBeyond","TheEnding"],"potions_floor_usage":[7,12,24,29,33,37,41,42,54,54],"damage_taken":[{"damage":1,"enemies":"2 Louse","floor":1,"turns":2},{"damage":2,"enemies":"Jaw Worm","floor":2,"turns":3},{"damage":7,"enemies":"Small Slimes","floor":4,"turns":4},{"damage":16,"enemies":"3 Sentries","floor":7,"turns":7},{"damage":15,"enemies":"Lagavulin","floor":10,"turns":8},{"damage":5,"enemies":"Gremlin Nob","floor":12,"turns":4},{"damage":0,"enemies":"Blue Slaver","floor":14,"turns":4},{"damage":17,"enemies":"Hexaghost","floor":16,"turns":13},{"damage":17,"enemies":"2 Thieves","floor":18,"turns":4},{"damage":9,"enemies":"Spheric Guardian","floor":19,"turns":5},{"damage":43,"enemies":"Slavers","floor":24,"turns":7},{"damage":18,"enemies":"Book of Stabbing","floor":27,"turns":5},{"damage":16,"enemies":"Slavers","floor":29,"turns":5},{"damage":5,"enemies":"Champ","floor":33,"turns":12},{"damage":0,"enemies":"3 Shapes","floor":35,"turns":6},{"damage":28,"enemies":"3 Darklings","floor":36,"turns":7},{"damage":0,"enemies":"Writhing Mass","floor":37,"turns":7},{"damage":14,"enemies":"4 Shapes","floor":38,"turns":3},{"damage":6,"enemies":"Nemesis","floor":41,"turns":9},{"damage":0,"enemies":"Transient","floor":42,"turns":2},{"damage":16,"enemies":"Reptomancer","floor":44,"turns":7},{"damage":7,"enemies":"Sphere and 2 Shapes","floor":45,"turns":6},{"damage":28,"enemies":"Time Eater","floor":50,"turns":10},{"damage":68,"enemies":"Shield and Spear","floor":54,"turns":9},{"damage":64,"enemies":"The Heart","floor":55,"turns":2}],"seed_played":"-847927956186474474","potions_obtained":[{"floor":1,"key":"Strength Potion"},{"floor":2,"key":"FairyPotion"},{"floor":7,"key":"SpeedPotion"},{"floor":12,"key":"Strength Potion"},{"floor":27,"key":"SpeedPotion"},{"floor":29,"key":"PowerPotion"},{"floor":35,"key":"Explosive Potion"},{"floor":36,"key":"SmokeBomb"},{"floor":37,"key":"GamblersBrew"},{"floor":41,"key":"FocusPotion"},{"floor":44,"key":"Weak Potion"}],"is_trial":false,"path_per_floor":["M","M","?","M","$","R","E","R","T","E","?","E","R","M","R","B",null,"M","M","?","?","$","R","E","R","T","E","R","E","?","T","R","B",null,"M","M","M","M","$","R","E","M","T","E","M","?","?","?","R","B",null,"R","$","E","B"],"character_chosen":"DEFECT","items_purchased":["Gash","Coolheaded","Bird Faced Urn","Steam","Gremlin Horn"],"campfire_rested":4,"item_purchase_floors":[5,5,22,22,39],"current_hp_per_floor":[67,65,65,58,58,58,42,42,42,27,27,22,22,22,22,5,53,36,27,27,27,27,27,12,32,32,20,40,34,34,34,34,52,65,69,55,69,65,65,65,69,69,69,62,69,69,69,69,69,45,63,69,69,27,0,0],"gold":180,"neow_bonus":"THREE_CARDS","is_daily":false,"chose_seed":false,"campfire_upgraded":6,"win_rate":0.0,"timestamp":1612828673,"path_taken":["M","M","?","M","$","R","E","R","T","E","?","E","R","M","R","BOSS","M","M","?","?","$","R","E","R","T","E","R","E","?","?","R","BOSS","M","M","M","M","$","R","E","M","T","E","M","?","?","?","R","BOSS","R","$","E","BOSS"],"items_purchased_type":["Card","Card","Relic","Card","Relic"],"build_version":"2020-12-18","purchased_purges":2,"victory":false,"max_hp_per_floor":[75,75,69,69,69,69,69,69,69,69,69,69,69,69,69,69,69,69,69,69,69,69,69,69,69,69,69,69,69,69,69,69,69,69,69,69,69,69,69,69,69,69,69,69,69,69,69,69,69,69,69,69,69,69,69,69],"card_choices":[{"not_picked":["Storm","Conserve Battery"],"picked":"Rebound","floor":0},{"not_picked":["Scrape","Steam"],"picked":"Undo","floor":1},{"not_picked":["Conserve Battery","Barrage"],"picked":"Lockon","floor":2},{"not_picked":["Reinforced Body","Lockon"],"picked":"Hologram","floor":4},{"not_picked":["Barrage","Turbo"],"picked":"Hologram","floor":7},{"not_picked":["Sweeping Beam","Cold Snap"],"picked":"Capacitor","floor":10},{"not_picked":["Doom and Gloom","Beam Cell"],"picked":"Core Surge","floor":12},{"not_picked":["Double Energy","Rebound"],"picked":"Chaos","floor":14},{"not_picked":["Reboot","Amplify"],"picked":"Biased Cognition","floor":16},{"not_picked":["Double Energy","Stack"],"picked":"Steam","floor":18},{"not_picked":["Stack","Beam Cell"],"picked":"Go for the Eyes","floor":19},{"not_picked":["Meteor Strike","Darkness+1","Loop"],"picked":"SKIP","floor":24},{"not_picked":["Meteor Strike","Loop"],"picked":"Darkness+1","floor":24},{"not_picked":["Streamline","Auto Shields"],"picked":"Steam Power","floor":27},{"not_picked":["Leap+1","Hello World"],"picked":"BootSequence","floor":29},{"not_picked":["Multi-Cast","Thunder Strike"],"picked":"All For One","floor":33},{"not_picked":["Hello World","Barrage"],"picked":"Sweeping Beam+1","floor":35},{"not_picked":["Rebound+1","Stack"],"picked":"Coolheaded","floor":36},{"not_picked":["Ball Lightning+1","Go for the Eyes","Streamline"],"picked":"SKIP","floor":37},{"not_picked":["Stack","Chill"],"picked":"Glacier+1","floor":38},{"not_picked":["Beam Cell+1","Machine Learning","All For One"],"picked":"SKIP","floor":41},{"not_picked":["Leap","Hello World","Steam"],"picked":"SKIP","floor":44},{"not_picked":["Steam+1","Consume"],"picked":"Streamline+1","floor":45},{"not_picked":["Apotheosis","Transmutation"],"picked":"PanicButton","floor":48},{"not_picked":["Forethought","Dramatic Entrance"],"picked":"Secret Weapon","floor":48},{"not_picked":["Rebound+1","Ball Lightning+1"],"picked":"Stack","floor":54}],"player_experience":323999,"relics_obtained":[{"floor":7,"key":"Juzu Bracelet"},{"floor":9,"key":"Happy Flower"},{"floor":10,"key":"TungstenRod"},{"floor":12,"key":"Tiny Chest"},{"floor":24,"key":"Ginger"},{"floor":26,"key":"Matryoshka"},{"floor":27,"key":"Pen Nib"},{"floor":29,"key":"Toy Ornithopter"},{"floor":31,"key":"CeramicFish"},{"floor":31,"key":"Letter Opener"},{"floor":41,"key":"Nunchaku"},{"floor":43,"key":"War Paint"},{"floor":44,"key":"Cables"},{"floor":54,"key":"Blood Vial"}],"event_choices":[{"damage_healed":0,"gold_gain":0,"player_choice":"Lose Max HP","damage_taken":0,"relics_obtained":["Golden Idol"],"max_hp_gain":0,"max_hp_loss":6,"event_name":"Golden Idol","floor":3,"gold_loss":0},{"damage_healed":0,"gold_gain":0,"player_choice":"Ignored","damage_taken":0,"max_hp_gain":0,"max_hp_loss":0,"event_name":"Liars Game","floor":11,"gold_loss":0},{"damage_healed":0,"gold_gain":99,"player_choice":"Stole From Cult","damage_taken":0,"max_hp_gain":0,"max_hp_loss":0,"event_name":"Nest","floor":20,"gold_loss":0},{"damage_healed":0,"gold_gain":0,"player_choice":"Obtained Relic","damage_taken":0,"relics_obtained":["Bronze Scales"],"max_hp_gain":0,"max_hp_loss":0,"event_name":"Addict","floor":21,"gold_loss":85},{"damage_healed":0,"gold_gain":0,"player_choice":"Gave Idol","damage_taken":0,"relics_obtained":["Bloody Idol"],"max_hp_gain":0,"max_hp_loss":0,"event_name":"Forgotten Altar","floor":30,"relics_lost":["Golden Idol"],"gold_loss":0},{"damage_healed":0,"gold_gain":0,"player_choice":"Rummage","damage_taken":0,"relics_obtained":["WarpedTongs"],"max_hp_gain":0,"max_hp_loss":0,"event_name":"Accursed Blacksmith","floor":46,"gold_loss":0,"cards_obtained":["Pain"]},{"cards_removed":["Defend_B"],"damage_healed":0,"gold_gain":0,"player_choice":"Removed Skill","damage_taken":0,"max_hp_gain":0,"max_hp_loss":0,"event_name":"Falling","floor":47,"gold_loss":0},{"damage_healed":0,"gold_gain":0,"player_choice":"Memory 3","damage_taken":10,"max_hp_gain":0,"max_hp_loss":0,"event_name":"SensoryStone","floor":48,"gold_loss":0}],"is_beta":true,"boss_relics":[{"not_picked":["SacredBark","Velvet Choker"],"picked":"Astrolabe"},{"not_picked":["SlaversCollar","Cursed Key"],"picked":"Fusion Hammer"}],"items_purged_floors":[5,53],"is_endless":false,"potions_floor_spawned":[1,2,7,12,27,29,35,36,37,41,44],"killed_by":"The Heart","ascension_level":12}}