{"host":"3z4ju2qnfrhpg6py","time":1612787596,"event":{"mods":["Act Like it!","Arknights","BaseMod","Colored Powertips","Minty Spire (QoL Compilation)","Spicy Shops","StSLib","UnlockEverythingMod","Wide Potions","noobMod","¡¾ÒÅÎï¿¨ÅÆ¡¿REMEMod"],"gold_per_floor":[109,284,284,303,326,326,40,65,65,65,80,124,124,143,143,268,268,291,241,260,280,69,69,84,84,84,84,97,130,146,146,146,270,270,298,328,364,33,33,33,33,33,33,48,48,73,116,134,134,134,134,134,3,34,34],"floor_reached":56,"language":"ZHS","playtime":2355,"items_purged":["Doubt"],"score":1376,"play_id":"8760755b-03e7-4d36-9de7-96b383d4974a","local_time":"20210208203316","daily_mods":["Draft","Vintage","Heirloom","Uncertain Future"],"is_ascension_mode":false,"campfire_choices":[{"data":"ats:Burning Ground","floor":6,"key":"SMITH"},{"data":"ats:Part Time Job","floor":10,"key":"SMITH"},{"data":"ats:Ignite","floor":15,"key":"SMITH"},{"data":"ats:Very Hot Blade","floor":23,"key":"SMITH"},{"data":"ats:Very Hot Blade","floor":25,"key":"SMITH"},{"data":"ats:Flexible Camouflage","floor":32,"key":"SMITH"},{"data":"ats:Mental Burst","floor":40,"key":"SMITH"},{"data":"ats:Very Hot Blade","floor":42,"key":"SMITH"},{"floor":49,"key":"RECALL"},{"data":"ats:Leaping Hammer","floor":52,"key":"SMITH"}],"circlet_count":0,"master_deck":["ats:Hook Shot","ats:Very Hot Blade","ats:Burning Ground+1","ats:Chain Hook","ats:Spore Proliferation","ats:Shell Defense","ats:Hook Shot","ats:Very Hot Blade+1","ats:Blood Oath","ats:Leaping Hammer+1","ats:Shell Defense","ats:Very Hot Blade+1","ats:Part Time Job+1","ats:Flexible Camouflage+1","ats:Leaping Hammer","ats:Part Time Job+1","ats:Ignite+1","ats:Very Hot Blade+1","ats:Mental Burst+1","ats:Burning Ground+1","Finesse+1"],"relics":["ats:Sanity","REME_ComplimentaryCards","ice","Ice Cream","Frozen Egg 2","Golden Idol","Girya","Orichalcum","Potion Belt","ats:Lavender","Tiny Chest","ats:Originium","Lantern","Mango","Mercury Hourglass","Philosopher\u0027s Stone","PreservedInsect","ats:Bonebreaker","Bag of Preparation","Juzu Bracelet","ats:Hidden Killer","Blue Candle","NlothsMask","Turnip","Smiling Mask","Bottled Lightning","REME_LowDesire","Centennial Puzzle","MawBank","Toxic Egg 2","REME_PuzzleBoxRelic","Bronze Scales","Membership Card","DollysMirror","Bag of Marbles","Toy Ornithopter","Darkstone Periapt","Omamori","REME_HandOfSuture","ats:Industrial Water Cannon","Bird Faced Urn"],"acts_visited":["Exordium","TheCity","TheBeyond","TheEnding"],"potions_floor_usage":[14,18,33,55],"damage_taken":[{"damage":8,"enemies":"Small Slimes","floor":1,"turns":4},{"damage":0,"enemies":"2 Louse","floor":4,"turns":4},{"damage":6,"enemies":"Cultist","floor":5,"turns":3},{"damage":9,"enemies":"Lots of Slimes","floor":8,"turns":2},{"damage":6,"enemies":"Blue Slaver","floor":11,"turns":4},{"damage":11,"enemies":"Gremlin Nob","floor":12,"turns":4},{"damage":22,"enemies":"Gremlin Gang","floor":14,"turns":3},{"damage":13,"enemies":"Slime Boss","floor":16,"turns":8},{"damage":11,"enemies":"Chosen","floor":18,"turns":4},{"damage":21,"enemies":"Spheric Guardian","floor":20,"turns":4},{"damage":7,"enemies":"3 Cultists","floor":21,"turns":3},{"damage":18,"enemies":"Snake Plant","floor":24,"turns":3},{"damage":18,"enemies":"Snecko","floor":28,"turns":4},{"damage":27,"enemies":"Book of Stabbing","floor":29,"turns":4},{"damage":5,"enemies":"3 Cultists","floor":30,"turns":4},{"damage":62,"enemies":"Champ","floor":33,"turns":9},{"damage":32,"enemies":"3 Darklings","floor":35,"turns":3},{"damage":28,"enemies":"3 Shapes","floor":36,"turns":3},{"damage":26,"enemies":"3 Darklings","floor":37,"turns":3},{"damage":11,"enemies":"Writhing Mass","floor":44,"turns":2},{"damage":5,"enemies":"Spire Growth","floor":46,"turns":2},{"damage":1,"enemies":"Nemesis","floor":47,"turns":1},{"damage":12,"enemies":"4 Shapes","floor":48,"turns":2},{"damage":85,"enemies":"Time Eater","floor":50,"turns":7},{"damage":14,"enemies":"Shield and Spear","floor":54,"turns":3},{"damage":191,"enemies":"The Heart","floor":55,"turns":8}],"seed_played":"-2838449529440743759","potions_obtained":[{"floor":1,"key":"Strength Potion"},{"floor":8,"key":"SneckoOil"},{"floor":11,"key":"SteroidPotion"},{"floor":14,"key":"Fruit Juice"},{"floor":16,"key":"Dexterity Potion"},{"floor":18,"key":"REME_GoldPotion"},{"floor":28,"key":"SmokeBomb"},{"floor":30,"key":"AttackPotion"},{"floor":46,"key":"PowerPotion"},{"floor":48,"key":"SpeedPotion"}],"is_trial":true,"path_per_floor":["M","?","?","M","M","R","$","M","T","R","M","E","?","M","R","B",null,"M","?","M","M","$","R","M","R","T","?","M","E","M","T","R","B",null,"M","M","M","$","$","R","?","R","T","M","?","M","E","M","R","B",null,"R","$","E","B",null],"character_chosen":"DOCTOR_CLASS","items_purchased":["Potion Belt","ats:Part Time Job+1","ats:Very Hot Blade","Juzu Bracelet","ats:Mental Burst","Membership Card","DollysMirror","ats:Apocalypse+1","ats:Industrial Water Cannon"],"campfire_rested":0,"item_purchase_floors":[7,7,22,22,38,38,38,38,53],"current_hp_per_floor":[67,67,49,52,46,46,46,37,37,37,40,42,53,53,53,87,98,93,93,84,86,86,86,70,70,70,70,69,55,63,63,63,18,98,70,50,26,26,26,26,108,108,108,100,100,97,97,88,88,15,108,108,108,95,42],"gold":34,"neow_bonus":"","is_daily":false,"chose_seed":false,"campfire_upgraded":9,"win_rate":0.0,"timestamp":1612787596,"path_taken":["M","?","?","M","M","R","$","M","T","R","M","E","?","M","R","BOSS","M","?","M","M","$","R","M","R","T","?","M","E","M","?","R","BOSS","M","M","M","?","$","R","?","R","T","M","?","M","E","M","R","BOSS","R","$","E","BOSS"],"items_purchased_type":["Relic","Card","Card","Relic","Card","Relic","Relic","Card","Relic"],"build_version":"2020-12-22","purchased_purges":1,"victory":true,"max_hp_per_floor":[72,72,72,72,72,72,72,72,72,72,72,72,86,98,98,98,98,98,98,98,98,98,98,98,98,98,98,98,98,98,98,98,98,98,98,98,98,98,98,98,108,108,108,108,108,108,108,108,108,108,108,108,108,108,139],"card_choices":[{"not_picked":["ats:Spore Proliferation","ats:Poison Spread"],"picked":"ats:Hook Shot","floor":0},{"not_picked":["ats:Revitalization","ats:Hammer On"],"picked":"ats:Very Hot Blade","floor":0},{"not_picked":["ats:Part Time Job","ats:Closed Bolt Burst Fire"],"picked":"ats:Burning Ground","floor":0},{"not_picked":["ats:Closed Bolt Burst Fire","ats:Flexible Camouflage"],"picked":"ats:Chain Hook","floor":0},{"not_picked":["ats:Mental Burst","ats:Hammer On"],"picked":"ats:Spore Proliferation","floor":0},{"not_picked":["ats:Demon Strength","ats:Literary Storm"],"picked":"ats:Shell Defense","floor":0},{"not_picked":["ats:Shell Defense","ats:Blood Oath"],"picked":"ats:Hook Shot","floor":0},{"not_picked":["ats:Revitalization","ats:Soul Absorption"],"picked":"ats:Very Hot Blade","floor":0},{"not_picked":["ats:Spore Proliferation","ats:Steam Pump"],"picked":"ats:Blood Oath","floor":0},{"not_picked":["ats:Assault Order","ats:Literary Storm"],"picked":"ats:Leaping Hammer","floor":0},{"not_picked":["ats:Poison Spread","ats:Charging Defense"],"picked":"ats:Shell Defense","floor":0},{"not_picked":["ats:Consecutive Shot Auto","ats:Support Order"],"picked":"ats:Very Hot Blade","floor":0},{"not_picked":["ats:Red Shift","ats:Revitalization"],"picked":"ats:Part Time Job","floor":0},{"not_picked":["ats:Hook Shot","ats:Powerful Strike"],"picked":"ats:Flexible Camouflage","floor":0},{"not_picked":["ats:Cat Scratch","ats:Guard Mode"],"picked":"ats:Leaping Hammer","floor":0},{"not_picked":["ats:Hammer On","ats:Leaping Hammer"],"picked":"ats:Ignite","floor":12},{"not_picked":["ats:Poison Spread","ats:Guard Mode","ats:Automatic Cover"],"picked":"SKIP","floor":29},{"not_picked":["ats:Blood Oath","ats:Charging Defense+1","ats:Steam Pump+1","Mind Blast"],"picked":"SKIP","floor":47},{"not_picked":["ats:Leaping Hammer","ats:Blood Oath+1","ats:Literary Storm+1"],"picked":"Finesse+1","floor":54}],"player_experience":11773,"relics_obtained":[{"floor":1,"key":"Frozen Egg 2"},{"floor":4,"key":"Girya"},{"floor":5,"key":"Orichalcum"},{"floor":8,"key":"ats:Lavender"},{"floor":11,"key":"Tiny Chest"},{"floor":12,"key":"ats:Originium"},{"floor":12,"key":"Lantern"},{"floor":14,"key":"Mercury Hourglass"},{"floor":18,"key":"PreservedInsect"},{"floor":20,"key":"ats:Bonebreaker"},{"floor":21,"key":"Bag of Preparation"},{"floor":24,"key":"ats:Hidden Killer"},{"floor":26,"key":"Blue Candle"},{"floor":28,"key":"Turnip"},{"floor":29,"key":"ats:Originium"},{"floor":29,"key":"Smiling Mask"},{"floor":30,"key":"Bottled Lightning"},{"floor":34,"key":"Centennial Puzzle"},{"floor":34,"key":"MawBank"},{"floor":35,"key":"Toxic Egg 2"},{"floor":36,"key":"REME_PuzzleBoxRelic"},{"floor":37,"key":"Bronze Scales"},{"floor":43,"key":"Bag of Marbles"},{"floor":44,"key":"Toy Ornithopter"},{"floor":46,"key":"Darkstone Periapt"},{"floor":47,"key":"ats:Originium"},{"floor":47,"key":"Omamori"},{"floor":48,"key":"REME_HandOfSuture"},{"floor":54,"key":"ats:Originium"},{"floor":54,"key":"Bird Faced Urn"}],"event_choices":[{"damage_healed":0,"gold_gain":175,"player_choice":"AGREE","damage_taken":0,"max_hp_gain":0,"max_hp_loss":0,"event_name":"Liars Game","floor":2,"gold_loss":0,"cards_obtained":["Doubt"]},{"damage_healed":0,"gold_gain":0,"player_choice":"Take Damage","damage_taken":18,"relics_obtained":["Golden Idol"],"max_hp_gain":0,"max_hp_loss":0,"event_name":"Golden Idol","floor":3,"gold_loss":0},{"damage_healed":0,"gold_gain":0,"player_choice":"Success","damage_taken":3,"relics_obtained":["Mango"],"max_hp_gain":0,"max_hp_loss":0,"event_name":"Scrap Ooze","floor":13,"gold_loss":0},{"damage_healed":0,"gold_gain":0,"player_choice":"Bet on Owner","damage_taken":0,"max_hp_gain":0,"max_hp_loss":0,"event_name":"The Joust","floor":19,"gold_loss":50},{"damage_healed":0,"gold_gain":0,"player_choice":"Trade","damage_taken":0,"relics_obtained":["NlothsMask"],"max_hp_gain":0,"max_hp_loss":0,"event_name":"FaceTrader","floor":27,"gold_loss":0},{"cards_removed":["Creative AI"],"damage_healed":72,"gold_gain":0,"player_choice":"Offered Rare","damage_taken":0,"max_hp_gain":10,"max_hp_loss":0,"event_name":"Bonfire Elementals","floor":41,"gold_loss":0},{"cards_removed":["ats:Apocalypse"],"damage_healed":0,"gold_gain":0,"player_choice":"Removed Skill","damage_taken":0,"max_hp_gain":0,"max_hp_loss":0,"event_name":"Falling","floor":45,"gold_loss":0}],"is_beta":false,"boss_relics":[{"not_picked":["Runic Pyramid","REME_ChargedStone"],"picked":"Philosopher\u0027s Stone"},{"not_picked":["REME_DemonsWealth","Calling Bell"],"picked":"REME_LowDesire"}],"items_purged_floors":[7],"is_endless":false,"potions_floor_spawned":[1,8,11,14,16,18,28,30,46,48],"ascension_level":0}}