{"host":"06gxn1c1bsk424jw","time":1612790384,"event":{"mods":["BaseMod","DeckTracker","Minty Spire (QoL Compilation)","SuperFastMode"],"gold_per_floor":[11,23,38,54,74,91,166,191,191,191,206,206,171,6,6,6,6],"floor_reached":16,"language":"KOR","playtime":986,"items_purged":[],"score":198,"play_id":"3458fe04-31c9-4892-98b8-91d6d963a948","local_time":"20210208221944","is_ascension_mode":true,"campfire_choices":[{"data":"Berserk","floor":10,"key":"SMITH"},{"data":"Barricade","floor":12,"key":"SMITH"},{"data":"Body Slam","floor":15,"key":"SMITH"}],"circlet_count":0,"master_deck":["AscendersBane","Strike_R","Strike_R","Strike_R","Strike_R","Strike_R","Defend_R","Defend_R","Defend_R","Defend_R","Bash","Barricade+1","Feel No Pain","Shrug It Off","Combust","Shrug It Off","Berserk+1","Evolve","Body Slam+1"],"relics":["Burning Blood","Centennial Puzzle","CeramicFish","Lantern"],"acts_visited":["Exordium"],"potions_floor_usage":[6,8,16],"damage_taken":[{"damage":14,"enemies":"Jaw Worm","floor":1,"turns":4},{"damage":2,"enemies":"2 Louse","floor":2,"turns":4},{"damage":7,"enemies":"Cultist","floor":3,"turns":4},{"damage":18,"enemies":"2 Fungi Beasts","floor":4,"turns":5},{"damage":8,"enemies":"Lots of Slimes","floor":5,"turns":5},{"damage":22,"enemies":"Large Slime","floor":6,"turns":5},{"damage":20,"enemies":"3 Sentries","floor":8,"turns":7},{"damage":11,"enemies":"Blue Slaver","floor":11,"turns":4},{"damage":51,"enemies":"Hexaghost","floor":16,"turns":13}],"seed_played":"8750575997681331623","potions_obtained":[{"floor":3,"key":"Fire Potion"},{"floor":4,"key":"Dexterity Potion"},{"floor":5,"key":"BloodPotion"},{"floor":11,"key":"BloodPotion"}],"is_trial":false,"path_per_floor":["M","M","M","M","M","M","?","E","T","R","M","R","?","$","R","B"],"character_chosen":"IRONCLAD","items_purchased":["Lantern"],"campfire_rested":0,"item_purchase_floors":[14],"current_hp_per_floor":[60,64,63,51,49,33,22,23,23,23,18,18,36,36,36,0,0],"gold":6,"neow_bonus":"THREE_RARE_CARDS","is_daily":false,"chose_seed":false,"campfire_upgraded":3,"win_rate":0.0,"timestamp":1612790384,"path_taken":["M","M","M","M","M","M","?","E","T","R","M","R","?","$","R","BOSS"],"items_purchased_type":["Relic"],"build_version":"2020-12-22","purchased_purges":0,"victory":false,"max_hp_per_floor":[75,75,75,75,75,75,75,75,75,75,75,75,75,75,75,75,75],"card_choices":[{"not_picked":["Juggernaut","Exhume"],"picked":"Barricade","floor":0},{"not_picked":["Perfected Strike","Intimidate"],"picked":"Feel No Pain","floor":1},{"not_picked":["Heavy Blade","Warcry"],"picked":"Shrug It Off","floor":2},{"not_picked":["Carnage","Shockwave"],"picked":"Combust","floor":3},{"not_picked":["Armaments","Flex"],"picked":"Shrug It Off","floor":4},{"not_picked":["Intimidate","True Grit"],"picked":"Berserk","floor":5},{"not_picked":["Perfected Strike","Heavy Blade"],"picked":"Evolve","floor":6},{"not_picked":["Shrug It Off","Rage"],"picked":"Body Slam","floor":8},{"not_picked":["Combust","Evolve","Thunderclap"],"picked":"SKIP","floor":11},{"not_picked":["Combust","Evolve","Thunderclap"],"picked":"SKIP","floor":11}],"player_experience":804061,"relics_obtained":[{"floor":8,"key":"Centennial Puzzle"},{"floor":9,"key":"CeramicFish"}],"event_choices":[{"damage_healed":0,"gold_gain":75,"player_choice":"Gather Gold","damage_taken":11,"max_hp_gain":0,"max_hp_loss":0,"event_name":"World of Goop","floor":7,"gold_loss":0},{"damage_healed":18,"gold_gain":0,"player_choice":"Healed","damage_taken":0,"max_hp_gain":0,"max_hp_loss":0,"event_name":"The Cleric","floor":13,"gold_loss":35}],"is_beta":false,"boss_relics":[],"items_purged_floors":[],"is_endless":false,"potions_floor_spawned":[3,4,5,11],"killed_by":"Hexaghost","ascension_level":18}}