{"host":"ttt10ghevkhyjkzb","time":1612809924,"event":{"mods":["2.2 Compatiblity","AchievementEnabler","BaseMod","Googly Eyes","Minty Spire (QoL Compilation)","StSLib","The IronCluck"],"gold_per_floor":[114,129,129,129,148,148,73,73,73,73,73,73,73,92,92,217,217,236,236,236],"floor_reached":19,"language":"ENG","playtime":740,"items_purged":["Blasphemy"],"score":180,"play_id":"941a3e1f-c25d-465a-a0e5-c80f8cd968fe","local_time":"20210208194524","daily_mods":["Shiny","Green Cards","Terminal"],"is_ascension_mode":false,"campfire_choices":[{"data":"PathToVictory","floor":6,"key":"SMITH"},{"data":"Judgement","floor":8,"key":"SMITH"},{"data":"SpiritShield","floor":10,"key":"SMITH"},{"data":"Wish","floor":12,"key":"SMITH"},{"data":"LessonLearned","floor":15,"key":"SMITH"}],"circlet_count":0,"master_deck":["Venomology","Corpse Explosion","Malaise","Phantasmal Killer","Die Die Die","Adrenaline","Envenom","Doppelganger","Burst","Wraith Form v2","Tools of the Trade","Night Terror","Unload","After Image","Bullet Time","Storm of Steel","Glass Knife","A Thousand Cuts","Grand Finale","Judgement+1","ConjureBlade","MasterReality","Brilliance","Devotion","Ragnarok","LessonLearned+1","Scrawl","Vault","Wish+1","Omniscience+1","Establishment","SpiritShield+1","DevaForm","DeusExMachina","Caltrops","PathToVictory+1","Injury"],"relics":["PureWater","Darkstone Periapt","Golden Idol","Ancient Tea Set","Black Star"],"acts_visited":["Exordium","TheCity"],"potions_floor_usage":[5],"damage_taken":[{"damage":0,"enemies":"Small Slimes","floor":1,"turns":1},{"damage":0,"enemies":"2 Louse","floor":2,"turns":3},{"damage":0,"enemies":"Jaw Worm","floor":5,"turns":1},{"damage":6,"enemies":"Gremlin Gang","floor":14,"turns":4},{"damage":29,"enemies":"Hexaghost","floor":16,"turns":10},{"damage":15,"enemies":"Chosen","floor":18,"turns":5},{"damage":51,"enemies":"3 Byrds","floor":19,"turns":4}],"seed_played":"-2425098010432476902","potions_obtained":[{"floor":1,"key":"ColorlessPotion"},{"floor":16,"key":"Ancient Potion"}],"is_trial":false,"path_per_floor":["M","M","?","?","M","R","$","R","T","R","?","R","?","M","R","B",null,"M","M"],"character_chosen":"WATCHER","items_purchased":[],"campfire_rested":0,"item_purchase_floors":[],"current_hp_per_floor":[70,69,62,68,68,68,68,68,68,67,60,60,65,59,59,30,65,50,0,0],"gold":236,"neow_bonus":"","is_daily":true,"chose_seed":false,"campfire_upgraded":5,"win_rate":0.0,"timestamp":1612809924,"path_taken":["M","M","?","?","M","R","$","R","T","R","?","R","?","M","R","BOSS","M","M"],"items_purchased_type":[],"build_version":"2020-12-22","purchased_purges":1,"victory":false,"max_hp_per_floor":[70,69,68,73,72,71,70,69,68,67,66,65,69,68,67,66,65,64,64,64],"card_choices":[{"not_picked":["FlyingSleeves","Endless Agony"],"picked":"Caltrops","floor":1},{"not_picked":["Cloak And Dagger","LikeWater"],"picked":"PathToVictory","floor":2},{"not_picked":["FlurryOfBlows","Prepared","Reflex"],"picked":"SKIP","floor":5},{"not_picked":["Reflex","Halt","Prepared"],"picked":"SKIP","floor":14},{"not_picked":["Outmaneuver","Crippling Poison","Collect"],"picked":"SKIP","floor":18}],"player_experience":129267,"relics_obtained":[{"floor":9,"key":"Ancient Tea Set"}],"event_choices":[{"damage_healed":0,"gold_gain":0,"player_choice":"Success","damage_taken":7,"relics_obtained":["Darkstone Periapt"],"max_hp_gain":0,"max_hp_loss":0,"event_name":"Scrap Ooze","floor":3,"gold_loss":0},{"damage_healed":0,"gold_gain":0,"player_choice":"Take Wound","damage_taken":0,"relics_obtained":["Golden Idol"],"max_hp_gain":0,"max_hp_loss":0,"event_name":"Golden Idol","floor":4,"gold_loss":0,"cards_obtained":["Injury"]},{"cards_removed":["Alpha"],"damage_healed":0,"gold_gain":0,"player_choice":"Card Removal","damage_taken":7,"max_hp_gain":0,"max_hp_loss":0,"event_name":"Golden Wing","floor":11,"gold_loss":0},{"damage_healed":0,"gold_gain":0,"player_choice":"Donut","damage_taken":0,"max_hp_gain":5,"max_hp_loss":0,"event_name":"Big Fish","floor":13,"gold_loss":0}],"is_beta":false,"boss_relics":[{"not_picked":["Cursed Key","Ectoplasm"],"picked":"Black Star"}],"items_purged_floors":[7],"is_endless":false,"potions_floor_spawned":[1,16],"killed_by":"3 Byrds","ascension_level":0}}