{"host":"sav7uxregyirlf69","time":1612802170,"event":{"mods":["AchievementEnabler","BaseMod","Colored Map","DeckTracker","Keyboard Shortcuts","Minty Spire (QoL Compilation)","READ ME - Guardian Mod","StSLib","SuperFastMode"],"gold_per_floor":[109,128,139,139,139,139,159,159,159,159,192,60,75,88,88,165,165,179,179,229,245,261,261,276,289,289,289,289,303,332,247,247,247,247],"floor_reached":33,"language":"KOR","playtime":654,"items_purged":["Strike_G"],"score":538,"play_id":"103d9d99-0cb3-4918-b280-511119ed206d","local_time":"20210209013610","is_ascension_mode":true,"campfire_choices":[{"data":"Phantasmal Killer","floor":6.0,"key":"SMITH"},{"data":"Neutralize","floor":8.0,"key":"SMITH"},{"data":"All Out Attack","floor":10.0,"key":"SMITH"},{"data":"Glass Knife","floor":15.0,"key":"SMITH"},{"floor":23.0,"key":"REST"},{"data":"Escape Plan","floor":28,"key":"SMITH"},{"data":"Well Laid Plans","floor":32,"key":"SMITH"}],"circlet_count":0,"master_deck":["AscendersBane","Strike_G","Defend_G","Defend_G","Defend_G","Survivor","Neutralize+1","All Out Attack+1","Escape Plan","Dagger Throw","Phantasmal Killer+1","Finisher","Glass Knife+1","Backflip","Escape Plan+1","After Image","Glass Knife+1","Slice+1","Venomology+1","Masterful Stab+1","Blade Dance","Die Die Die","Cloak And Dagger+1","Well Laid Plans+1"],"relics":["Ring of the Snake","NeowsBlessing","Torii","Calipers","Astrolabe","Pantograph","Juzu Bracelet","CeramicFish"],"acts_visited":["Exordium","TheCity"],"potions_floor_usage":[29,30,30],"damage_taken":[{"damage":0.0,"enemies":"Cultist","floor":1.0,"turns":1.0},{"damage":0.0,"enemies":"2 Louse","floor":2.0,"turns":1.0},{"damage":0.0,"enemies":"Jaw Worm","floor":3.0,"turns":1.0},{"damage":2.0,"enemies":"Large Slime","floor":7.0,"turns":5.0},{"damage":21.0,"enemies":"3 Sentries","floor":11.0,"turns":5.0},{"damage":1.0,"enemies":"2 Fungi Beasts","floor":13.0,"turns":2.0},{"damage":0.0,"enemies":"Exordium Wildlife","floor":14.0,"turns":2.0},{"damage":13.0,"enemies":"The Guardian","floor":16.0,"turns":10.0},{"damage":4.0,"enemies":"3 Byrds","floor":18.0,"turns":5.0},{"damage":1.0,"enemies":"Shell Parasite","floor":21.0,"turns":2.0},{"damage":17.0,"enemies":"Snake Plant","floor":22.0,"turns":4.0},{"damage":0.0,"enemies":"Cultist and Chosen","floor":24.0,"turns":3.0},{"damage":1.0,"enemies":"3 Cultists","floor":25.0,"turns":4.0},{"damage":0,"enemies":"Snecko","floor":29,"turns":2},{"damage":26,"enemies":"Gremlin Leader","floor":30,"turns":5},{"damage":81,"enemies":"Champ","floor":33,"turns":11}],"seed_played":"-8794744614931931838","potions_obtained":[{"floor":1.0,"key":"AttackPotion"},{"floor":11.0,"key":"Block Potion"}],"is_trial":false,"path_per_floor":["M","M","M","?","?","R","M","R","T","R","E","$","M","M","R","B",null,"M","?","?","M","M","R","M","M","T","?","R","M","E","?","R","B"],"character_chosen":"THE_SILENT","items_purchased":["Backflip"],"campfire_rested":1,"item_purchase_floors":[12],"current_hp_per_floor":[59,59,59,59,52,52,50,50,50,50,29,29,28,28,28,15,53,49,49,49,48,31,50,50,58,58,58,58,58,32,32,32,0,0],"gold":247,"neow_bonus":"THREE_ENEMY_KILL","is_daily":false,"chose_seed":false,"campfire_upgraded":6,"win_rate":0.0,"timestamp":1612802170,"path_taken":["M","?","M","?","?","R","M","R","T","R","E","$","M","M","R","BOSS","M","?","?","M","?","R","M","?","T","?","R","M","E","?","R","BOSS"],"items_purchased_type":["Card"],"build_version":"2020-12-22","purchased_purges":1,"victory":false,"max_hp_per_floor":[66,66,66,66,66,66,66,66,66,66,66,66,66,66,66,66,66,66,66,66,66,66,66,66,66,66,66,66,66,66,66,66,66,66],"card_choices":[{"not_picked":["Slice","Acrobatics"],"picked":"All Out Attack","floor":1.0},{"not_picked":["Accuracy","Choke"],"picked":"Escape Plan","floor":2.0},{"not_picked":["Caltrops","Acrobatics"],"picked":"Dagger Throw","floor":3.0},{"not_picked":["Outmaneuver","Acrobatics"],"picked":"Finisher","floor":7.0},{"not_picked":["Acrobatics","Dagger Throw"],"picked":"Glass Knife","floor":11.0},{"not_picked":["PiercingWail","Backflip","Flying Knee"],"picked":"SKIP","floor":13.0},{"not_picked":["Quick Slash","Dodge and Roll"],"picked":"Escape Plan","floor":14.0},{"not_picked":["Glass Knife","Venomology"],"picked":"After Image","floor":16.0},{"not_picked":["Deadly Poison+1","Dagger Spray"],"picked":"Masterful Stab+1","floor":18.0},{"not_picked":["Expertise","Flying Knee"],"picked":"Blade Dance","floor":21.0},{"not_picked":["Riddle With Holes","Underhanded Strike"],"picked":"Die Die Die","floor":22.0},{"not_picked":["Setup","Choke","Bane"],"picked":"SKIP","floor":24.0},{"not_picked":["Outmaneuver","Poisoned Stab"],"picked":"Cloak And Dagger+1","floor":25.0},{"not_picked":["Skewer","Finisher","PiercingWail"],"picked":"SKIP","floor":29},{"not_picked":["All Out Attack","Endless Agony"],"picked":"Well Laid Plans","floor":30}],"player_experience":1527772,"relics_obtained":[{"floor":9.0,"key":"Torii"},{"floor":11.0,"key":"Calipers"},{"floor":26.0,"key":"Pantograph"},{"floor":30,"key":"Juzu Bracelet"}],"event_choices":[{"damage_healed":0.0,"max_hp_gain":0.0,"max_hp_loss":0.0,"gold_gain":0.0,"cards_transformed":["Strike_G"],"event_name":"Living Wall","player_choice":"Change","floor":4.0,"gold_loss":0.0,"damage_taken":0.0,"cards_obtained":["Phantasmal Killer"]},{"cards_removed":["Defend_G"],"damage_healed":0.0,"max_hp_gain":0.0,"max_hp_loss":0.0,"gold_gain":0.0,"event_name":"Golden Wing","player_choice":"Card Removal","floor":5.0,"gold_loss":0.0,"damage_taken":7.0},{"damage_healed":0.0,"max_hp_gain":0.0,"max_hp_loss":0.0,"gold_gain":0.0,"event_name":"Vampires","player_choice":"Ignored","floor":19.0,"gold_loss":0.0,"damage_taken":0.0},{"damage_healed":0.0,"max_hp_gain":0.0,"max_hp_loss":0.0,"gold_gain":50.0,"event_name":"Nest","player_choice":"Stole From Cult","floor":20.0,"gold_loss":0.0,"damage_taken":0.0},{"damage_healed":0,"gold_gain":0,"player_choice":"Ignored","damage_taken":0,"max_hp_gain":0,"max_hp_loss":0,"event_name":"Cursed Tome","floor":27,"gold_loss":0},{"damage_healed":0,"gold_gain":0,"player_choice":"Obtained Relic","damage_taken":0,"relics_obtained":["CeramicFish"],"max_hp_gain":0,"max_hp_loss":0,"event_name":"Addict","floor":31,"gold_loss":85}],"is_beta":false,"boss_relics":[{"not_picked":["Fusion Hammer","Ring of the Serpent"],"picked":"Astrolabe"}],"items_purged_floors":[12],"is_endless":false,"potions_floor_spawned":[1,11,18,21,29],"killed_by":"Champ","ascension_level":20}}