{"host":"zksvs3x2ysy9npnz","time":1612827794,"event":{"mods":["Aspiration","BaseMod","Beaked The Cultist","BetterRewards","Clockwork Mod","Colored Map","Conspire","Downfall","Halation","Highlight Path","Hubris","Infinite Spire","Jedi Mod","Magitek Elite","Minty Spire (QoL Compilation)","Permanent Neow","Quick Restart","Relic Stats","Shop Mod","StSLib","The Runesmith","The Witch"],"gold_per_floor":[99,119,119,136,151,251,251,151,179,179,79,95,95,112,124,227,227,227,244,258,276,276,276,276],"floor_reached":22,"language":"FRA","playtime":6975,"items_purged":[],"score":207,"play_id":"d070201f-88cf-4e76-88e4-cee429357e1d","local_time":"20210209004314","is_ascension_mode":true,"campfire_choices":[{"floor":1,"key":"RECALL"},{"data":"champ:StanceDance","floor":8,"key":"SMITH"},{"data":"Flash of Steel","floor":11,"key":"SMITH"},{"floor":13,"key":"REST"},{"data":"champ:DefensiveShout","floor":18,"key":"SMITH"}],"circlet_count":0,"master_deck":["champ:Strike","champ:Strike","champ:Strike","champ:Strike","champ:Defend","champ:Defend","champ:Defend","champ:Defend","champ:Execute","champ:Taunt","Flash of Steel+1","champ:TornadoPunch","Injury","champ:CrownThrow","champ:BerserkerStyle+1","champ:StanceDance+1","champ:GladiatorStyle+1","champ:ShieldSlam","champ:DefensiveShout+1","champ:EndlessRage+1","champ:LastStand+1","champ:FocusedDefense","champ:DefensiveShout+1","champ:EnragedBash"],"relics":["champ:ChampionCrownUpgraded","Frozen Egg 2","CloakClasp","Nunchaku","downfall:HeartBlessingRed","infinitespire:BottledMercury","downfall:HeartBlessingGreen"],"acts_visited":["Exordium","TheCity"],"potions_floor_usage":[6,14,20,20],"damage_taken":[{"damage":19,"enemies":"Small Slimes","floor":2,"turns":4},{"damage":10,"enemies":"2 Louse","floor":4,"turns":3},{"damage":11,"enemies":"Cultist","floor":5,"turns":3},{"damage":56,"enemies":"Cultist","floor":6,"turns":14},{"damage":30,"enemies":"Lagavulin","floor":9,"turns":7},{"damage":22,"enemies":"Large Slime","floor":12,"turns":4},{"damage":0,"enemies":"Lots of Slimes","floor":14,"turns":2},{"damage":12,"enemies":"Blue Slaver","floor":15,"turns":4},{"damage":43,"enemies":"WA_ARCHETYPE_RETAIN","floor":16,"turns":10},{"damage":35,"enemies":"Spheric Guardian","floor":19,"turns":7},{"damage":28,"enemies":"Snake Plant","floor":20,"turns":3},{"damage":51,"enemies":"Centurion and Healer","floor":21,"turns":7},{"damage":46,"enemies":"Cultist and Chosen","floor":22,"turns":5}],"seed_played":"3578980748943707631","potions_obtained":[{"floor":2,"key":"Explosive Potion"},{"floor":4,"key":"SkillPotion"},{"floor":14,"key":"LiquidBronze"},{"floor":16,"key":"champ:CounterPotion"},{"floor":21,"key":"Energy Potion"}],"is_trial":false,"path_per_floor":["R","M","?","M","M","?","T","R","E","?","R","M","R","M","M","B",null,"R","M","M","M","M"],"character_chosen":"THE_CHAMP","items_purchased":[],"campfire_rested":1,"item_purchase_floors":[],"current_hp_per_floor":[90,86,86,86,85,43,43,43,40,35,35,30,57,57,50,34,90,90,65,47,20,0,0,0],"gold":276,"neow_bonus":"RANDOM_COLORLESS","is_daily":false,"chose_seed":false,"campfire_upgraded":3,"win_rate":0.0,"timestamp":1612827794,"path_taken":["R","M","?","M","M","?","T","R","E","?","R","M","R","M","M","BOSS","R","M","?","M","M"],"items_purchased_type":[],"build_version":"2020-12-22","purchased_purges":0,"victory":false,"max_hp_per_floor":[90,90,90,90,90,90,90,90,90,90,90,90,90,90,90,90,90,90,90,90,90,90,90,90],"relic_stats":{"Nunchaku":[8],"counters":[13,73],"CloakClasp":[81],"obtain_stats":[{"infinitespire:BottledMercury":9,"Nunchaku":7,"downfall:HeartBlessingRed":8,"champ:ChampionCrown":0,"downfall:HeartBlessingGreen":11,"champ:ChampionCrownUpgraded":17,"CloakClasp":6,"Frozen Egg 2":3},{"infinitespire:BottledMercury":5,"Nunchaku":4,"downfall:HeartBlessingRed":4,"champ:ChampionCrown":0,"downfall:HeartBlessingGreen":5,"champ:ChampionCrownUpgraded":9,"CloakClasp":4,"Frozen Egg 2":1},{"infinitespire:BottledMercury":31,"Nunchaku":24,"downfall:HeartBlessingRed":24,"champ:ChampionCrown":0,"downfall:HeartBlessingGreen":31,"champ:ChampionCrownUpgraded":51,"CloakClasp":24,"Frozen Egg 2":4}]},"card_choices":[{"not_picked":["Mind Blast","jedi:forcepush"],"picked":"Flash of Steel","floor":0},{"not_picked":["champ:AdrenalArmor","champ:PreciseThrust"],"picked":"champ:TornadoPunch","floor":2},{"not_picked":["champ:Haymaker","champ:DeathBlow"],"picked":"champ:CrownThrow","floor":4},{"not_picked":["champ:CrownThrow","champ:StanceDance"],"picked":"champ:BerserkerStyle+1","floor":5},{"not_picked":["champ:PerfectedStrike","champ:FanOfKnives"],"picked":"champ:StanceDance","floor":6},{"not_picked":["champ:Lariat","champ:FanOfKnives"],"picked":"champ:GladiatorStyle+1","floor":9},{"not_picked":["champ:BladeFlurry","champ:CrookedStrike"],"picked":"champ:ShieldSlam","floor":12},{"not_picked":["champ:FanOfKnives","champ:Backstep"],"picked":"champ:DefensiveShout","floor":14},{"not_picked":["champ:AdrenalArmor","champ:Backstep"],"picked":"champ:EndlessRage+1","floor":15},{"not_picked":["champ:UltimateStance","champ:CheapShot"],"picked":"champ:LastStand+1","floor":16},{"not_picked":["champ:AdrenalArmor","champ:BerserkersShout"],"picked":"champ:FocusedDefense","floor":19},{"not_picked":["champ:TornadoPunch+1","champ:Haymaker"],"picked":"champ:DefensiveShout+1","floor":20},{"not_picked":["champ:BladeFlurry","champ:FocusedDefense"],"picked":"champ:EnragedBash","floor":21}],"player_experience":1874287,"relics_obtained":[{"floor":6,"key":"CloakClasp"},{"floor":7,"key":"Nunchaku"},{"floor":9,"key":"infinitespire:BottledMercury"}],"event_choices":[],"is_beta":false,"boss_relics":[{"not_picked":["aspiration:SilentSkillbook","hubris:CrackedHourglass"],"picked":"champ:ChampionCrownUpgraded"}],"items_purged_floors":[],"is_endless":false,"potions_floor_spawned":[2,4,14,16,21],"killed_by":"Cultist and Chosen","ascension_level":2}}