{"host":"n7gt2lywuauec2nz","time":1612781452,"event":{"mods":["100% Spire Juice","2.2 Compatiblity","Act Like it!","Aspiration","BaseMod","Better Third Choice","Colored Powertips","DeckTracker","GifTheSpireLib","Highlight Path","HololiveMod","Hubris","Infinite Spire","Minty Spire (QoL Compilation)","Quick Restart","Random Character Button","Relic Sorter","Replay The Spire","Retaliation","StSLib","Synergy Search","The IronCluck"],"gold_per_floor":[109,119,44,44,56,56,91,91,142,142,154,154,34,66,66,170,50,65,79,79,79,79],"floor_reached":21,"language":"ENG","playtime":674,"items_purged":["Moonworks:Defend"],"score":212,"play_id":"44a1eb9b-9459-4cd3-a466-709dcf9a48c3","local_time":"20210208025052","is_ascension_mode":false,"campfire_choices":[{"data":"Moonworks:EvilSpyWorkPreparation","floor":6,"key":"SMITH"},{"data":"Moonworks:MiracleWalker","floor":8,"key":"SMITH"},{"floor":12,"key":"REST"},{"data":"Moonworks:EvilSpyWorkPreparation","floor":15,"key":"SMITH"}],"circlet_count":0,"master_deck":["Moonworks:Strike","Moonworks:Strike","Moonworks:Strike","Moonworks:Strike","Moonworks:Defend","Moonworks:Defend","Moonworks:Defend","Moonworks:Ambush","Moonworks:LongDistanceShot","Moonworks:StiffCrystal","Moonworks:EvilSpyWorkPreparation+1","Moonworks:LulusLuckyEgg","Moonworks:MiracleWalker+1","infinitespire:Collect","Moonworks:EvilSpyWorkPreparation+1","Moonworks:ReproductionOfRecords","Moonworks:HolyNight","Moonworks:EvilSpyWorkPreparation","Moonworks:ImOnFire"],"relics":["Sizzling Blood","Moonworks:Homemark","NeowsBlessing","infinitespire:Cubic Diamond","Juzu Bracelet","Anchor","Replay:Baseball","Honey Jar","infinitespire:Satchel"],"acts_visited":["Exordium","TheCity"],"potions_floor_usage":[7,7,21],"damage_taken":[{"damage":0,"enemies":"2 Louse","floor":1,"turns":1},{"damage":0,"enemies":"Small Slimes","floor":2,"turns":1},{"damage":0,"enemies":"Jaw Worm","floor":5,"turns":1},{"damage":16,"enemies":"Gremlin Nob","floor":7,"turns":3},{"damage":0,"enemies":"Large Slime","floor":11,"turns":4},{"damage":16,"enemies":"Lagavulin","floor":14,"turns":6},{"damage":21,"enemies":"The Guardian","floor":16,"turns":3},{"damage":15,"enemies":"2 Thieves","floor":18,"turns":3},{"damage":12,"enemies":"Spheric Guardian","floor":19,"turns":4},{"damage":45,"enemies":"Snake Plant","floor":21,"turns":5}],"seed_played":"-2837499673841056179","potions_obtained":[{"floor":1,"key":"Strength Potion"},{"floor":5,"key":"FearPotion"},{"floor":16,"key":"Toxic Potion"},{"floor":19,"key":"ColorlessPotion"}],"is_trial":false,"path_per_floor":["M","M","$","?","M","R","E","R","T","?","M","R","?","E","R","B",null,"M","M","?","M"],"character_chosen":"THE_STARBREAKER","items_purchased":[],"campfire_rested":1,"item_purchase_floors":[],"current_hp_per_floor":[60,60,60,60,60,60,48,48,48,34,38,56,61,49,49,32,65,54,46,46,9,9],"gold":79,"neow_bonus":"THREE_ENEMY_KILL","is_daily":false,"chose_seed":false,"campfire_upgraded":3,"win_rate":0.0,"timestamp":1612781452,"path_taken":["M","M","$","?","M","R","E","R","T","?","M","R","?","E","R","BOSS","M","M","?","M"],"items_purchased_type":[],"build_version":"2020-12-22","purchased_purges":1,"victory":false,"max_hp_per_floor":[60,60,60,60,60,60,60,60,60,60,60,60,65,65,65,65,65,65,65,65,65,65],"card_choices":[{"not_picked":["Moonworks:Assault","Moonworks:LulusLuckyEgg"],"picked":"Moonworks:StiffCrystal","floor":1},{"not_picked":["Moonworks:BigMagnum","Moonworks:MixPhenomenon"],"picked":"Moonworks:EvilSpyWorkPreparation","floor":2},{"not_picked":["Moonworks:ImOnFire","Moonworks:CloudOfSeagulls"],"picked":"Moonworks:LulusLuckyEgg","floor":5},{"not_picked":["Moonworks:SakisCookie","Moonworks:Assault"],"picked":"Moonworks:MiracleWalker","floor":7},{"not_picked":["infinitespire:SealOfDarkness+","hubris:Rewind"],"picked":"infinitespire:Collect","floor":10},{"not_picked":["Moonworks:LulusLuckyEgg","Moonworks:JonathanRush"],"picked":"Moonworks:EvilSpyWorkPreparation","floor":11},{"not_picked":["Moonworks:BigMagnum","Moonworks:DeployBits"],"picked":"Moonworks:ReproductionOfRecords","floor":14},{"not_picked":["Moonworks:Wanted","Moonworks:SinkOrSwim"],"picked":"Moonworks:HolyNight","floor":16},{"not_picked":["Moonworks:Assault","Moonworks:Poppoformation","Moonworks:RagingMadness"],"picked":"Moonworks:EvilSpyWorkPreparation","floor":18},{"not_picked":["Moonworks:DeployBits","Moonworks:TreasureThief","Moonworks:LuckyCharm"],"picked":"Moonworks:ImOnFire","floor":19}],"player_experience":131231,"relics_obtained":[{"floor":7,"key":"Juzu Bracelet"},{"floor":9,"key":"Anchor"},{"floor":14,"key":"Replay:Baseball"}],"event_choices":[{"damage_healed":0,"gold_gain":0,"player_choice":"Donut","damage_taken":0,"max_hp_gain":5,"max_hp_loss":0,"event_name":"Big Fish","floor":13,"gold_loss":0},{"damage_healed":0,"gold_gain":0,"player_choice":"Opened","damage_taken":0,"relics_obtained":["infinitespire:Satchel"],"max_hp_gain":0,"max_hp_loss":0,"event_name":"The Mausoleum","floor":20,"gold_loss":0}],"is_beta":false,"boss_relics":[{"not_picked":["hubris:TerracottaHorce","Snecko Heart"],"picked":"Honey Jar"}],"items_purged_floors":[3],"is_endless":false,"potions_floor_spawned":[1,5,16,19],"killed_by":"Snake Plant","ascension_level":0}}