{"host":"53w25izqmiakdcya","time":1612755447,"event":{"mods":["BaseMod","Colored Powertips","Downfall","Minty Spire (QoL Compilation)","Quick Restart","Rare Cards Sparkle","StSLib"],"gold_per_floor":[199,210,225,19,19,36,36,46,59,76,110,124,24,9,27,123,123,123,133,133,152,164,0,23,43,63,63,76,76,76,76],"floor_reached":29,"language":"ENG","playtime":2221,"items_purged":[],"score":258,"play_id":"407cd4ef-b5fe-40bd-b470-d4b8141350a3","local_time":"20210207213727","is_ascension_mode":false,"campfire_choices":[{"data":"bronze:Replicate","floor":1.0,"key":"SMITH"},{"floor":13.0,"key":"REST"},{"floor":18.0,"key":"RECALL"},{"floor":27.0,"key":"REST"}],"circlet_count":0,"master_deck":["bronze:Strike","bronze:Strike","bronze:Strike","bronze:Defend","bronze:Defend","bronze:Defend","bronze:Defend","bronze:Replicate+1","bronze:Goto","bronze:DelayedGuard","bronze:InfiniteBeams","bronze:BronzeOrb","Flash of Steel","bronze:Frontload","bronze:InfiniteBeams","bronze:Separator","bronze:Overheat","bronze:Separator","bronze:InfiniteLoop","bronze:DelayedSlice","bronze:Terminator","bronze:Virus","bronze:InfiniteBeams+1","bronze:OilSpill","bronze:Repulsor","bronze:Invalidate","bronze:WhirlingStrike","bronze:Iterate","bronze:Assembly","bronze:BuggyMess+1"],"relics":["bronze:BronzeCore","Membership Card","Bottled Tornado","Blood Vial","downfall:HeartBlessingGreen","MealTicket","Kunai"],"acts_visited":["Exordium","TheCity"],"potions_floor_usage":[29],"damage_taken":[{"damage":0.0,"enemies":"2 Louse","floor":2.0,"turns":2.0},{"damage":0.0,"enemies":"Cultist","floor":3.0,"turns":3.0},{"damage":0.0,"enemies":"downfall:FleeingMerchant","floor":4.0,"turns":4.0},{"damage":0.0,"enemies":"Small Slimes","floor":6.0,"turns":3.0},{"damage":6.0,"enemies":"3 Louse","floor":8.0,"turns":3.0},{"damage":0.0,"enemies":"Large Slime","floor":9.0,"turns":4.0},{"damage":15.0,"enemies":"Exordium Thugs","floor":10.0,"turns":4.0},{"damage":0.0,"enemies":"Gremlin Nob","floor":11.0,"turns":3.0},{"damage":15.0,"enemies":"Exordium Wildlife","floor":12.0,"turns":4.0},{"damage":9.0,"enemies":"downfall:FleeingMerchant","floor":14.0,"turns":4.0},{"damage":1.0,"enemies":"Gremlin Gang","floor":15.0,"turns":3.0},{"damage":24.0,"enemies":"IC_STATUS_ARCHETYPE","floor":16.0,"turns":7.0},{"damage":0.0,"enemies":"Spheric Guardian","floor":19.0,"turns":2.0},{"damage":9.0,"enemies":"Shell Parasite","floor":21.0,"turns":4.0},{"damage":20.0,"enemies":"3 Cultists","floor":22.0,"turns":5.0},{"damage":0.0,"enemies":"downfall:FleeingMerchant","floor":23.0,"turns":4.0},{"damage":3.0,"enemies":"Sentry and Sphere","floor":25.0,"turns":6.0},{"damage":15.0,"enemies":"Snecko","floor":26.0,"turns":5.0},{"damage":38.0,"enemies":"Snake Plant","floor":28.0,"turns":6.0},{"damage":38,"enemies":"Gremlin Leader","floor":29,"turns":3}],"seed_played":"-4861981095814310321","potions_obtained":[{"floor":3.0,"key":"bronze:BurnAndBuffPotion"},{"floor":8.0,"key":"Strength Potion"},{"floor":9.0,"key":"Swift Potion"},{"floor":12.0,"key":"hexamod:SoulburnPotion"},{"floor":19.0,"key":"Block Potion"},{"floor":25.0,"key":"bronze:FreeFunctionsPotion"}],"is_trial":false,"path_per_floor":["R","M","M","$","?","M","T","M","M","M","E","M","R","$","M","B",null,"R","M","?","M","M","$","T","M","M","R","M","E"],"character_chosen":"THE_AUTOMATON","items_purchased":["Membership Card","Flash of Steel","Kunai","bronze:WhirlingStrike"],"campfire_rested":2,"item_purchase_floors":[4,4,23,23],"current_hp_per_floor":[70,70,70,70,70,70,70,64,64,49,49,36,57,50,51,29,70,70,70,70,61,43,60,60,59,46,67,31,0,0,0],"gold":76,"neow_bonus":"HUNDRED_GOLD","is_daily":false,"chose_seed":false,"campfire_upgraded":1,"win_rate":0.0,"timestamp":1612755447,"path_taken":["R","M","M","$","?","M","T","?","M","M","E","M","R","$","M","BOSS","R","M","?","M","M","$","T","M","M","R","M","E"],"items_purchased_type":["Relic","Card","Relic","Card"],"build_version":"2020-12-22","purchased_purges":0,"victory":false,"max_hp_per_floor":[70,70,70,70,70,70,70,70,70,70,70,70,70,70,70,70,70,70,70,70,70,70,70,70,70,70,70,70,70,70,70],"card_choices":[{"not_picked":["bronze:Frontload","bronze:BuggyMess"],"picked":"bronze:DelayedGuard","floor":2.0},{"not_picked":["bronze:Turbo","bronze:CutThrough"],"picked":"bronze:InfiniteBeams","floor":3.0},{"not_picked":["bronze:BitShift","bronze:Turbo"],"picked":"bronze:BronzeOrb","floor":4.0},{"not_picked":["bronze:Backtrace","bronze:Overload"],"picked":"bronze:Frontload","floor":6.0},{"not_picked":["bronze:Return","bronze:DelayedGuard"],"picked":"bronze:InfiniteBeams","floor":8.0},{"not_picked":["bronze:Fortify","bronze:Frontload"],"picked":"bronze:Separator","floor":9.0},{"not_picked":["bronze:Frontload","bronze:ItsAFeature"],"picked":"bronze:Overheat","floor":10.0},{"not_picked":["bronze:Constructor","bronze:Deprecate"],"picked":"bronze:Separator","floor":11.0},{"not_picked":["bronze:InfiniteBeams","bronze:Refactor"],"picked":"bronze:InfiniteLoop","floor":12.0},{"not_picked":["bronze:MaxOutput","bronze:Frontload"],"picked":"bronze:DelayedSlice","floor":14.0},{"not_picked":["bronze:DelayedSlice","bronze:DelayedGuard"],"picked":"bronze:Terminator","floor":15.0},{"not_picked":["bronze:SpaghettiCode","bronze:HardenedForm"],"picked":"bronze:Virus","floor":16.0},{"not_picked":["bronze:BitShift+1","bronze:BugBarrage"],"picked":"bronze:InfiniteBeams+1","floor":19.0},{"not_picked":["bronze:Deprecate","bronze:BuggyMess+1"],"picked":"bronze:OilSpill","floor":21.0},{"not_picked":["bronze:CutThrough","bronze:Separator"],"picked":"bronze:Repulsor","floor":22.0},{"not_picked":["bronze:ClassDefault","bronze:OilSpill"],"picked":"bronze:Invalidate","floor":23.0},{"not_picked":["bronze:BugBarrage","bronze:Frontload+1"],"picked":"bronze:Iterate","floor":25.0},{"not_picked":["bronze:Refactor+1","bronze:Overload"],"picked":"bronze:Assembly","floor":26.0},{"not_picked":["bronze:Allocate","bronze:Separator"],"picked":"bronze:BuggyMess+1","floor":28.0}],"player_experience":580227,"relics_obtained":[{"floor":7.0,"key":"Bottled Tornado"},{"floor":11.0,"key":"Blood Vial"}],"event_choices":[{"cards_removed":["bronze:Strike"],"damage_healed":0.0,"max_hp_gain":0.0,"max_hp_loss":0.0,"gold_gain":0.0,"event_name":"Bonfire Elementals","player_choice":"Offered Basic","floor":5.0,"gold_loss":0.0,"damage_taken":0.0}],"is_beta":false,"boss_relics":[{"not_picked":["Pandora\u0027s Box","Runic Dome","Fusion Hammer"]}],"items_purged_floors":[],"is_endless":false,"potions_floor_spawned":[3,8,9,12,19,25,26],"killed_by":"Gremlin Leader","ascension_level":0}}