{"host":"54jr43vd79817238","time":1612786010,"event":{"mods":["100% Spire Juice","ATMod(°¢èªMod)","Act Like it!","Arknights","Aspiration","BaseMod","CapriCore","Dota2Spire","Friendly Minions","Gensokyo","Hallownest","Hermit","Jedi Mod","KomeijiMod","Lobotomy","LobotomyExtend","Marisa£¨ìFÓê¡¡Ä§ÀíÉ³£©","Minty Spire (QoL Compilation)","MostiFishMod","Prisma Mod","PrismaMod-zhs","Quarter Circle Forward PUNCH!","Reliquary","Replay The Spire","Robot Space Explorer","RumiaBox-Â¶Ã×æ«µÄÉñÃØºÐ×Ó","Spicy Shops","StSLib","TestMod","The Blackbeard","WarShipGirlsR/Õ½½¢ÉÙÅ®R mod","Yakumo Yukari mod","Youmu£¨»êÆÇÑýÃÎ£©","Yuyuko","¡¾ÒÅÎï¿¨ÅÆ¡¿REMEMod"],"gold_per_floor":[115,115,140,65,84,84,98,128,155,184,184,202,202,52,52,151,151,167,179,179,179],"floor_reached":20,"language":"ZHS","playtime":849,"items_purged":["rmod:strick"],"score":267,"play_id":"9db45454-e2db-442a-93a2-129ab898f81f","local_time":"20210208200650","is_ascension_mode":true,"campfire_choices":[{"data":"Eruption","floor":6,"key":"SMITH"},{"floor":11,"key":"RECALL"},{"data":"rmod:gendarmerie","floor":15,"key":"SMITH"}],"circlet_count":0,"master_deck":["rmod:strick","rmod:strick","rmod:strick","rmod:defend+1","rmod:defend+1","rmod:defend","rmod:defend","rmod:basicallowance","rmod:maingunfire","AT_Desolate+1","Eruption+1","rmod:strick","FTL+1","rmod:combined","rmod:abidefaith","rmod:gendarmerie+1","rmod:ridicule","rmod:luckystar"],"relics":["rmod:firstchargereward","DaveBox","AT_ATBox","testmod-TestBox","REME_ComplimentaryCards","aspiration:Nostalgia","Iron Core","testmod-SaigiyounoYou","Jackal-EndForJourney","SynthV:TestCard","Replay:Bottled Snecko","reliquary:SharkskinSheath","War Paint","Ginger","Dota2Spire:Bloodstone"],"acts_visited":["Exordium","Gensokyo:Gensokyoer"],"potions_floor_usage":[8,12,16],"damage_taken":[{"damage":0,"enemies":"Small Slimes","floor":1,"turns":1},{"damage":0,"enemies":"Jaw Worm","floor":5,"turns":2},{"damage":0,"enemies":"2 Louse","floor":7,"turns":1},{"damage":4,"enemies":"3 Sentries","floor":8,"turns":3},{"damage":12,"enemies":"Lagavulin","floor":10,"turns":5},{"damage":5,"enemies":"Gremlin Gang","floor":12,"turns":2},{"damage":0,"enemies":"Hexaghost","floor":16,"turns":4},{"damage":0,"enemies":"Gensokyo:Chomper","floor":18,"turns":2},{"damage":0,"enemies":"Gensokyo:2_Gloops","floor":19,"turns":3},{"damage":34,"enemies":"Gensokyo:Wraith","floor":20,"turns":4}],"seed_played":"-8965160175060017350","potions_obtained":[{"floor":5,"key":"SmokeBomb"},{"floor":7,"key":"ColorlessPotion"},{"floor":8,"key":"Explosive Potion"},{"floor":12,"key":"jedi:tentaclejuice"}],"is_trial":false,"path_per_floor":["M","?","T","$","M","R","M","E","T","E","R","M","?","$","R","B",null,"M","M","M"],"character_chosen":"PRAEFECT","items_purchased":["Ginger"],"campfire_rested":0,"item_purchase_floors":[14],"current_hp_per_floor":[75,75,75,75,75,75,75,75,75,67,67,67,52,52,52,65,75,75,75,45,45],"gold":179,"neow_bonus":"NOSTALGIA","is_daily":false,"chose_seed":false,"campfire_upgraded":2,"win_rate":0.0,"timestamp":1612786010,"path_taken":["M","?","?","$","M","R","M","E","T","E","R","M","?","?","R","BOSS","M","?","M"],"items_purchased_type":["Relic"],"build_version":"2020-12-22","purchased_purges":1,"victory":false,"max_hp_per_floor":[75,75,75,75,75,75,75,75,75,75,75,75,75,75,75,75,75,75,75,75,75],"card_choices":[{"not_picked":["Anger","Iron Wave","rmod:combined"],"picked":"SKIP","floor":1},{"not_picked":["rmod:chargemoney","rmod:heivgo","rmod:steelsupply","rmod:aluminumsupply"],"picked":"FTL","floor":5},{"not_picked":["Capacitor","Turbo","Fire Breathing","Defragment"],"picked":"rmod:combined","floor":7},{"not_picked":["rmod:fletcherpendant","Whirlwind","rmod:circuitoustactics","Gash"],"picked":"rmod:abidefaith","floor":8},{"not_picked":["Anger","rmod:advancebysurprise","rmod:combined","Hologram"],"picked":"rmod:gendarmerie","floor":10},{"not_picked":["rmod:capitalist","rmod:stealaluminum","rmod:intelligenceanalysis","Gash","Beam Cell"],"picked":"SKIP","floor":12},{"not_picked":["rmod:saltedfish","ReplayTheSpireMod:Omega Cannon","Double Tap","rmod:highspeedmaneuver"],"picked":"rmod:ridicule","floor":16},{"not_picked":["rmod:capitalist","rmod:unsinkable","rmod:ammunitionsupply","rmod:intelligenceanalysis+1"],"picked":"rmod:luckystar","floor":18},{"not_picked":["rmod:unsinkable","rmod:guardianhero+1","rmod:slowdown","rmod:advancebysurprise","rmod:victimresponsibility"],"picked":"SKIP","floor":19}],"player_experience":354200,"relics_obtained":[{"floor":1,"key":"SynthV:TestCard"},{"floor":8,"key":"Replay:Bottled Snecko"},{"floor":9,"key":"reliquary:SharkskinSheath"},{"floor":10,"key":"War Paint"}],"event_choices":[{"damage_healed":0,"gold_gain":0,"player_choice":"Entered Light","damage_taken":15,"max_hp_gain":0,"max_hp_loss":0,"event_name":"Shining Light","floor":13,"gold_loss":0,"cards_upgraded":["FTL","AT_Desolate"]}],"is_beta":false,"boss_relics":[{"not_picked":["Snecko Eye","Replay:Ancient Bell"],"picked":"Dota2Spire:Bloodstone"}],"items_purged_floors":[4],"is_endless":false,"potions_floor_spawned":[5,7,8,12],"killed_by":"Gensokyo:Wraith","ascension_level":3}}