{"host":"7qoz5gmva6til3yp","time":1612802811,"event":{"mods":["2.2 Compatiblity","Astrologer","BaseMod","Marisa£¨Ùöéë¡¡Øª×âÞÞ£©","Minty Spire (QoL Compilation)","StSLib","SuperFastMode","The Poker Player"],"gold_per_floor":[114,128,128,78,788,822,822,822,822,822],"floor_reached":8,"language":"KOR","playtime":333,"items_purged":["PokerPlayerMod:Club1"],"score":87,"play_id":"97a56391-9810-4005-90f0-c3b8101f3e76","local_time":"20210209014651","is_ascension_mode":true,"metric_token":542,"campfire_choices":[{"data":"PokerPlayerMod:CardBurn","floor":7,"key":"SMITH"}],"circlet_count":0,"master_deck":["PokerPlayerMod:Diamond1","PokerPlayerMod:Diamond2","PokerPlayerMod:Diamond3","PokerPlayerMod:Diamond4","PokerPlayerMod:Diamond5","PokerPlayerMod:Spade1","PokerPlayerMod:Spade3","PokerPlayerMod:Spade4","PokerPlayerMod:Club2","PokerPlayerMod:Heart2","PokerPlayerMod:TrumpStrike+1","PokerPlayerMod:BadJoker+1","PokerPlayerMod:Mulligan+1","PokerPlayerMod:MagicTrick","PokerPlayerMod:Diamond6","PokerPlayerMod:CardBurn+1"],"relics":["PokerPlayerMod:DeckCase","Mummified Hand","PokerPlayerMod:PendantOfEscape","War Paint"],"acts_visited":["Exordium"],"potions_floor_usage":[],"damage_taken":[{"damage":0,"enemies":"Small Slimes","floor":1,"turns":2},{"damage":0,"enemies":"Jaw Worm","floor":2,"turns":2},{"damage":8,"enemies":"Gremlin Nob","floor":6,"turns":3},{"damage":40,"enemies":"Lagavulin","floor":8,"turns":3}],"seed_played":"8905500876291401775","potions_obtained":[{"floor":1,"key":"Dexterity Potion"}],"is_trial":false,"path_per_floor":["M","M","?","?","$","E","R","E"],"character_chosen":"THE_POKER_PLAYER","items_purchased":["PokerPlayerMod:PendantOfEscape","PokerPlayerMod:Diamond6"],"campfire_rested":0,"item_purchase_floors":[5,5],"current_hp_per_floor":[52,52,40,40,40,38,38,0,0,0],"gold":822,"neow_bonus":"UPGRADE_CARD","is_daily":false,"chose_seed":false,"campfire_upgraded":1,"win_rate":0.0,"timestamp":1612802811,"path_taken":["M","M","?","?","?","E","R","E"],"items_purchased_type":["Relic","Card"],"build_version":"2020-12-22","purchased_purges":1,"victory":false,"max_hp_per_floor":[52,52,52,52,52,52,52,52,52,52],"card_choices":[{"not_picked":["PokerPlayerMod:DartThrow","PokerPlayerMod:HiddenCard"],"picked":"PokerPlayerMod:MagicTrick","floor":1},{"not_picked":["PokerPlayerMod:Diamond3","PokerPlayerMod:Club2","PokerPlayerMod:Diamond1"],"picked":"SKIP","floor":2},{"not_picked":["PokerPlayerMod:Diamond4","PokerPlayerMod:Spade4"],"picked":"PokerPlayerMod:CardBurn","floor":6}],"player_experience":499134,"relics_obtained":[{"floor":6,"key":"War Paint"}],"event_choices":[{"damage_healed":0,"gold_gain":0,"player_choice":"Success","damage_taken":12,"relics_obtained":["Mummified Hand"],"max_hp_gain":0,"max_hp_loss":0,"event_name":"Scrap Ooze","floor":3,"gold_loss":0},{"cards_removed":["PokerPlayerMod:Spade2"],"damage_healed":0,"gold_gain":0,"player_choice":"Card Removal","damage_taken":0,"max_hp_gain":0,"max_hp_loss":0,"event_name":"The Cleric","floor":4,"gold_loss":50}],"is_beta":false,"boss_relics":[],"items_purged_floors":[5],"is_endless":false,"potions_floor_spawned":[1],"killed_by":"Lagavulin","ascension_level":3}}