{"host":"c6xy0a74zz7y4nf6","time":1612758110,"event":{"mods":["BaseMod","Colored Map","Hermit","Minty Spire (QoL Compilation)","Replay The Spire","Spire Arcade","StSLib","The Cursed","The Death Knight","The Exalted","The Servant 0.9.4","The Wild Card"],"gold_per_floor":[111,24,24,39,39,39,58,89,166,166,166,166,199,222,222,327,327,345,356,375,300,147,177,177,203,203,231,274,184,200,216,216,216,216],"floor_reached":33,"language":"ENG","playtime":1467,"items_purged":["DeathKnight:Strike_DeathKnight"],"score":353,"play_id":"a1dc0406-3efc-4515-bd3d-aab21a18c180","local_time":"20210207222150","is_ascension_mode":true,"campfire_choices":[{"data":"DeathKnight:HowlingBlast","floor":6,"key":"SMITH"},{"floor":12,"key":"REST"},{"floor":15,"key":"REST"},{"floor":24,"key":"REST"},{"floor":32,"key":"REST"}],"circlet_count":0,"master_deck":["DeathKnight:Strike_DeathKnight","DeathKnight:Strike_DeathKnight","DeathKnight:Defend_DeathKnight","DeathKnight:Defend_DeathKnight","DeathKnight:Defend_DeathKnight","DeathKnight:Defend_DeathKnight+1","DeathKnight:Defend_DeathKnight","DeathKnight:RuneTap","DeathKnight:RuneStrike+1","DeathKnight:HowlingBlast+1","DeathKnight:DeathCoil+1","DeathKnight:BloodStrike","DeathKnight:PlagueStrike","DeathKnight:DeathGrip","DeathKnight:WraithWalk","DeathKnight:Runesurge","DeathKnight:ScourgeStrike+1","DeathKnight:Hysteria+1","DeathKnight:SindragosasBreath","DeathKnight:BoneShield+1","DeathKnight:Simulacrum","DeathKnight:IcyTouch","DeathKnight:PathOfFrost","DeathKnight:Lichborne"],"relics":["DeathKnight:BrokenRuneblade","WarpedTongs","Orichalcum","Bottled Lightning","ReplayTheSpireMod:TigerMarble","Vajra","Philosopher\u0027s Stone","ReplayFunnel","Omamori","Meat on the Bone","Happy Flower","DeathKnight:SindragosasSkull"],"acts_visited":["Exordium","TheCity"],"potions_floor_usage":[13,23,25,30,31,33],"damage_taken":[{"damage":5,"enemies":"Jaw Worm","floor":1,"turns":5},{"damage":0,"enemies":"2 Louse","floor":4,"turns":1},{"damage":2,"enemies":"Cultist","floor":7,"turns":2},{"damage":17,"enemies":"3 Sentries","floor":8,"turns":4},{"damage":12,"enemies":"Lagavulin","floor":13,"turns":2},{"damage":41,"enemies":"The Guardian","floor":16,"turns":6},{"damage":0,"enemies":"Chosen","floor":18,"turns":3},{"damage":15,"enemies":"3 Byrds","floor":19,"turns":4},{"damage":0,"enemies":"Cultist and Chosen","floor":20,"turns":4},{"damage":22,"enemies":"Book of Stabbing","floor":23,"turns":4},{"damage":35,"enemies":"Slavers","floor":25,"turns":3},{"damage":13,"enemies":"Gremlin Leader","floor":27,"turns":4},{"damage":0,"enemies":"Centurion and Healer","floor":30,"turns":5},{"damage":9,"enemies":"Snake Plant","floor":31,"turns":3},{"damage":66,"enemies":"Champ","floor":33,"turns":8}],"seed_played":"-1673782279923412691","potions_obtained":[{"floor":8,"key":"Death Potion"},{"floor":20,"key":"Fire Potion"},{"floor":27,"key":"ColorlessPotion"},{"floor":28,"key":"GamblersBrew"},{"floor":31,"key":"Weak Potion"}],"is_trial":false,"path_per_floor":["M","$","?","M","?","R","M","E","T","?","?","R","E","T","R","B",null,"M","M","M","?","$","E","R","E","T","E","?","?","M","M","R","B"],"character_chosen":"DEATH_KNIGHT","items_purchased":["DeathKnight:DeathCoil+1","DeathKnight:BloodStrike","DeathKnight:SindragosasBreath"],"campfire_rested":4,"item_purchase_floors":[2,2,22],"current_hp_per_floor":[77,77,77,77,77,77,75,58,58,51,35,59,47,47,71,30,82,82,67,67,67,67,45,69,34,34,33,1,1,13,16,40,0,0],"gold":216,"neow_bonus":"TEN_PERCENT_HP_BONUS","is_daily":false,"chose_seed":false,"campfire_upgraded":1,"win_rate":0.0,"timestamp":1612758110,"path_taken":["M","$","?","M","?","R","?","E","T","?","?","R","E","?","R","BOSS","M","M","M","?","$","E","R","E","T","E","?","?","?","M","R","BOSS"],"items_purchased_type":["Card","Card","Card"],"build_version":"2020-12-22","purchased_purges":1,"victory":false,"max_hp_per_floor":[82,82,82,82,82,82,82,82,82,82,82,82,82,82,82,82,82,82,82,82,82,82,82,82,82,82,82,82,82,82,82,82,82,82],"card_choices":[{"not_picked":["DeathKnight:BloodPact","DeathKnight:BloodBoil"],"picked":"DeathKnight:HowlingBlast","floor":1},{"not_picked":["DeathKnight:BoneSpear","DeathKnight:IcyTouch"],"picked":"DeathKnight:PlagueStrike","floor":4},{"not_picked":["DeathKnight:HowlingBlast","DeathKnight:Culling"],"picked":"DeathKnight:DeathGrip","floor":7},{"not_picked":["DeathKnight:BludPresence","DeathKnight:DeathCoil"],"picked":"DeathKnight:WraithWalk","floor":8},{"not_picked":["DeathKnight:DeathsAdvance","DeathKnight:WraithWalk","DeathKnight:FrostStrike"],"picked":"SKIP","floor":13},{"not_picked":["DeathKnight:ReapingStrike","DeathKnight:Razorice"],"picked":"DeathKnight:Runesurge","floor":16},{"not_picked":["DeathKnight:BladedArmor","DeathKnight:WraithWalk+1","DeathKnight:DeathGrip"],"picked":"SKIP","floor":18},{"not_picked":["DeathKnight:Culling","DeathKnight:UnholyFrenzy"],"picked":"DeathKnight:ScourgeStrike+1","floor":19},{"not_picked":["DeathKnight:BloodStrike","DeathKnight:HornOfWinter"],"picked":"DeathKnight:Hysteria","floor":20},{"not_picked":["DeathKnight:DancingRuneblade","DeathKnight:HartStrike"],"picked":"DeathKnight:BoneShield+1","floor":23},{"not_picked":["DeathKnight:RunicCorruption","DeathKnight:DancingRuneblade"],"picked":"DeathKnight:Simulacrum","floor":25},{"not_picked":["DeathKnight:UnholyAssault+1","DeathKnight:ThirstingStrike","DeathKnight:BloodStrike"],"picked":"SKIP","floor":27},{"not_picked":["DeathKnight:ShatteringStrikes","DeathKnight:MindFreeze+1"],"picked":"DeathKnight:IcyTouch","floor":28},{"not_picked":["DeathKnight:BludPresence","DeathKnight:UnholyPresence"],"picked":"DeathKnight:PathOfFrost","floor":30},{"not_picked":["DeathKnight:BloodPact","DeathKnight:Parry"],"picked":"DeathKnight:Lichborne","floor":31}],"player_experience":112683,"relics_obtained":[{"floor":8,"key":"Orichalcum"},{"floor":9,"key":"Bottled Lightning"},{"floor":13,"key":"ReplayTheSpireMod:TigerMarble"},{"floor":14,"key":"Vajra"},{"floor":23,"key":"ReplayFunnel"},{"floor":25,"key":"Omamori"},{"floor":26,"key":"Meat on the Bone"},{"floor":27,"key":"Happy Flower"},{"floor":28,"key":"DeathKnight:SindragosasSkull"}],"event_choices":[{"damage_healed":0,"gold_gain":0,"player_choice":"Rummage","damage_taken":0,"relics_obtained":["WarpedTongs"],"max_hp_gain":0,"max_hp_loss":0,"event_name":"Accursed Blacksmith","floor":5,"gold_loss":0,"cards_obtained":["Pain"]},{"cards_removed":["Pain"],"damage_healed":0,"gold_gain":0,"player_choice":"Card Removal","damage_taken":7,"max_hp_gain":0,"max_hp_loss":0,"event_name":"Golden Wing","floor":10,"gold_loss":0},{"damage_healed":0,"gold_gain":0,"player_choice":"Entered Light","damage_taken":16,"max_hp_gain":0,"max_hp_loss":0,"event_name":"Shining Light","floor":11,"gold_loss":0,"cards_upgraded":["DeathKnight:RuneStrike","DeathKnight:Defend_DeathKnight"]},{"cards_removed":["DeathKnight:Strike_DeathKnight"],"damage_healed":0,"gold_gain":0,"player_choice":"Gave Gold","damage_taken":0,"max_hp_gain":0,"max_hp_loss":0,"event_name":"Beggar","floor":21,"gold_loss":75},{"cards_removed":["DeathKnight:Strike_DeathKnight"],"damage_healed":0,"gold_gain":0,"player_choice":"Upgrade and Remove","damage_taken":0,"max_hp_gain":0,"max_hp_loss":0,"event_name":"Designer","floor":29,"gold_loss":90,"cards_upgraded":["DeathKnight:Hysteria"]}],"is_beta":false,"boss_relics":[{"not_picked":["Velvet Choker","Empty Cage"],"picked":"Philosopher\u0027s Stone"}],"items_purged_floors":[22],"is_endless":false,"potions_floor_spawned":[8,20,27,31],"killed_by":"Champ","ascension_level":1}}