{"host":"ihsge0lre3slh6sc","time":1612807023,"event":{"mods":["Act Like it!","Arknights","BaseMod","CapriCore","Highlight Path","Lobotomy","LobotomyExtend","Marisa（F雨　魔理沙）","Minty Spire (QoL Compilation)","MostiFishMod","Quick Restart","Remilia（蕾米莉亚）","Shop Mod","StSLib","TestMod","The Immortal","Waifu the Spire","WarShipGirlsR/战舰少女R mod","Yakumo Yukari mod","Youmu（魂魄妖梦）","[IsaacMod]以撒尖塔","篝火指南"],"gold_per_floor":[18,18,35,35,35,67,86,119,198,598,630,642,642,657,657,762,762,782,782,797,797,797,825,825,855,855,874,577,595,595,-974,-974,-875,-875,-858,-858],"floor_reached":35,"language":"ZHS","playtime":1074,"items_purged":["ats:Strike S","ats:Very Hot Blade","ats:Armor Crushing Shot"],"score":702,"play_id":"7db44a95-d0b3-430b-9ed5-3d9a4e3d077d","local_time":"20210209015703","is_ascension_mode":true,"campfire_choices":[{"data":"ats:Mental Burst","floor":15.0,"key":"SMITH"},{"data":"ats:Directed Diagnosis","floor":32,"key":"SMITH"}],"circlet_count":0,"master_deck":["ats:Defend","ats:Defend","ats:Defend","ats:Emotion Absorption","ats:Explosion Area Strengthen","ats:Hammer On","ats:Closed Bolt Burst Fire","ats:Mental Burst+1","ats:Calcification+1","ats:Shadow Assault","ats:Nebulous Foxfire","ats:Roar Of Ursus","ats:Directed Diagnosis+1","ats:Serious Mode","ats:Revitalization+1","ats:Disruption Kick","ats:Calcification","ats:Calcification","ats:Shadow Assault"],"relics":["ats:Sanity","HushsDoor","testmod-TestBox","EGODaCapo","testmod-CrystalShield","GuppysTail","SynthV:TestCard","Ancient Tea Set","LetterFromLob","ats:Originium","Strawberry","Akabeko","testmod-Antiphasic","FeatherPendant","AntiCross","HornCleat","Blood Vial","SynthV:MejaisSoulstealer","testmod-SaigiyounoYou","Damocles"],"acts_visited":["Exordium","TheCity","TheBeyond"],"potions_floor_usage":[],"damage_taken":[{"damage":0.0,"enemies":"2 Louse","floor":1.0,"turns":2.0},{"damage":0.0,"enemies":"Cultist","floor":3.0,"turns":4.0},{"damage":1.0,"enemies":"3 Sentries","floor":6.0,"turns":8.0},{"damage":0.0,"enemies":"Jaw Worm","floor":7.0,"turns":3.0},{"damage":0.0,"enemies":"Gremlin Nob","floor":8.0,"turns":3.0},{"damage":0.0,"enemies":"3 Sentries","floor":11.0,"turns":3.0},{"damage":0.0,"enemies":"Lots of Slimes","floor":12.0,"turns":1.0},{"damage":0.0,"enemies":"Exordium Thugs","floor":14.0,"turns":4.0},{"damage":0.0,"enemies":"Slime Boss","floor":16.0,"turns":5.0},{"damage":3.0,"enemies":"3 Byrds","floor":18.0,"turns":2.0},{"damage":7.0,"enemies":"Shell Parasite","floor":20.0,"turns":3.0},{"damage":4.0,"enemies":"Slavers","floor":23.0,"turns":2.0},{"damage":9.0,"enemies":"Book of Stabbing","floor":25.0,"turns":3.0},{"damage":2.0,"enemies":"Shelled Parasite and Fungi","floor":27.0,"turns":1.0},{"damage":0,"enemies":"Snecko","floor":29,"turns":3},{"damage":16,"enemies":"Automaton","floor":33,"turns":8},{"damage":12,"enemies":"3 Darklings","floor":35,"turns":4}],"seed_played":"-8453076276443974174","potions_obtained":[{"floor":3.0,"key":"SpeedPotion"},{"floor":11.0,"key":"ats:Burn Small Potion"},{"floor":14.0,"key":"Fire Potion"}],"is_trial":false,"path_per_floor":["M","?","M","?","$","E","M","E","T","?","E","M","M","M","R","B",null,"M","?","M","?","?","E","?","E","T","M","R","M","?","$","R","B",null,"M"],"character_chosen":"DOCTOR_CLASS","items_purchased":["Blood Vial","ats:Serious Mode","ats:Disruption Kick","SynthV:MejaisSoulstealer","Damocles","ats:Calcification","ats:Shadow Assault"],"campfire_rested":0,"item_purchase_floors":[28,28,31,31,34,34,34],"current_hp_per_floor":[72,57,57,50,50,56,56,56,56,56,56,56,56,58,58,58,74,71,74,68,53,53,51,51,44,44,42,42,50,50,50,50,74,56,54,54],"gold":-858,"neow_bonus":"TRANSFORM_TWO_CARDS","is_daily":false,"chose_seed":false,"campfire_upgraded":2,"win_rate":0.0,"timestamp":1612807023,"path_taken":["M","?","M","?","$","E","M","E","T","?","E","?","M","M","R","BOSS","M","?","M","?","?","E","?","E","T","M","R","M","?","?","R","BOSS","M"],"items_purchased_type":["Relic","Card","Card","Relic","Relic","Card","Card"],"build_version":"2020-12-22","purchased_purges":3,"victory":false,"max_hp_per_floor":[72,72,72,72,72,79,79,79,79,79,79,79,79,79,79,79,74,74,74,74,74,74,74,74,74,74,74,74,74,74,74,74,74,56,56,56],"card_choices":[{"not_picked":[],"picked":"Bomb","floor":0.0},{"not_picked":["ats:Explosion Area Strengthen","ats:Soul Absorption","ats:Poison Spread"],"picked":"SKIP","floor":1.0},{"not_picked":["ats:Revitalization","Bomb","ats:Phantom","ats:Steam Pump"],"picked":"ats:Hammer On","floor":3.0},{"not_picked":["Bomb","ats:Powerful Strike","ats:Ignite","ats:Consecutive Shot Auto"],"picked":"ats:Closed Bolt Burst Fire","floor":6.0},{"not_picked":["ats:Healing Strengthening","ats:Guard Mode","ats:Neurotoxin","Bomb"],"picked":"ats:Very Hot Blade","floor":7.0},{"not_picked":["ats:Volcano","ats:Ignite","ats:Assault Order","ats:Defend Order"],"picked":"ats:Mental Burst","floor":8.0},{"not_picked":["ats:Shadow Raid","ats:Neurotoxin","Bomb","ats:Magnetic Hammer","ats:Powerful Strike"],"picked":"SKIP","floor":11.0},{"not_picked":["ats:Ignite","ats:Shell Defense","ats:Assault Order","ats:Support Order"],"picked":"ats:Calcification","floor":12.0},{"not_picked":["ats:Hammer On","ats:Spore Proliferation","Bomb","ats:Cat Scratch","ats:Leaping Hammer"],"picked":"SKIP","floor":14.0},{"not_picked":["ats:Hammer On","ats:Spore Proliferation","ats:Cat Scratch","ats:Leaping Hammer"],"picked":"Bomb","floor":14.0},{"not_picked":["ats:Dogmatic Field","ats:Roar Of Ursus","ats:True Silver Slash","ats:Rat Pack"],"picked":"ats:Shadow Assault","floor":16.0},{"not_picked":["ats:Assault Order","ats:Absolute Focus","ats:Guard Mode","ats:Flexible Camouflage","ats:Thorns+1"],"picked":"SKIP","floor":18.0},{"not_picked":["ats:Consecutive Shot Auto+1","ats:Absolute Focus+1","ats:Defend Order","ats:Disruption Kick","ats:Hammer On"],"picked":"SKIP","floor":20.0},{"not_picked":["ats:Ignite","ats:Collapsing Strike","ats:Song Of Battle","ats:Beaten Up","ats:Shadow Raid"],"picked":"SKIP","floor":23.0},{"not_picked":["ats:Guard Mode","ats:Apocalypse+1","ats:Assault Order+1","ats:Absolute Focus","ats:Poison Spread"],"picked":"SKIP","floor":25.0},{"not_picked":["ats:Apocalypse","ats:Counter Healing Mode+1","ats:Blood Oath","ats:Cat Scratch"],"picked":"ats:Directed Diagnosis","floor":27.0},{"not_picked":["ats:Sunburst","ats:Beaten Up","ats:Guardian Obelisk","ats:Flexible Camouflage"],"picked":"ats:Revitalization+1","floor":29},{"not_picked":["ats:Disruption Kick","ats:Soul Rend","ats:Dogmatic Field","ats:Fractured Body"],"picked":"ats:Calcification","floor":33}],"player_experience":824638,"relics_obtained":[{"floor":1.0,"key":"SynthV:TestCard"},{"floor":3.0,"key":"LetterFromLob"},{"floor":6.0,"key":"ats:Originium"},{"floor":6.0,"key":"Strawberry"},{"floor":8.0,"key":"ats:Originium"},{"floor":8.0,"key":"Akabeko"},{"floor":11.0,"key":"ats:Originium"},{"floor":11.0,"key":"testmod-Antiphasic"},{"floor":23.0,"key":"ats:Originium"},{"floor":23.0,"key":"AntiCross"},{"floor":25.0,"key":"HornCleat"}],"event_choices":[{"cards_removed":["ats:Strike V"],"damage_healed":0.0,"max_hp_gain":0.0,"max_hp_loss":0.0,"gold_gain":0.0,"event_name":"Golden Wing","player_choice":"Card Removal","floor":4.0,"gold_loss":0.0,"damage_taken":7.0},{"damage_healed":0.0,"max_hp_gain":0.0,"max_hp_loss":0.0,"gold_gain":400.0,"event_name":"恩洛斯的盘子","player_choice":"Sell","floor":10.0,"relics_lost":["DaveBox"],"gold_loss":0.0,"damage_taken":0.0},{"damage_healed":0.0,"max_hp_gain":0.0,"max_hp_loss":0.0,"gold_gain":0.0,"cards_transformed":["ats:Strike C","ats:Echo Reverb"],"event_name":"Drug Dealer","player_choice":"Became Test Subject","floor":22.0,"gold_loss":0.0,"damage_taken":0.0,"cards_obtained":["ats:Nebulous Foxfire","ats:Roar Of Ursus"]},{"damage_healed":0.0,"max_hp_gain":0.0,"max_hp_loss":0.0,"gold_gain":0.0,"event_name":"Accursed Blacksmith","player_choice":"Forge","floor":24.0,"gold_loss":0.0,"damage_taken":0.0,"cards_upgraded":["ats:Calcification"]},{"damage_healed":0,"gold_gain":0,"player_choice":"Ignored","damage_taken":0,"max_hp_gain":0,"max_hp_loss":0,"event_name":"Ghosts","floor":30,"gold_loss":0}],"is_beta":false,"boss_relics":[{"not_picked":["MagicMushroom","testmod-DeterminationOfClimber"],"picked":"FeatherPendant"},{"not_picked":[]},{"not_picked":["testmod-Recursion","SlaversCollar"],"picked":"testmod-SaigiyounoYou"},{"not_picked":[]}],"items_purged_floors":[17,28,31],"is_endless":false,"potions_floor_spawned":[3,11,14,16,18,20,29],"killed_by":"3 Darklings","ascension_level":2}}