{"host":"cfcn10u57yqishn5","time":1612791931,"event":{"mods":["2.2 Compatiblity","BaseMod","Block Reminder","Card Forge","Curses Come First","GifTheSpireLib","Minty Spire (QoL Compilation)","Reliquary","StSLib","The Animator","The Blue Laboratory","The Cursed","The Judge"],"gold_per_floor":[113,113,113,188,198,232,232,232,232,286,297,0,14,30,30,133,133,152,167,167,67,67,100,100,100,100,100,116,116,134,149,149,254,254,266,366,214,0,14,14,28,78,102,102,102,113,113,138,138,138,138],"floor_reached":50,"language":"ENG","playtime":5173,"items_purged":[],"score":563,"play_id":"5e71a59e-4122-4942-93b6-8587104c6874","local_time":"20210208084531","is_ascension_mode":false,"campfire_choices":[{"data":"TheCursedMod:HellfireBreathing","floor":8,"key":"SMITH"},{"data":"TheCursedMod:TroublousMinions","floor":15,"key":"SMITH"},{"data":"TheCursedMod:HellfireBreathing","floor":24,"key":"SMITH"},{"data":"TheCursedMod:LuckyCharm","floor":29,"key":"SMITH"},{"data":"TheCursedMod:CursedWand","floor":32,"key":"SMITH"},{"data":"TheCursedMod:CollectTribute","floor":40,"key":"SMITH"},{"data":"TheCursedMod:HellfireBreathing","floor":45,"key":"SMITH"},{"data":"TheCursedMod:CursedShiv","floor":47,"key":"SMITH"},{"floor":49,"key":"REST"}],"circlet_count":0,"master_deck":["TheCursedMod:Defend_TheCursed","TheCursedMod:Defend_TheCursed","TheCursedMod:Defend_TheCursed","TheCursedMod:Defend_TheCursed","TheCursedMod:CursedWand+1","TheCursedMod:Dregs","TheCursedMod:HellfireBreathing+1","WordoMod:Accursed","TheCursedMod:AbyssShockwave+1","TheCursedMod:BlessingInDisguise","TheCursedMod:LuckyCharm+1","TheCursedMod:HellfireBreathing+1","TheCursedMod:CursedAmulet","TheCursedMod:TroublousMinions+1","TheCursedMod:CursedBoomerang","TheCursedMod:Obscuration","Bite","Bite","Bite","Bite","Bite","TheCursedMod:CursedAmulet","TheCursedMod:CursedBoomerang","TheCursedMod:TroublousMinions+1","TheCursedMod:CursedArmor+1","TheCursedMod:CollectTribute+1","TheCursedMod:CursedShiv+1","TheCursedMod:HellsGateOpen+1","TheCursedMod:HellfireBreathing+1","TheCursedMod:CursedArmor+1"],"relics":["TheCursedMod:BlackMagic101","Hammer of Thor","Seething Fire","Anvil of the Gods","NeowsBlessing","Meat on the Bone","TheCursedMod:Tack","reliquary:FeatherDuster","Whetstone","Membership Card","reliquary:TridentHead","TheCursedMod:FourLeafCloverCharm","Bag of Preparation","Toxic Egg 2","reliquary:JackalopeAntler","SacredBark","Ginger","Red Mask","FossilizedHelix","reliquary:Knoch","Gambling Chip"],"acts_visited":["Exordium","TheCity","TheBeyond"],"potions_floor_usage":[6,16,16,30,33,42,48],"damage_taken":[{"damage":0.0,"enemies":"Small Slimes","floor":1.0,"turns":1.0},{"damage":0.0,"enemies":"Cultist","floor":5.0,"turns":1.0},{"damage":0,"enemies":"3 Sentries","floor":6,"turns":1},{"damage":1,"enemies":"2 Louse","floor":11,"turns":2},{"damage":2,"enemies":"Blue Slaver","floor":13,"turns":3},{"damage":0,"enemies":"Looter","floor":14,"turns":3},{"damage":18,"enemies":"The Guardian","floor":16,"turns":9},{"damage":0,"enemies":"3 Byrds","floor":18,"turns":3},{"damage":0,"enemies":"Shell Parasite","floor":19,"turns":6},{"damage":1,"enemies":"Slavers","floor":23,"turns":4},{"damage":12,"enemies":"Snake Plant","floor":28,"turns":6},{"damage":5,"enemies":"Centurion and Healer","floor":30,"turns":5},{"damage":11,"enemies":"Snecko","floor":31,"turns":5},{"damage":13,"enemies":"Collector","floor":33,"turns":11},{"damage":1,"enemies":"3 Darklings","floor":35,"turns":5},{"damage":31,"enemies":"3 Shapes","floor":39,"turns":5},{"damage":3,"enemies":"Jaw Worm Horde","floor":41,"turns":3},{"damage":0,"enemies":"Mind Bloom Boss Battle","floor":42,"turns":5},{"damage":4,"enemies":"Sphere and 2 Shapes","floor":46,"turns":4},{"damage":36,"enemies":"Reptomancer","floor":48,"turns":6},{"damage":66,"enemies":"Time Eater","floor":50,"turns":10}],"seed_played":"2245235953318979365","potions_obtained":[{"floor":5,"key":"Dexterity Potion"},{"floor":6,"key":"FearPotion"},{"floor":13,"key":"SkillPotion"},{"floor":16,"key":"Block Potion"},{"floor":19,"key":"blueLaboratory:PhilterOfMotion"},{"floor":30,"key":"Fruit Juice"},{"floor":33,"key":"SkillPotion"},{"floor":39,"key":"Fire Potion"},{"floor":48,"key":"blueLaboratory:StoneskinPotion"}],"is_trial":false,"path_per_floor":["M","?","$","?","M","E","?","R","T","T","M","$","M","M","R","B",null,"M","M","?","$","?","E","R","?","T","?","M","R","M","M","R","B",null,"M","?","$","?","M","R","M","?","T","?","R","M","R","E","R","B"],"character_chosen":"THE_CURSED","items_purchased":["Membership Card","reliquary:TridentHead","TheCursedMod:CursedAmulet","Bag of Preparation","TheCursedMod:CursedAmulet","Ginger"],"campfire_rested":1,"item_purchase_floors":[12,12,12,21,21,37],"current_hp_per_floor":[75,75,75,64,64,64,52,52,52,52,51,51,49,49,49,43,75,75,75,52,52,52,51,51,51,51,51,48,48,50,45,45,50,57,57,57,57,57,38,38,45,53,53,53,53,51,51,37,54,0,0],"gold":138,"neow_bonus":"THREE_ENEMY_KILL","is_daily":false,"chose_seed":false,"campfire_upgraded":8,"win_rate":0.0,"timestamp":1612791931,"path_taken":["M","?","?","?","M","E","?","R","T","?","M","$","?","M","R","BOSS","M","?","?","$","?","E","R","?","T","?","M","R","M","M","R","BOSS","M","?","?","?","M","R","M","?","T","?","R","M","R","E","R","BOSS"],"items_purchased_type":["Relic","Relic","Card","Relic","Card","Relic"],"build_version":"2020-12-22","purchased_purges":0,"victory":false,"max_hp_per_floor":[75,75,75,75,75,75,75,75,75,75,75,75,75,75,75,75,75,75,75,52,52,52,52,52,52,52,52,52,52,57,57,57,57,57,57,57,57,57,57,57,57,57,57,57,57,57,57,57,57,57,57],"card_choices":[{"not_picked":["TheCursedMod:VitalStrike","TheCursedMod:Stretching"],"picked":"TheCursedMod:HellfireBreathing","floor":1.0},{"not_picked":["TheCursedMod:BloodBarrier","TheCursedMod:CircleOfAmplification","TheCursedMod:Torture"],"picked":"SKIP","floor":5},{"not_picked":["TheCursedMod:SpreadPlague","TheCursedMod:EmpowerCircles"],"picked":"TheCursedMod:LuckyCharm","floor":6},{"not_picked":["TheCursedMod:EmpowerCircles","TheCursedMod:RapidMovement"],"picked":"TheCursedMod:HellfireBreathing","floor":11},{"not_picked":["TheCursedMod:FuryStrike","TheCursedMod:CircleOfFlame"],"picked":"TheCursedMod:TroublousMinions","floor":13},{"not_picked":["TheCursedMod:CursedMace","TheCursedMod:CursedSpellbook"],"picked":"TheCursedMod:CursedBoomerang","floor":14},{"not_picked":["TheCursedMod:CircleOfCorruption","TheCursedMod:SoulCrush+1"],"picked":"TheCursedMod:Obscuration","floor":18},{"not_picked":["TheCursedMod:AshesToAshes","TheCursedMod:SurpriseAttack+1","TheCursedMod:CircleOfFocus"],"picked":"SKIP","floor":19},{"not_picked":["TheCursedMod:Stigma","TheCursedMod:Stretching+1","TheCursedMod:FuryStrike"],"picked":"SKIP","floor":23},{"not_picked":["TheCursedMod:TacticalStrike","TheCursedMod:Torture+1"],"picked":"TheCursedMod:CursedBoomerang","floor":28},{"not_picked":["TheCursedMod:Obscuration+1","TheCursedMod:SmokeScreen+1"],"picked":"TheCursedMod:TroublousMinions+1","floor":30},{"not_picked":["TheCursedMod:Wield","TheCursedMod:RapidMovement+1"],"picked":"TheCursedMod:CursedArmor+1","floor":31},{"not_picked":["TheCursedMod:DemonSword","TheCursedMod:CircleOfAbyss+1"],"picked":"TheCursedMod:CollectTribute","floor":33},{"not_picked":["TheCursedMod:Hemoplague","TheCursedMod:CircleOfCorruption+1","TheCursedMod:Evocation+1"],"picked":"SKIP","floor":35},{"not_picked":["TheCursedMod:Stretching+1","TheCursedMod:Obscuration+1"],"picked":"TheCursedMod:CursedShiv","floor":39},{"not_picked":["TheCursedMod:Stigma+1","TheCursedMod:Evocation+1"],"picked":"TheCursedMod:HellsGateOpen+1","floor":41},{"not_picked":["TheCursedMod:RavingStaff+1","TheCursedMod:WearCloak+1"],"picked":"TheCursedMod:HellfireBreathing","floor":42},{"not_picked":["TheCursedMod:CursedBlade+1","TheCursedMod:CursedMace"],"picked":"TheCursedMod:CursedArmor+1","floor":46},{"not_picked":["TheCursedMod:CircleOfFlame+1","TheCursedMod:DemonicPact","TheCursedMod:Torture+1"],"picked":"SKIP","floor":48}],"player_experience":234541,"relics_obtained":[{"floor":6,"key":"Meat on the Bone"},{"floor":9,"key":"reliquary:FeatherDuster"},{"floor":10,"key":"Whetstone"},{"floor":23,"key":"Toxic Egg 2"},{"floor":26,"key":"reliquary:JackalopeAntler"},{"floor":42,"key":"FossilizedHelix"},{"floor":43,"key":"reliquary:Knoch"},{"floor":48,"key":"Gambling Chip"}],"event_choices":[{"damage_healed":0.0,"max_hp_gain":0.0,"max_hp_loss":0.0,"gold_gain":0.0,"cards_transformed":["TheCursedMod:Strike_TheCursed"],"event_name":"Transmorgrifier","player_choice":"Transformed","floor":2.0,"gold_loss":0.0,"damage_taken":0.0,"cards_obtained":["TheCursedMod:BlessingInDisguise"]},{"damage_healed":0.0,"max_hp_gain":0.0,"max_hp_loss":0.0,"gold_gain":75.0,"event_name":"World of Goop","player_choice":"Gather Gold","floor":4.0,"gold_loss":0.0,"damage_taken":11.0},{"damage_healed":0,"gold_gain":0,"player_choice":"Success","damage_taken":12,"relics_obtained":["TheCursedMod:Tack"],"max_hp_gain":0,"max_hp_loss":0,"event_name":"Scrap Ooze","floor":7,"gold_loss":0},{"damage_healed":0,"gold_gain":0,"player_choice":"Became a vampire","damage_taken":0,"max_hp_gain":0,"max_hp_loss":23,"event_name":"Vampires","floor":20,"gold_loss":0,"cards_obtained":["Bite","Bite","Bite","Bite","Bite"]},{"damage_healed":0,"gold_gain":0,"player_choice":"Ignored","damage_taken":0,"max_hp_gain":0,"max_hp_loss":0,"event_name":"Cursed Tome","floor":22,"gold_loss":0},{"damage_healed":0,"gold_gain":0,"player_choice":"Ignored","damage_taken":0,"max_hp_gain":0,"max_hp_loss":0,"event_name":"Beggar","floor":25,"gold_loss":0},{"damage_healed":0,"gold_gain":0,"player_choice":"Ignored","damage_taken":0,"max_hp_gain":0,"max_hp_loss":0,"event_name":"Ghosts","floor":27,"gold_loss":0},{"damage_healed":0,"gold_gain":100,"player_choice":"Pray","damage_taken":0,"max_hp_gain":0,"max_hp_loss":0,"event_name":"Golden Shrine","floor":36,"gold_loss":0},{"damage_healed":0,"gold_gain":0,"player_choice":"Paid","damage_taken":0,"relics_obtained":["Red Mask"],"max_hp_gain":0,"max_hp_loss":0,"event_name":"Tomb of Lord Red Mask","floor":38,"gold_loss":214},{"damage_healed":0,"gold_gain":0,"player_choice":"Fight","damage_taken":0,"max_hp_gain":0,"max_hp_loss":0,"event_name":"MindBloom","floor":42,"gold_loss":0},{"cards_removed":["TheCursedMod:CleanUpWorkshop"],"damage_healed":0,"gold_gain":0,"player_choice":"Removed Skill","damage_taken":0,"max_hp_gain":0,"max_hp_loss":0,"event_name":"Falling","floor":44,"gold_loss":0}],"is_beta":false,"boss_relics":[{"not_picked":["Runic Pyramid","reliquary:RedCape"],"picked":"TheCursedMod:FourLeafCloverCharm"},{"not_picked":["Pandora\u0027s Box","Runic Dome"],"picked":"SacredBark"}],"items_purged_floors":[],"is_endless":false,"potions_floor_spawned":[5,6,13,16,19,30,33,39,48],"killed_by":"Time Eater","ascension_level":0}}