{"host":"u6f15rvcj4nca0wu","time":1612813060,"event":{"mods":["BaseMod","Bestiary","Colored Map","Highlight Path","Minty Spire (Améliorations d\u0027érgonomie)","Relic Stats"],"gold_per_floor":[113,125,135,155,173,173,202,202,272,272,286,286,286,306,306,402,402,421,0,0,0],"floor_reached":20,"language":"FRA","playtime":4971,"items_purged":[],"score":185,"play_id":"218b56ed-c59f-4d42-ba0b-365ab4404a18","local_time":"20210208203740","is_ascension_mode":true,"campfire_choices":[{"data":"Collect","floor":6.0,"key":"SMITH"},{"data":"ClearTheMind","floor":10.0,"key":"SMITH"},{"data":"Eruption","floor":12.0,"key":"SMITH"},{"floor":15.0,"key":"REST"}],"circlet_count":0,"master_deck":["Strike_P","Strike_P","Strike_P","Strike_P","Defend_P","Defend_P","Defend_P","Defend_P","Eruption+1","Vigilance","BowlingBash","Collect+1","CutThroughFate","ClearTheMind+1","Halt","Evaluate","Protect","Consecrate","Meditate","Blasphemy","EmptyFist"],"relics":["PureWater","Dream Catcher","Frozen Egg 2","Orichalcum","Philosopher\u0027s Stone"],"acts_visited":["TheCity"],"potions_floor_usage":[],"damage_taken":[{"damage":2.0,"enemies":"Jaw Worm","floor":1.0,"turns":3.0},{"damage":0.0,"enemies":"Small Slimes","floor":2.0,"turns":3.0},{"damage":0.0,"enemies":"2 Louse","floor":3.0,"turns":2.0},{"damage":0.0,"enemies":"Blue Slaver","floor":4.0,"turns":4.0},{"damage":10.0,"enemies":"Exordium Thugs","floor":5.0,"turns":4.0},{"damage":10.0,"enemies":"3 Sentries","floor":7.0,"turns":8.0},{"damage":5.0,"enemies":"Exordium Wildlife","floor":11.0,"turns":3.0},{"damage":6.0,"enemies":"Looter","floor":14.0,"turns":4.0},{"damage":45.0,"enemies":"Hexaghost","floor":16.0,"turns":12.0},{"damage":33.0,"enemies":"Chosen","floor":18.0,"turns":8.0},{"damage":100027,"enemies":"3 Byrds","floor":20,"turns":4}],"seed_played":"8940198103003761562","potions_obtained":[{"floor":0.0,"key":"Dexterity Potion"},{"floor":0.0,"key":"Ambrosia"},{"floor":0.0,"key":"BottledMiracle"},{"floor":4.0,"key":"Strength Potion"},{"floor":16.0,"key":"GamblersBrew"}],"is_trial":false,"path_per_floor":["M","M","M","M","M","R","E","?","T","R","M","R","T","M","R","B",null,"M","?","M"],"character_chosen":"WATCHER","items_purchased":[],"campfire_rested":1,"item_purchase_floors":[],"current_hp_per_floor":[70,70,70,70,60,60,50,55,55,55,50,50,50,44,67,22,77,44,44,0,0],"gold":0,"neow_bonus":"THREE_SMALL_POTIONS","is_daily":false,"chose_seed":false,"campfire_upgraded":3,"win_rate":0.0,"timestamp":1612813060,"path_taken":["M","M","M","M","M","R","E","?","T","R","M","R","?","M","R","BOSS","M","?","M"],"items_purchased_type":[],"build_version":"2020-12-13","purchased_purges":0,"victory":false,"max_hp_per_floor":[72,72,72,72,72,72,72,77,77,77,77,77,77,77,77,77,77,77,77,77,77],"relic_stats":{"Dream Catcher":1,"counters":[11,54],"Orichalcum":[66],"obtain_stats":[{"Dream Catcher":7,"Philosopher\u0027s Stone":17,"PureWater":0,"Frozen Egg 2":9,"Orichalcum":13},{"Dream Catcher":6,"Philosopher\u0027s Stone":9,"PureWater":0,"Frozen Egg 2":6,"Orichalcum":7},{"Dream Catcher":24,"Philosopher\u0027s Stone":43,"PureWater":0,"Frozen Egg 2":24,"Orichalcum":27}]},"card_choices":[{"not_picked":["SashWhip","CrushJoints"],"picked":"BowlingBash","floor":1.0},{"not_picked":["ReachHeaven","ClearTheMind"],"picked":"Collect","floor":2.0},{"not_picked":["SashWhip","MentalFortress"],"picked":"CutThroughFate","floor":3.0},{"not_picked":["Protect","JustLucky"],"picked":"ClearTheMind","floor":4.0},{"not_picked":["Tantrum","Ragnarok"],"picked":"Halt","floor":5.0},{"not_picked":["CutThroughFate","ClearTheMind"],"picked":"Evaluate","floor":7.0},{"not_picked":["BowlingBash","LessonLearned"],"picked":"Protect","floor":11.0},{"not_picked":["Indignation","WreathOfFlame"],"picked":"Consecrate","floor":14.0},{"not_picked":["Evaluate","Indignation"],"picked":"Meditate","floor":15.0},{"not_picked":["SpiritShield","LessonLearned"],"picked":"Blasphemy","floor":16.0},{"not_picked":["Protect","EmptyBody+1"],"picked":"EmptyFist","floor":18.0}],"player_experience":216335,"relics_obtained":[{"floor":7.0,"key":"Dream Catcher"},{"floor":9.0,"key":"Frozen Egg 2"},{"floor":13.0,"key":"Orichalcum"}],"event_choices":[{"damage_healed":0.0,"max_hp_gain":5.0,"max_hp_loss":0.0,"gold_gain":0.0,"event_name":"Big Fish","player_choice":"Donut","floor":8.0,"gold_loss":0.0,"damage_taken":0.0},{"damage_healed":0,"gold_gain":0,"player_choice":"Paid Fearfully","damage_taken":0,"max_hp_gain":0,"max_hp_loss":0,"event_name":"Masked Bandits","floor":19,"gold_loss":421}],"is_beta":false,"boss_relics":[{"not_picked":["SlaversCollar","Tiny House"],"picked":"Philosopher\u0027s Stone"}],"items_purged_floors":[],"is_endless":false,"potions_floor_spawned":[3,4,16],"killed_by":"3 Byrds","ascension_level":1}}