{"host":"a3oe3gstxz77c7qu","time":1612743596,"event":{"mods":["2.2 Compatiblity","Act Like it!","Astrologer","BaseMod","Bestiary","Better Altar","Better Match","Better Note","Better Skull","Better Third Choice","Block Reminder","Curses Come First","Custom Start","Dark Map","Downfall","Friendly Minions","GifTheSpireLib","Hallownest","Hermit","Jorbs\u0027s Wanderer Trilogy","Lobotomy","LobotomyExtend","Marisa????????","Minty Spire (QoL Compilation)","Permanent Neow","Quick Restart","Relic Filter Mod","Relic Stats","Reliquary","Replay The Spire","Smile Girya","Spire Arcade","StSLib","The Bug Knight","The Cursed","The Disciple","The Jungle","Uncapped","Unknown Chances","Wandering Minibosses"],"gold_per_floor":[120,137,137,137,137,137,137,137],"floor_reached":7,"language":"ENG","playtime":242,"items_purged":[],"score":59,"play_id":"b01219b0-60c1-4d01-bfcd-5b7ed97eb291","local_time":"20210208001956","is_ascension_mode":true,"campfire_choices":[],"circlet_count":0,"master_deck":["AscendersBane","SpecialBullet","SpecialBullet","SpecialBullet","SpecialBullet","SpecialBullet","SpecialBullet","SpecialBullet","SpecialBullet","CentralCode","ExtractionCode","BlueScar","SwordSharpenedByTears","BlackSwan","Languid","SecurityCode"],"relics":["CogitoBucket","RabbitCall","LetterFromLob","ReplayTheSpireMod:Ring of Addiction","White Beast Statue","Potion Belt"],"acts_visited":["Exordium"],"potions_floor_usage":[7],"damage_taken":[{"damage":9,"enemies":"Small Slimes","floor":1,"turns":5},{"damage":12,"enemies":"2 Louse","floor":2,"turns":3},{"damage":56,"enemies":"Gremlin Nob","floor":7,"turns":4}],"seed_played":"6055232714861549435","potions_obtained":[{"floor":3,"key":"SkillPotion"},{"floor":3,"key":"FearPotion"},{"floor":3,"key":"Dexterity Potion"}],"is_trial":false,"path_per_floor":["M","M","?","?","?","R","E"],"character_chosen":"Angela","items_purchased":[],"campfire_rested":0,"item_purchase_floors":[],"current_hp_per_floor":[54,42,42,50,50,50,0,0],"gold":137,"neow_bonus":"RANDOM_EVENT","is_daily":false,"chose_seed":false,"campfire_upgraded":0,"win_rate":0.0,"timestamp":1612743596,"path_taken":["M","M","?","?","?","R","E"],"items_purchased_type":[],"build_version":"2020-12-22","purchased_purges":0,"victory":false,"max_hp_per_floor":[70,70,70,70,70,70,68,68],"relic_stats":{"counters":[3,12],"obtain_stats":[{"Potion Belt":3,"RabbitCall":0,"CogitoBucket":0,"ReplayTheSpireMod:Ring of Addiction":3,"LetterFromLob":1,"White Beast Statue":3},{"Potion Belt":2,"RabbitCall":0,"CogitoBucket":0,"ReplayTheSpireMod:Ring of Addiction":2,"LetterFromLob":1,"White Beast Statue":2},{"Potion Belt":8,"RabbitCall":0,"CogitoBucket":0,"ReplayTheSpireMod:Ring of Addiction":8,"LetterFromLob":5,"White Beast Statue":8}]},"card_choices":[{"not_picked":["WristCuter"],"picked":"SwordSharpenedByTears","floor":1},{"not_picked":["Regret_ego","Harmony"],"picked":"SKIP","floor":1},{"not_picked":["Bloodbath","WallGazer"],"picked":"BlackSwan","floor":2},{"not_picked":["Horn","Logging"],"picked":"SKIP","floor":2},{"not_picked":["Diffraction","Reverberation"],"picked":"SKIP","floor":2}],"player_experience":1146693,"relics_obtained":[{"floor":1,"key":"LetterFromLob"},{"floor":3,"key":"ReplayTheSpireMod:Ring of Addiction"},{"floor":3,"key":"White Beast Statue"},{"floor":3,"key":"Potion Belt"}],"event_choices":[{"damage_healed":0,"gold_gain":0,"cards_transformed":["InformationCode"],"player_choice":"Change","damage_taken":0,"max_hp_gain":0,"max_hp_loss":0,"event_name":"Living Wall","floor":0,"gold_loss":0,"cards_obtained":["BlueScar"]}],"is_beta":false,"boss_relics":[],"items_purged_floors":[],"is_endless":false,"potions_floor_spawned":[],"killed_by":"Gremlin Nob","ascension_level":10}}