{"host":"am551fa6890rb9vo","time":1612790847,"event":{"mods":["BaseMod","DeckTracker","Minty Spire (QoL Compilation)","Morshu Shopkeeper - ENHANCED","Rare Cards Sparkle","Relic Stats","Smile Girya","StSLib","The IronCluck","everything is the same but u backflip on backflip","slay the spire mod where everything is the same but ironclad has a cowboy hat"],"gold_per_floor":[115,40,55,55,75,75,93,93,119,119,194,210,237,247,247,342,392,408,408,427,438,454,488,343,343,370,98,108,123,123,136,136,234,234,247,297,308,308,308,308,308],"floor_reached":40,"language":"ENG","playtime":3176,"items_purged":["Strike_P","Strike_P","Strike_P"],"score":510,"play_id":"36ef3d2c-281d-44f6-9806-9c0e82b779fe","local_time":"20210208132727","is_ascension_mode":false,"campfire_choices":[{"data":"PathToVictory","floor":6,"key":"SMITH"},{"data":"PathToVictory","floor":8,"key":"SMITH"},{"data":"Eruption","floor":10,"key":"SMITH"},{"floor":15,"key":"REST"},{"floor":25,"key":"REST"},{"floor":30,"key":"REST"},{"floor":32,"key":"REST"}],"circlet_count":0,"master_deck":["Defend_P","Defend_P","Defend_P+1","Defend_P+1","Eruption+1","Vigilance","ReachHeaven","PathToVictory+1","Consecrate","PathToVictory+1","PathToVictory","Scrawl","PathToVictory","Study","Protect","Evaluate","MasterReality"],"relics":["PureWater","Strawberry","MealTicket","Tiny House","Lantern","Blood Vial","Strange Spoon","Busted Crown","Ginger"],"acts_visited":["TheCity","TheBeyond"],"potions_floor_usage":[12,13,22,23,23,33,40],"damage_taken":[{"damage":3,"enemies":"2 Louse","floor":1,"turns":4},{"damage":0,"enemies":"Cultist","floor":3,"turns":2},{"damage":6,"enemies":"Jaw Worm","floor":5,"turns":3},{"damage":3,"enemies":"2 Fungi Beasts","floor":7,"turns":3},{"damage":11,"enemies":"Large Slime","floor":12,"turns":3},{"damage":18,"enemies":"3 Sentries","floor":13,"turns":6},{"damage":0,"enemies":"3 Louse","floor":14,"turns":2},{"damage":0,"enemies":"Slime Boss","floor":16,"turns":6},{"damage":0,"enemies":"Chosen","floor":18,"turns":3},{"damage":16,"enemies":"3 Byrds","floor":20,"turns":5},{"damage":16,"enemies":"Shelled Parasite and Fungi","floor":21,"turns":3},{"damage":16,"enemies":"3 Cultists","floor":22,"turns":3},{"damage":35,"enemies":"Slavers","floor":23,"turns":5},{"damage":34,"enemies":"Centurion and Healer","floor":28,"turns":6},{"damage":32,"enemies":"Sentry and Sphere","floor":29,"turns":6},{"damage":6,"enemies":"3 Cultists","floor":31,"turns":6},{"damage":15,"enemies":"Champ","floor":33,"turns":6},{"damage":58,"enemies":"3 Shapes","floor":35,"turns":4},{"damage":0,"enemies":"Mind Bloom Boss Battle","floor":36,"turns":5},{"damage":15,"enemies":"3 Darklings","floor":37,"turns":5},{"damage":80,"enemies":"Reptomancer","floor":40,"turns":5}],"seed_played":"-6475049234029554166","potions_obtained":[{"floor":1,"key":"DuplicationPotion"},{"floor":7,"key":"Fire Potion"},{"floor":12,"key":"Dexterity Potion"},{"floor":16,"key":"GamblersBrew"},{"floor":17,"key":"Weak Potion"},{"floor":19,"key":"FairyPotion"},{"floor":22,"key":"Dexterity Potion"},{"floor":28,"key":"EssenceOfSteel"},{"floor":29,"key":"LiquidMemories"}],"is_trial":false,"path_per_floor":["M","$","M","?","M","R","M","R","T","R","?","M","E","M","R","B",null,"M","?","M","M","M","E","$","R","T","$","M","M","R","M","R","B",null,"M","?","M","?","?","E"],"character_chosen":"WATCHER","items_purchased":["Protect","Strange Spoon"],"campfire_rested":4,"item_purchase_floors":[24,27],"current_hp_per_floor":[76,76,76,60,54,54,51,51,58,58,47,36,18,18,43,43,91,91,91,75,59,43,8,23,50,50,65,33,3,30,26,53,40,91,33,35,22,22,22,0,0],"gold":308,"neow_bonus":"TEN_PERCENT_HP_BONUS","is_daily":false,"chose_seed":false,"campfire_upgraded":3,"win_rate":0.0,"timestamp":1612790847,"path_taken":["M","$","M","?","M","R","M","R","T","R","?","M","E","M","R","BOSS","M","?","M","M","M","E","$","R","T","$","M","M","R","?","R","BOSS","M","?","M","?","?","E"],"items_purchased_type":["Card","Relic"],"build_version":"2020-12-22","purchased_purges":3,"victory":false,"max_hp_per_floor":[79,79,79,79,79,79,79,79,86,86,86,86,86,86,86,86,91,91,91,91,91,91,91,91,91,91,91,91,91,91,91,91,91,91,91,91,91,91,91,91,91],"relic_stats":{"Blood Vial":14,"Strange Spoon":[15],"Busted Crown":6,"counters":[21,91],"MealTicket":30,"Ginger":[1],"obtain_stats":[{"Blood Vial":26,"Strange Spoon":27,"Lantern":23,"Tiny House":17,"Busted Crown":34,"Strawberry":9,"MealTicket":13,"Ginger":36,"PureWater":0},{"Blood Vial":13,"Strange Spoon":13,"Lantern":13,"Tiny House":8,"Busted Crown":17,"Strawberry":4,"MealTicket":6,"Ginger":19,"PureWater":0},{"Blood Vial":48,"Strange Spoon":48,"Lantern":48,"Tiny House":29,"Busted Crown":72,"Strawberry":12,"MealTicket":21,"Ginger":81,"PureWater":0}]},"card_choices":[{"not_picked":["WreathOfFlame","CrushJoints"],"picked":"ReachHeaven","floor":1},{"not_picked":["CutThroughFate","JustLucky"],"picked":"PathToVictory","floor":3},{"not_picked":["FlurryOfBlows","WheelKick"],"picked":"Consecrate","floor":5},{"not_picked":["Tantrum","Protect"],"picked":"PathToVictory","floor":7},{"not_picked":["ClearTheMind","SashWhip","EmptyFist"],"picked":"SKIP","floor":12},{"not_picked":["Brilliance","Evaluate"],"picked":"PathToVictory","floor":13},{"not_picked":["Wallop","FlurryOfBlows","SashWhip"],"picked":"SKIP","floor":14},{"not_picked":["Omniscience","Establishment"],"picked":"Scrawl","floor":16},{"not_picked":["EmptyBody","Weave"],"picked":"PathToVictory","floor":17},{"not_picked":["CutThroughFate","Crescendo+1","Swivel"],"picked":"SKIP","floor":18},{"not_picked":["JustLucky+1","Adaptation","Establishment"],"picked":"SKIP","floor":20},{"not_picked":["CrushJoints","Tantrum","LikeWater"],"picked":"SKIP","floor":21},{"not_picked":["EmptyBody","WreathOfFlame","Swivel"],"picked":"SKIP","floor":22},{"not_picked":["Adaptation","EmptyMind"],"picked":"Study","floor":23},{"not_picked":["CrushJoints","CutThroughFate+1","Indignation"],"picked":"SKIP","floor":28},{"not_picked":["Halt","Protect+1"],"picked":"Evaluate","floor":29},{"not_picked":["Consecrate","EmptyFist","SashWhip+1"],"picked":"SKIP","floor":31},{"not_picked":["Scrawl","Ragnarok"],"picked":"MasterReality","floor":33},{"not_picked":["Collect+1"],"picked":"SKIP","floor":35},{"not_picked":["ThirdEye+1"],"picked":"SKIP","floor":37}],"player_experience":35536,"relics_obtained":[{"floor":9,"key":"Strawberry"},{"floor":13,"key":"MealTicket"},{"floor":23,"key":"Lantern"},{"floor":26,"key":"Blood Vial"},{"floor":36,"key":"Ginger"}],"event_choices":[{"damage_healed":0,"gold_gain":0,"player_choice":"Entered Light","damage_taken":16,"max_hp_gain":0,"max_hp_loss":0,"event_name":"Shining Light","floor":4,"gold_loss":0,"cards_upgraded":["Strike_P","Defend_P"]},{"damage_healed":0,"gold_gain":75,"player_choice":"Gather Gold","damage_taken":11,"max_hp_gain":0,"max_hp_loss":0,"event_name":"World of Goop","floor":11,"gold_loss":0},{"damage_healed":0,"gold_gain":0,"player_choice":"Got Potions","damage_taken":0,"max_hp_gain":0,"max_hp_loss":0,"event_name":"Lab","floor":19,"gold_loss":0},{"damage_healed":0,"gold_gain":0,"player_choice":"Fight","damage_taken":0,"max_hp_gain":0,"max_hp_loss":0,"event_name":"MindBloom","floor":36,"gold_loss":0},{"damage_healed":0,"gold_gain":0,"player_choice":"Ignored","damage_taken":0,"max_hp_gain":0,"max_hp_loss":0,"event_name":"Mysterious Sphere","floor":38,"gold_loss":0},{"cards_removed":["Strike_P"],"damage_healed":0,"gold_gain":0,"player_choice":"Removed Attack","damage_taken":0,"max_hp_gain":0,"max_hp_loss":0,"event_name":"Falling","floor":39,"gold_loss":0}],"is_beta":false,"boss_relics":[{"not_picked":["Astrolabe","Snecko Eye"],"picked":"Tiny House"},{"not_picked":["SlaversCollar","Calling Bell"],"picked":"Busted Crown"}],"items_purged_floors":[2,24,27],"is_endless":false,"potions_floor_spawned":[1,7,12,16,22,28,29,31],"killed_by":"Reptomancer","ascension_level":0}}