{"host":"d61fcf2p3sjwe6yo","time":1612817770,"event":{"mods":["BaseMod","Colored Map","Koishi","Marisa????????","Minty Spire (QoL Compilation)","StSLib","SuperFastMode","The Servant 0.9.4"],"gold_per_floor":[111,127,127,127,145,145,145,145],"floor_reached":7,"language":"ENG","playtime":269,"items_purged":[],"score":82,"play_id":"0a9c55e5-ff2e-42a7-8918-5e488a29b080","local_time":"20210208235610","is_ascension_mode":true,"campfire_choices":[{"data":"Koishi:Possession","floor":6,"key":"SMITH"}],"circlet_count":0,"master_deck":["AscendersBane","Koishi:BasicStrike","Koishi:BasicStrike","Koishi:BasicStrike","Koishi:BasicDefend","Koishi:BasicDefend","Koishi:BasicDefend","Koishi:BasicDefend","Koishi:Provoke","Koishi:HauntingSlash","Koishi:HeartfeltFancy","Koishi:Possession+1","Koishi:FleetingPhantom"],"relics":["Koishi:ImaginaryFriend","Golden Idol"],"acts_visited":["Exordium"],"potions_floor_usage":[7,7],"damage_taken":[{"damage":8,"enemies":"Small Slimes","floor":1,"turns":5},{"damage":2,"enemies":"Jaw Worm","floor":2,"turns":6},{"damage":7,"enemies":"Cultist","floor":5,"turns":5},{"damage":19,"enemies":"Gremlin Nob","floor":7,"turns":6}],"seed_played":"4599307706358378727","potions_obtained":[{"floor":2,"key":"Weak Potion"},{"floor":5,"key":"SpeedPotion"}],"is_trial":false,"path_per_floor":["M","M","?","?","M","R","E"],"character_chosen":"KOISHI","items_purchased":[],"campfire_rested":0,"item_purchase_floors":[],"current_hp_per_floor":[50,51,30,30,26,26,7,7],"gold":145,"neow_bonus":"TEN_PERCENT_HP_BONUS","is_daily":false,"chose_seed":false,"campfire_upgraded":1,"win_rate":0.0,"timestamp":1612817770,"path_taken":["M","M","?","?","M","R","E"],"items_purchased_type":[],"build_version":"2020-12-22","purchased_purges":0,"victory":false,"max_hp_per_floor":[62,62,62,62,62,62,62,62],"card_choices":[{"not_picked":["Koishi:JumpScare","Koishi:VengefulSpirit"],"picked":"Koishi:HeartfeltFancy","floor":1},{"not_picked":["Koishi:Vanish","Koishi:RacingHeart"],"picked":"Koishi:Possession","floor":2},{"not_picked":["Koishi:StingingMind","Koishi:UnconsciousUprising"],"picked":"Koishi:FleetingPhantom","floor":5}],"player_experience":296103,"relics_obtained":[],"event_choices":[{"damage_healed":0,"gold_gain":0,"player_choice":"Take Damage","damage_taken":21,"relics_obtained":["Golden Idol"],"max_hp_gain":0,"max_hp_loss":0,"event_name":"Golden Idol","floor":3,"gold_loss":0},{"cards_removed":["Koishi:BasicStrike"],"damage_healed":0,"gold_gain":0,"player_choice":"Forget","damage_taken":0,"max_hp_gain":0,"max_hp_loss":0,"event_name":"Living Wall","floor":4,"gold_loss":0}],"is_beta":false,"boss_relics":[],"items_purged_floors":[],"is_endless":false,"potions_floor_spawned":[2,5],"killed_by":"Gremlin Nob","ascension_level":20}}