{"host":"ia9e4s524g7bamk7","time":1612790158,"event":{"mods":["AchievementEnabler","BaseMod","Minty Spire (QoL Compilation)","Slay-I"],"gold_per_floor":[99,99,99,99,99,99,99,99,99],"floor_reached":8,"language":"ENG","playtime":622,"items_purged":[],"score":63,"play_id":"ca9e2122-685e-4333-940a-809e4c75bbc6","local_time":"20210208141558","is_ascension_mode":true,"campfire_choices":[],"circlet_count":0,"master_deck":["Strike_P","Strike_P","Strike_P","Strike_P","Defend_P","Defend_P","Defend_P","Defend_P","Eruption","Vigilance","SashWhip","Consecrate","Evaluate","Ragnarok","Doubt","Consecrate","PathToVictory"],"relics":["Ectoplasm","Darkstone Periapt"],"acts_visited":["Exordium"],"potions_floor_usage":[],"damage_taken":[{"damage":0.0,"enemies":"Small Slimes","floor":1.0,"turns":3.0},{"damage":0.0,"enemies":"Jaw Worm","floor":2.0,"turns":5.0},{"damage":7.0,"enemies":"2 Louse","floor":3.0,"turns":2.0},{"damage":3.0,"enemies":"Lots of Slimes","floor":4.0,"turns":3.0},{"damage":43.0,"enemies":"Lagavulin","floor":6.0,"turns":7.0},{"damage":14.0,"enemies":"Exordium Wildlife","floor":7.0,"turns":4.0},{"damage":7,"enemies":"Gremlin Nob","floor":8,"turns":3}],"seed_played":"-1894039272195930894","potions_obtained":[{"floor":3.0,"key":"CultistPotion"}],"is_trial":false,"path_per_floor":["M","M","M","M","?","E","M","E"],"character_chosen":"WATCHER","items_purchased":[],"campfire_rested":0,"item_purchase_floors":[],"current_hp_per_floor":[72,72,65,62,62,19,5,0,0],"gold":99,"neow_bonus":"BOSS_RELIC","is_daily":false,"chose_seed":false,"campfire_upgraded":0,"win_rate":0.0,"timestamp":1612790158,"path_taken":["M","M","M","M","?","E","M","E"],"items_purchased_type":[],"build_version":"2020-12-22","purchased_purges":0,"victory":false,"max_hp_per_floor":[72,72,72,72,72,72,72,72,72],"card_choices":[{"not_picked":["Crescendo","WaveOfTheHand"],"picked":"SashWhip","floor":1.0},{"not_picked":["BowlingBash","Prostrate"],"picked":"Consecrate","floor":2.0},{"not_picked":["Halt","BowlingBash"],"picked":"Evaluate","floor":3.0},{"not_picked":["PathToVictory","JustLucky"],"picked":"Ragnarok","floor":4.0},{"not_picked":["CrushJoints","BowlingBash"],"picked":"Consecrate","floor":6.0},{"not_picked":["FlyingSleeves","JustLucky"],"picked":"PathToVictory","floor":7.0}],"player_experience":282821,"relics_obtained":[{"floor":6.0,"key":"Darkstone Periapt"}],"event_choices":[{"damage_healed":0.0,"max_hp_gain":0.0,"max_hp_loss":0.0,"gold_gain":175.0,"event_name":"Liars Game","player_choice":"AGREE","floor":5.0,"gold_loss":0.0,"damage_taken":0.0,"cards_obtained":["Doubt"]}],"is_beta":false,"boss_relics":[],"items_purged_floors":[],"is_endless":false,"potions_floor_spawned":[3],"killed_by":"Gremlin Nob","ascension_level":1}}