{"host":"enhox8ej0lkxgw9g","time":1612819184,"event":{"mods":["BaseMod","Downfall","Googly Eyes","Hermit","Minty Spire (QoL Compilation)","StSLib"],"gold_per_floor":[99,99,249,249,249,249,249,276,293,323,337,237,237,253,273,372,372,372,385,396,414,66,66,66,66,66,79,79,7,7,38,55,156,156,56,76,91,109,159,170,170,70,87,87,87,121,147,480,497,497,497,524,23,23,23,23],"floor_reached":57,"language":"ENG","playtime":6380,"items_purged":["Guardian:Strike_Guardian","Guardian:Defend_Guardian"],"score":1390,"play_id":"0bb78ce7-baf7-40fe-b9d3-6bfa48b3b3bd","local_time":"20210208141944","is_ascension_mode":false,"campfire_choices":[{"floor":1,"key":"RECALL"},{"data":"Guardian:FloatingOrbs","floor":12,"key":"SMITH"},{"data":"Guardian:PrismaticBeam","floor":18,"key":"SMITH"},{"data":"Guardian:TwinSlam","floor":23,"key":"SMITH"},{"data":"expansioncontent:DashGenerateEvil","floor":26,"key":"SMITH"},{"data":"Guardian:BaubleBeam","floor":35,"key":"SMITH"},{"data":"Guardian:ConstructionForm","floor":42,"key":"SMITH"},{"data":"Guardian:Preprogram","floor":44,"key":"SMITH"}],"circlet_count":0,"master_deck":["Guardian:Strike_Guardian+1","Guardian:Strike_Guardian+1","Guardian:Defend_Guardian","Guardian:Defend_Guardian","Guardian:CurlUp","Guardian:TwinSlam+1","Guardian:PrismaticBeam+1","Guardian:BronzeOrb+1","Guardian:GatlingBeam","Guardian:ConstructionForm+1","Guardian:FloatingOrbs+1","Guardian:Clone","Guardian:RefractedBeam+1","Guardian:CrystalBeam","expansioncontent:DashGenerateEvil+1","Guardian:BaubleBeam+1","Guardian:PiercingHide","Guardian:GatlingBeam","Guardian:PolyBeam+1","Guardian:Preprogram+1","Guardian:StasisStrike","Guardian:Gem_White","Guardian:FloatingOrbs","Guardian:Emergency","Guardian:DonusPower+1","Guardian:Gem_Cyan","Guardian:Gem_Blue"],"relics":["Guardian:ModeShifter","downfall:HeartsMalice","FossilizedHelix","Shuriken","Whetstone","Bag of Preparation","downfall:HeartBlessingRed","Empty Cage","Bird Faced Urn","MealTicket","Black Star","downfall:HeartBlessingBlue","Gambling Chip","HornCleat","downfall:HeartBlessingGreen","Letter Opener","Molten Egg 2","Anchor","Bag of Marbles","Old Coin","Pocketwatch","Guardian:PickAxe","Orichalcum","HandDrill"],"acts_visited":["Exordium","TheCity","TheBeyond","TheEnding"],"potions_floor_usage":[10,16,16,19,21,22,38,39,46,50],"damage_taken":[{"damage":0,"enemies":"2 Louse","floor":2,"turns":1},{"damage":0,"enemies":"Small Slimes","floor":5,"turns":1},{"damage":0,"enemies":"Gremlin Nob","floor":8,"turns":1},{"damage":0,"enemies":"Cultist","floor":9,"turns":3},{"damage":0,"enemies":"3 Sentries","floor":10,"turns":4},{"damage":0,"enemies":"2 Fungi Beasts","floor":11,"turns":3},{"damage":0,"enemies":"Blue Slaver","floor":14,"turns":3},{"damage":0,"enemies":"Large Slime","floor":15,"turns":4},{"damage":0,"enemies":"WA_ARCHETYPE_RETAIN","floor":16,"turns":4},{"damage":0,"enemies":"Chosen","floor":19,"turns":4},{"damage":0,"enemies":"Spheric Guardian","floor":20,"turns":4},{"damage":30,"enemies":"Snake Plant","floor":21,"turns":5},{"damage":4,"enemies":"downfall:FleeingMerchant","floor":22,"turns":4},{"damage":0,"enemies":"Cultist and Chosen","floor":27,"turns":4},{"damage":6,"enemies":"downfall:FleeingMerchant","floor":29,"turns":4},{"damage":0,"enemies":"Slavers","floor":31,"turns":5},{"damage":30,"enemies":"Shelled Parasite and Fungi","floor":32,"turns":5},{"damage":15,"enemies":"DF_ARCHETYPE_CLAW","floor":33,"turns":6},{"damage":0,"enemies":"3 Darklings","floor":36,"turns":3},{"damage":0,"enemies":"Orb Walker","floor":37,"turns":3},{"damage":3,"enemies":"4 Shapes","floor":38,"turns":4},{"damage":23,"enemies":"2 Orb Walkers","floor":39,"turns":4},{"damage":0,"enemies":"Transient","floor":40,"turns":5},{"damage":8,"enemies":"3 Darklings","floor":43,"turns":4},{"damage":0,"enemies":"Nemesis","floor":46,"turns":5},{"damage":0,"enemies":"Reptomancer","floor":48,"turns":5},{"damage":0,"enemies":"Spire Growth","floor":49,"turns":3},{"damage":8,"enemies":"IC_BLOCK_ARCHETYPE","floor":50,"turns":7},{"damage":28,"enemies":"downfall:CharBossMerchant","floor":52,"turns":7},{"damage":5,"enemies":"downfall:NeowBoss","floor":55,"turns":14},{"damage":52,"enemies":"downfall:NeowBossFinal","floor":56,"turns":9}],"seed_played":"-849896437098027037","potions_obtained":[{"floor":8,"key":"AttackPotion"},{"floor":9,"key":"sneckomod:MuddlingPotion"},{"floor":11,"key":"bronze:BurnAndBuffPotion"},{"floor":14,"key":"PowerPotion"},{"floor":15,"key":"Fire Potion"},{"floor":20,"key":"Dexterity Potion"},{"floor":21,"key":"champ:CounterPotion"},{"floor":31,"key":"FairyPotion"},{"floor":33,"key":"Regen Potion"},{"floor":37,"key":"Explosive Potion"},{"floor":39,"key":"SteroidPotion"},{"floor":43,"key":"FearPotion"},{"floor":48,"key":"SpeedPotion"},{"floor":52,"key":"Weak Potion"}],"is_trial":false,"path_per_floor":["R","M","?","?","M","?","T","E","M","E","M","R","?","M","M","B",null,"R","M","M","M","$","R","T","?","R","M","?","$","$","E","M","B",null,"R","M","M","M","?","M","T","R","M","R","?","E","?","E","M","B",null,"E","$","R","B","B",null],"character_chosen":"GUARDIAN","items_purchased":["Guardian:CrystalBeam","expansioncontent:DashGenerateEvil","Guardian:Gem_Cyan","Bird Faced Urn","Guardian:Gem_Blue","Orichalcum","HandDrill","FairyPotion"],"campfire_rested":0,"item_purchase_floors":[22,22,22,29,29,53,53,53],"current_hp_per_floor":[80,80,80,68,68,68,68,68,68,68,68,68,73,73,73,73,85,85,85,85,55,51,51,51,51,51,51,51,45,45,49,23,12,85,95,95,95,94,76,82,82,82,80,80,80,86,86,94,95,89,95,67,82,82,85,39],"gold":23,"neow_bonus":"THREE_ENEMY_KILL","is_daily":false,"chose_seed":false,"campfire_upgraded":7,"win_rate":0.0,"timestamp":1612819184,"path_taken":["R","M","?","?","M","?","T","E","M","E","?","R","?","M","M","BOSS","R","M","M","M","$","R","T","?","R","M","?","?","$","E","M","BOSS","R","M","M","M","?","M","T","R","M","R","?","E","?","E","M","BOSS","E","$","R","BOSS","BOSS"],"items_purchased_type":["Card","Card","Card","Relic","Card","Relic","Relic","Potion"],"build_version":"2020-12-22","purchased_purges":2,"victory":true,"max_hp_per_floor":[80,80,80,80,80,80,80,80,80,80,80,80,85,85,85,85,85,85,85,85,85,85,85,85,85,85,85,85,85,85,85,85,85,85,95,95,95,95,95,95,95,95,95,95,95,95,95,95,95,95,95,95,95,95,95,95],"card_choices":[{"not_picked":["Guardian:Incinerate","Guardian:PrimingBeam"],"picked":"Guardian:PrismaticBeam","floor":2},{"not_picked":["Guardian:Suspension","Guardian:TemporalStrike"],"picked":"Guardian:BronzeOrb","floor":5},{"not_picked":["Guardian:WalkerClaw","Guardian:Harden"],"picked":"Guardian:GatlingBeam","floor":8},{"not_picked":["Guardian:Planning","Guardian:ShieldCharger"],"picked":"Guardian:Incinerate","floor":9},{"not_picked":["Guardian:Emergency","Guardian:BronzeOrb"],"picked":"Guardian:ConstructionForm","floor":10},{"not_picked":["Guardian:Gem_Fragmented","Guardian:RollAttack"],"picked":"Guardian:FloatingOrbs","floor":11},{"not_picked":["Guardian:Reroute","Guardian:PiercingHide"],"picked":"Guardian:Gem_Red","floor":14},{"not_picked":["Guardian:DecasProtection","Guardian:WalkerClaw"],"picked":"Guardian:Gem_White","floor":15},{"not_picked":["Guardian:GatlingBeam","Guardian:ExploitGems"],"picked":"Guardian:Gem_Synthetic","floor":16},{"not_picked":["Guardian:VentSteam","Guardian:WalkerClaw"],"picked":"Guardian:Gem_Red","floor":19},{"not_picked":["Guardian:Recover","Guardian:TimeBomb"],"picked":"Guardian:Clone","floor":20},{"not_picked":["Guardian:Gem_Green","Guardian:WalkerClaw"],"picked":"Guardian:RefractedBeam+1","floor":21},{"not_picked":["Guardian:PrismaticBeam","Guardian:DonusPower"],"picked":"Guardian:Gem_Crimson","floor":22},{"not_picked":["Guardian:Gem_Lightblue","Guardian:Gem_Green","Guardian:DonusPower"],"picked":"SKIP","floor":27},{"not_picked":["Guardian:Gem_Synthetic","Guardian:Gem_Red"],"picked":"Guardian:BaubleBeam","floor":29},{"not_picked":["Guardian:Planning","Guardian:Gem_Purple"],"picked":"Guardian:Gem_Blue","floor":31},{"not_picked":["Guardian:Planning","Guardian:BronzeArmor"],"picked":"Guardian:PiercingHide","floor":32},{"not_picked":["Guardian:SphericShield","Guardian:StasisField"],"picked":"Guardian:GatlingBeam","floor":33},{"not_picked":["Guardian:ChargeCore","Guardian:Gem_Green"],"picked":"Guardian:PolyBeam+1","floor":36},{"not_picked":["Guardian:RollAttack+1","Guardian:PrimingBeam"],"picked":"Guardian:Preprogram","floor":37},{"not_picked":["Guardian:Incinerate","Guardian:VentSteam"],"picked":"Guardian:Gem_Purple","floor":38},{"not_picked":["Guardian:GuardianWhirl+1","Guardian:PiercingHide"],"picked":"Guardian:StasisStrike","floor":39},{"not_picked":["Guardian:RollAttack+1","Guardian:Gem_Green","Guardian:GuardianWhirl"],"picked":"SKIP","floor":40},{"not_picked":["Guardian:Gem_Red","Guardian:Gem_Lightblue"],"picked":"Guardian:Gem_White","floor":43},{"not_picked":["Guardian:Planning+1","Guardian:PiercingHide","Guardian:Suspension"],"picked":"SKIP","floor":46},{"not_picked":["Guardian:GatlingBeam+1","Guardian:Recover"],"picked":"Guardian:FloatingOrbs","floor":48},{"not_picked":["Guardian:PiercingHide+1","Guardian:Suspension"],"picked":"Guardian:Emergency","floor":49},{"not_picked":["Guardian:Gem_Blue","Guardian:FloatingOrbs"],"picked":"Guardian:DonusPower+1","floor":52}],"player_experience":115084,"relics_obtained":[{"floor":7,"key":"Shuriken"},{"floor":8,"key":"Whetstone"},{"floor":10,"key":"Bag of Preparation"},{"floor":31,"key":"MealTicket"},{"floor":39,"key":"Gambling Chip"},{"floor":41,"key":"HornCleat"},{"floor":46,"key":"Letter Opener"},{"floor":46,"key":"Molten Egg 2"},{"floor":47,"key":"Anchor"},{"floor":48,"key":"Bag of Marbles"},{"floor":48,"key":"Old Coin"},{"floor":52,"key":"Pocketwatch"},{"floor":52,"key":"Guardian:PickAxe"}],"event_choices":[{"damage_healed":0,"gold_gain":0,"player_choice":"Success","damage_taken":12,"relics_obtained":["FossilizedHelix"],"max_hp_gain":0,"max_hp_loss":0,"event_name":"Scrap Ooze","floor":4,"gold_loss":0},{"damage_healed":0,"gold_gain":0,"player_choice":"Donut","damage_taken":0,"max_hp_gain":5,"max_hp_loss":0,"event_name":"Big Fish","floor":13,"gold_loss":0},{"damage_healed":0,"gold_gain":0,"player_choice":"Fight","damage_taken":0,"max_hp_gain":0,"max_hp_loss":0,"event_name":"Mysterious Sphere","floor":39,"gold_loss":0},{"cards_removed":["Guardian:Gem_Red"],"damage_healed":0,"gold_gain":0,"player_choice":"Removed Skill","damage_taken":0,"max_hp_gain":0,"max_hp_loss":0,"event_name":"Falling","floor":45,"gold_loss":0}],"is_beta":false,"boss_relics":[{"not_picked":["bronze:MakeshiftBattery","Sozu"],"picked":"Empty Cage"},{"not_picked":["Fusion Hammer","Runic Dome"],"picked":"Black Star"}],"items_purged_floors":[22,53],"is_endless":false,"potions_floor_spawned":[8,9,11,14,15,20,21,31,33,37,39,43,48,52],"ascension_level":0}}