{"host":"xgo7i0560n9mwvr8","time":1612826292,"event":{"mods":["BaseMod","Colored Map","Downfall","Minty Spire (QoL Compilation)","Permanent Neow","StSLib"],"gold_per_floor":[349,361,380,380,555,555,555,581,481,515,533,548,13,25,35,131,131,31,42,42,61,61,61,61,24,24,9,26,41,41,61,72,169,169,69,85,99,12,26,26,51,94,106,118,33,50,82,98,116,116,116,148,2,2,2,2],"floor_reached":57,"language":"ENG","playtime":7081,"items_purged":["Pride"],"score":1276,"play_id":"7ad94fd8-cdd8-4c63-8cf1-6d288c4ee9da","local_time":"20210208181812","is_ascension_mode":false,"campfire_choices":[{"data":"Guardian:CurlUp","floor":1.0,"key":"SMITH"},{"floor":6.0,"key":"RECALL"},{"floor":9.0,"key":"REST"},{"data":"Guardian:TwinSlam","floor":18.0,"key":"SMITH"},{"data":"Guardian:TimeSifter","floor":26.0,"key":"SMITH"},{"floor":30.0,"key":"REST"},{"data":"Guardian:FierceBash","floor":35,"key":"SMITH"},{"data":"Writhe","floor":43,"key":"PURGE"},{"data":"Guardian:RevengeProtocol","floor":54,"key":"SMITH"}],"circlet_count":0,"master_deck":["Guardian:Strike_Guardian","Guardian:Strike_Guardian","Guardian:Strike_Guardian","Guardian:Defend_Guardian","Guardian:Defend_Guardian","Guardian:Defend_Guardian","Guardian:Defend_Guardian","Guardian:CurlUp+1","Guardian:TwinSlam+1","Decay","Guardian:Incinerate","Guardian:Repulse","Doubt","Guardian:ArmoredProtocol","Guardian:EvasiveProtocol","Guardian:Planning","Guardian:TimeSifter+1","Guardian:Orbwalk","Guardian:FloatingOrbs","Guardian:BronzeOrb+1","Guardian:AncientConstruct","CurseOfTheBell","Guardian:Reroute+1","Guardian:BodySlam+1","Guardian:PiercingHide+1","Guardian:RollAttack+1","Guardian:Recover","Guardian:FierceBash+1","Guardian:Suspension+1","Guardian:Orbwalk","Guardian:Recover","Guardian:TimeBomb+1","Guardian:RevengeProtocol+1","Guardian:Planning","Guardian:TemporalShield+1","Guardian:DecasProtection+1","Guardian:Suspension+1","Guardian:DonusPower","Guardian:PiercingHide","Guardian:SpikerProtocol","Guardian:EvasiveProtocol","Guardian:PiercingHide+1","Guardian:SpikerProtocol","Guardian:ShieldCharger","Guardian:ShieldCharger+1","Guardian:FloatingOrbs","Guardian:Reroute"],"relics":["Guardian:ModeShifterPlus","downfall:ShatteredFragment","Matryoshka","MealTicket","downfall:HeartBlessingRed","Blue Candle","Mummified Hand","Toy Ornithopter","Calling Bell","Bag of Marbles","Ornamental Fan","Peace Pipe","downfall:HeartBlessingGreen","Lizard Tail","Oddly Smooth Stone","Dream Catcher","downfall:HeartBlessingBlue","MawBank","Whetstone","Ancient Tea Set","Bottled Flame","Kunai","Shuriken"],"acts_visited":["Exordium","TheCity","TheBeyond","TheEnding"],"potions_floor_usage":[32,33,42,55,55,56],"damage_taken":[{"damage":7.0,"enemies":"Small Slimes","floor":2.0,"turns":5.0},{"damage":0.0,"enemies":"2 Louse","floor":3.0,"turns":2.0},{"damage":28.0,"enemies":"Gremlin Nob","floor":8.0,"turns":6.0},{"damage":27.0,"enemies":"3 Sentries","floor":10.0,"turns":10.0},{"damage":0.0,"enemies":"Jaw Worm","floor":11.0,"turns":5.0},{"damage":18.0,"enemies":"Large Slime","floor":12.0,"turns":7.0},{"damage":6.0,"enemies":"downfall:FleeingMerchant","floor":13.0,"turns":4.0},{"damage":4.0,"enemies":"Exordium Wildlife","floor":14.0,"turns":4.0},{"damage":6.0,"enemies":"Lots of Slimes","floor":15.0,"turns":2.0},{"damage":30.0,"enemies":"SI_SHIV_ARCHETYPE","floor":16.0,"turns":9.0},{"damage":7.0,"enemies":"Spheric Guardian","floor":19.0,"turns":4.0},{"damage":10.0,"enemies":"Shell Parasite","floor":21.0,"turns":5.0},{"damage":17.0,"enemies":"downfall:FleeingMerchant","floor":25.0,"turns":4.0},{"damage":12.0,"enemies":"downfall:FleeingMerchant","floor":27.0,"turns":4.0},{"damage":11.0,"enemies":"Cultist and Chosen","floor":28.0,"turns":7.0},{"damage":1.0,"enemies":"3 Cultists","floor":29.0,"turns":5.0},{"damage":4.0,"enemies":"Centurion and Healer","floor":31.0,"turns":5.0},{"damage":3,"enemies":"Cultist and Chosen","floor":32,"turns":5},{"damage":28,"enemies":"DF_ARCHETYPE_CLAW","floor":33,"turns":8},{"damage":7,"enemies":"3 Darklings","floor":36,"turns":4},{"damage":1,"enemies":"3 Shapes","floor":37,"turns":2},{"damage":2,"enemies":"downfall:FleeingMerchant","floor":38,"turns":4},{"damage":2,"enemies":"Transient","floor":39,"turns":5},{"damage":8,"enemies":"Giant Head","floor":42,"turns":7},{"damage":1,"enemies":"downfall:FleeingMerchant","floor":45,"turns":3},{"damage":2,"enemies":"4 Shapes","floor":46,"turns":4},{"damage":2,"enemies":"Reptomancer","floor":47,"turns":5},{"damage":0,"enemies":"Maw","floor":48,"turns":6},{"damage":0,"enemies":"Transient","floor":49,"turns":5},{"damage":23,"enemies":"IC_BLOCK_ARCHETYPE","floor":50,"turns":7},{"damage":0,"enemies":"downfall:CharBossMerchant","floor":52,"turns":8},{"damage":12,"enemies":"downfall:NeowBoss","floor":55,"turns":12},{"damage":15,"enemies":"downfall:NeowBossFinal","floor":56,"turns":8}],"seed_played":"-3113186528118718869","potions_obtained":[{"floor":2.0,"key":"FairyPotion"},{"floor":8.0,"key":"sneckomod:MuddlingPotion"},{"floor":11.0,"key":"BlessingOfTheForge"},{"floor":28.0,"key":"FearPotion"},{"floor":29.0,"key":"BlessingOfTheForge"},{"floor":32,"key":"SteroidPotion"},{"floor":42,"key":"bronze:BurnAndBuffPotion"}],"is_trial":false,"path_per_floor":["R","M","M","?","?","R","T","E","R","E","M","M","$","M","M","B",null,"R","M","?","M","?","?","T","$","R","$","M","M","R","M","M","B",null,"R","M","M","$","M","?","T","E","R","?","$","M","E","M","M","B",null,"E","$","R","B","B",null],"character_chosen":"GUARDIAN","items_purchased":["Mummified Hand","Toy Ornithopter","SkillPotion","Guardian:Orbwalk","Guardian:RollAttack","LiquidMemories","Guardian:SpikerProtocol","Bottled Flame","Strength Potion","Guardian:FloatingOrbs","Guardian:Gem_Red","Guardian:Reroute"],"campfire_rested":2,"item_purchase_floors":[13,13,13,13,25,38,45,45,45,53,53,53],"current_hp_per_floor":[80,73,73,49,49,49,49,21,45,18,18,24,33,29,28,3,80,80,73,73,63,63,63,63,61,61,64,53,52,76,72,74,51,80,90,83,82,88,86,86,86,83,83,83,89,87,85,85,85,62,90,90,90,90,78,68],"gold":2,"neow_bonus":"TWO_FIFTY_GOLD","is_daily":false,"chose_seed":false,"campfire_upgraded":5,"win_rate":0.0,"timestamp":1612826292,"path_taken":["R","M","M","?","?","R","T","E","R","E","M","M","$","M","M","BOSS","R","M","?","M","?","?","T","$","R","$","M","M","R","M","M","BOSS","R","M","M","$","M","?","T","E","R","?","?","?","E","M","M","BOSS","E","$","R","BOSS","BOSS"],"items_purchased_type":["Relic","Relic","Potion","Card","Card","Potion","Card","Relic","Potion","Card","Card","Card"],"build_version":"2020-12-22","purchased_purges":1,"victory":true,"max_hp_per_floor":[80,80,80,80,80,80,80,80,80,80,80,80,80,80,80,80,80,80,80,80,80,80,80,80,80,80,80,80,80,80,80,80,80,80,90,90,90,90,90,90,90,90,90,90,90,90,90,90,90,90,90,90,90,90,90,90],"card_choices":[{"not_picked":["Guardian:VentSteam","Guardian:GuardianWhirl"],"picked":"Guardian:Incinerate","floor":2.0},{"not_picked":["Guardian:Planning","Guardian:PrimingBeam"],"picked":"Guardian:Repulse","floor":3.0},{"not_picked":["Guardian:RollAttack","Guardian:Gem_White"],"picked":"Guardian:ArmoredProtocol","floor":8.0},{"not_picked":["Guardian:TimeCapacitor","Guardian:Planning"],"picked":"Guardian:Gem_Red","floor":10.0},{"not_picked":["Guardian:PiercingHide","Guardian:Gem_Purple"],"picked":"Guardian:EvasiveProtocol","floor":11.0},{"not_picked":["Guardian:ShieldCharger","Guardian:Clone"],"picked":"Guardian:Planning","floor":12.0},{"not_picked":["Guardian:VentSteam","Guardian:Gem_Synthetic"],"picked":"Guardian:TimeSifter","floor":13.0},{"not_picked":["Guardian:PrimingBeam","Guardian:WalkerClaw"],"picked":"Guardian:FloatingOrbs","floor":14.0},{"not_picked":["Guardian:Gem_Lightblue","Guardian:Clone"],"picked":"Guardian:BronzeOrb","floor":15.0},{"not_picked":["Guardian:StasisField","Guardian:ExploitGems"],"picked":"Guardian:AncientConstruct","floor":16.0},{"not_picked":["Guardian:Gem_Purple","Guardian:RollAttack+1"],"picked":"Guardian:Reroute+1","floor":19.0},{"not_picked":["Guardian:Planning+1","Guardian:DecasProtection"],"picked":"Guardian:BodySlam+1","floor":21.0},{"not_picked":["Guardian:WalkerClaw+1","Guardian:TemporalStrike+1"],"picked":"Guardian:PiercingHide+1","floor":25.0},{"not_picked":["Guardian:VentSteam+1","Guardian:FloatingOrbs"],"picked":"Guardian:Recover","floor":27.0},{"not_picked":["Guardian:ChargeCore+1","Guardian:FloatingOrbs"],"picked":"Guardian:FierceBash","floor":28.0},{"not_picked":["Guardian:Gem_White","Guardian:Incinerate+1"],"picked":"Guardian:Suspension+1","floor":29.0},{"not_picked":["Guardian:CrystalBeam+1","Guardian:Gem_Lightblue"],"picked":"Guardian:Orbwalk","floor":30.0},{"not_picked":["Guardian:Incinerate","Guardian:PrismaticBeam"],"picked":"Guardian:Recover","floor":31.0},{"not_picked":["Guardian:DonusPower","Guardian:Gem_Crimson"],"picked":"Guardian:TimeBomb+1","floor":32},{"not_picked":["Guardian:TimeSifter","Guardian:StasisField"],"picked":"Guardian:RevengeProtocol","floor":33},{"not_picked":["Guardian:RollAttack","Guardian:Reroute"],"picked":"Guardian:Planning","floor":36},{"not_picked":["Guardian:WalkerClaw+1","Guardian:Planning"],"picked":"Guardian:TemporalShield+1","floor":37},{"not_picked":["Guardian:TimeBomb+1","Guardian:Reroute"],"picked":"Guardian:DecasProtection+1","floor":38},{"not_picked":["Guardian:Gem_Cyan","Guardian:PrimingBeam"],"picked":"Guardian:Suspension+1","floor":39},{"not_picked":["Guardian:Gem_Synthetic","Guardian:TemporalStrike+1"],"picked":"Guardian:DonusPower","floor":42},{"not_picked":["Guardian:Reroute","Guardian:Repulse"],"picked":"Guardian:PiercingHide","floor":45},{"not_picked":["Guardian:RollAttack","Guardian:CrystalBeam+1"],"picked":"Guardian:EvasiveProtocol","floor":46},{"not_picked":["Guardian:AncientConstruct","Guardian:TimeBomb"],"picked":"Guardian:PiercingHide+1","floor":47},{"not_picked":["Guardian:Gem_Crimson","Guardian:EvasiveProtocol"],"picked":"Guardian:SpikerProtocol","floor":48},{"not_picked":["Guardian:Planning+1","Guardian:VentSteam"],"picked":"Guardian:ShieldCharger","floor":49},{"not_picked":["Guardian:Clone","Guardian:Reroute"],"picked":"Guardian:ShieldCharger+1","floor":52}],"player_experience":1018179,"relics_obtained":[{"floor":7.0,"key":"Matryoshka"},{"floor":8.0,"key":"MealTicket"},{"floor":10.0,"key":"Blue Candle"},{"floor":17.0,"key":"Bag of Marbles"},{"floor":17.0,"key":"Ornamental Fan"},{"floor":17.0,"key":"Peace Pipe"},{"floor":24.0,"key":"Dream Catcher"},{"floor":41,"key":"MawBank"},{"floor":41,"key":"Whetstone"},{"floor":42,"key":"Ancient Tea Set"},{"floor":47,"key":"Kunai"},{"floor":52,"key":"Shuriken"}],"event_choices":[{"damage_healed":0.0,"max_hp_gain":0.0,"max_hp_loss":0.0,"gold_gain":0.0,"event_name":"The Library","player_choice":"Read","floor":20.0,"gold_loss":0.0,"damage_taken":0.0,"cards_obtained":["Guardian:MultiBeam"]},{"damage_healed":0.0,"max_hp_gain":0.0,"max_hp_loss":0.0,"gold_gain":0.0,"event_name":"Addict","player_choice":"Stole Relic","floor":23.0,"gold_loss":0.0,"damage_taken":0.0,"relics_obtained":["Oddly Smooth Stone"],"cards_obtained":["Pride"]},{"cards_removed":["Guardian:MultiBeam"],"damage_healed":0,"gold_gain":0,"player_choice":"Removed Attack","damage_taken":0,"max_hp_gain":0,"max_hp_loss":0,"event_name":"Falling","floor":44,"gold_loss":0}],"is_beta":false,"boss_relics":[{"not_picked":["SlaversCollar","Snecko Eye"],"picked":"Calling Bell"},{"not_picked":["Coffee Dripper","bronze:MakeshiftBattery"],"picked":"Guardian:ModeShifterPlus"}],"items_purged_floors":[45],"is_endless":false,"potions_floor_spawned":[2,8,11,28,29,32,42,46,47,48,52],"ascension_level":0}}