{"host":"ishme5wb80o83upk","time":1612805688,"event":{"mods":["BaseMod","HololiveMod","Minty Spire (QoL Compilation)","StSLib"],"gold_per_floor":[20,20,38,53,72,106,106,123,150,150,194,194,235,266,266,352,411,440,472,460,350,377,412,412,412,412],"floor_reached":25,"language":"KOR","playtime":1262,"items_purged":[],"score":747,"play_id":"141a05d2-3e63-4817-b678-9cd97b406031","local_time":"20210209023448","is_ascension_mode":true,"campfire_choices":[{"data":"Hololive_FlareMind","floor":7.0,"key":"SMITH"},{"data":"Hololive_CallArtia","floor":15.0,"key":"SMITH"},{"data":"Hololive_Nanodesu","floor":24.0,"key":"SMITH"}],"circlet_count":0,"master_deck":["AscendersBane","Hololive_Strike","Hololive_Defend","Hololive_Teleport","Hololive_CallRoboco","Hololive_CallAkaiHaato","Hololive_CallRoboco","Hololive_CallMoonaHoshinova","Hololive_CallTokoyamiTowa","Violence+1","Hololive_CallShiranuiFlare","Hololive_FlareMind+1","Hololive_CallAmaneKanata","Hololive_CallArtia+1","Hololive_CallYukihanaLamy","Hololive_CallTokinoSora","Hololive_CallFriendA","Hololive_CallRosalyn","Hololive_CallShirakamiFubuki+1","Hololive_DurableLive","Hololive_CallHoshimachiSuisei","Hololive_CallUruhaRushia","Hololive_CallYozoraMel+1","Hololive_DDD","Hololive_Nanodesu+1"],"relics":["Hololive_TheStar","Prayer Wheel","CeramicFish","Lantern","Juzu Bracelet","Tiny House","Red Mask","Strawberry"],"acts_visited":["Exordium","TheCity"],"potions_floor_usage":[25,25],"damage_taken":[{"damage":0.0,"enemies":"Jaw Worm","floor":1.0,"turns":3.0},{"damage":0.0,"enemies":"2 Louse","floor":3.0,"turns":2.0},{"damage":0.0,"enemies":"Small Slimes","floor":4.0,"turns":3.0},{"damage":8.0,"enemies":"Exordium Thugs","floor":5.0,"turns":5.0},{"damage":0.0,"enemies":"3 Sentries","floor":6.0,"turns":5.0},{"damage":0.0,"enemies":"Blue Slaver","floor":8.0,"turns":3.0},{"damage":0.0,"enemies":"Gremlin Nob","floor":11.0,"turns":4.0},{"damage":0.0,"enemies":"3 Sentries","floor":13.0,"turns":6.0},{"damage":0.0,"enemies":"Exordium Wildlife","floor":14.0,"turns":4.0},{"damage":0.0,"enemies":"Hexaghost","floor":16.0,"turns":8.0},{"damage":0.0,"enemies":"Spheric Guardian","floor":18.0,"turns":4.0},{"damage":0.0,"enemies":"Masked Bandits","floor":19.0,"turns":3.0},{"damage":0.0,"enemies":"2 Thieves","floor":20.0,"turns":4.0},{"damage":0.0,"enemies":"Snake Plant","floor":22.0,"turns":5.0},{"damage":0.0,"enemies":"Book of Stabbing","floor":23.0,"turns":5.0},{"damage":57,"enemies":"Slavers","floor":25,"turns":5}],"seed_played":"-6933186784456200710","potions_obtained":[{"floor":1.0,"key":"CultistPotion"},{"floor":3.0,"key":"SmokeBomb"},{"floor":5.0,"key":"Energy Potion"},{"floor":12.0,"key":"GamblersBrew"},{"floor":12.0,"key":"SkillPotion"},{"floor":16.0,"key":"SkillPotion"},{"floor":20.0,"key":"FearPotion"}],"is_trial":false,"path_per_floor":["M","?","M","M","M","E","R","M","T","?","E","?","E","M","R","B",null,"M","?","M","?","M","E","R","E"],"character_chosen":"Hololive_HololiveCharacter","items_purchased":[],"campfire_rested":0,"item_purchase_floors":[],"current_hp_per_floor":[27,27,27,27,19,19,19,19,19,12,12,12,12,12,12,12,31,31,31,31,31,31,42,42,0,0],"gold":412,"neow_bonus":"RANDOM_COLORLESS_2","is_daily":false,"chose_seed":false,"campfire_upgraded":3,"win_rate":0.0,"timestamp":1612805688,"path_taken":["M","?","M","M","M","E","R","M","T","?","E","?","E","M","R","BOSS","M","?","M","?","M","E","R","E"],"items_purchased_type":[],"build_version":"2020-12-22","purchased_purges":0,"victory":false,"max_hp_per_floor":[30,30,30,30,30,30,30,30,30,30,30,30,30,30,30,30,35,35,35,35,35,35,42,42,42,42],"card_choices":[{"not_picked":["The Bomb","Secret Technique"],"picked":"Thinking Ahead","floor":0.0},{"not_picked":["Hololive_LuckPotion","Hololive_StrengthChampion","Hololive_FlyingPonyTail","Hololive_CocoNews"],"picked":"SKIP","floor":1.0},{"not_picked":["Hololive_CallOmaruPolka","Hololive_FlyingPonyTail","Hololive_HuntDinosaur"],"picked":"Hololive_CallShiranuiFlare","floor":3.0},{"not_picked":["Hololive_Breathe","Hololive_CallOmaruPolka","Hololive_HuntDinosaur"],"picked":"Hololive_FlareMind","floor":4.0},{"not_picked":["Hololive_Trident","Hololive_Breathe","Hololive_CallArtia"],"picked":"Hololive_CallAmaneKanata","floor":5.0},{"not_picked":["Hololive_Trident","Hololive_Psychosis","Hololive_Drill","Hololive_StrengthChampion"],"picked":"SKIP","floor":6.0},{"not_picked":["Hololive_FlyingPonyTail","Hololive_Rebound","Hololive_CallAkaiHaato"],"picked":"Hololive_CallArtia","floor":8.0},{"not_picked":["Hololive_CocoNews","Hololive_Rebirth","Hololive_Psychosis"],"picked":"Hololive_CallYukihanaLamy","floor":8.0},{"not_picked":["Hololive_OvertimeWork","Hololive_Trident","Hololive_CallYogiri"],"picked":"Hololive_CallTokinoSora","floor":11.0},{"not_picked":["Hololive_Drill","Hololive_RevenueBasedLive","Hololive_StrengthChampion"],"picked":"Hololive_CallFriendA","floor":13.0},{"not_picked":["Hololive_DurableLive","Hololive_Rebound","Hololive_BringToTrial"],"picked":"Hololive_CallRosalyn","floor":14.0},{"not_picked":["Hololive_CallYogiri","Hololive_FlyingPonyTail","Hololive_CallInugamiKorone"],"picked":"Hololive_CallShirakamiFubuki","floor":14.0},{"not_picked":["Hololive_DDD","Hololive_OpenUp","Hololive_BeCareful"],"picked":"Hololive_DurableLive","floor":16.0},{"not_picked":["Hololive_Yoholoon","Hololive_CocoNews","Hololive_CallYukihanaLamy"],"picked":"Hololive_CallHoshimachiSuisei","floor":17.0},{"not_picked":["Hololive_Trident","Hololive_OvertimeWork","Hololive_StrengthChampion+1"],"picked":"Hololive_CallUruhaRushia","floor":18.0},{"not_picked":["Hololive_CallShiranuiFlare","Hololive_StrengthChampion","Hololive_CocoNews","Hololive_FlyingPonyTail+1"],"picked":"SKIP","floor":18.0},{"not_picked":["Hololive_StrengthChampion","Hololive_Breathe","Hololive_Trident"],"picked":"Hololive_CallYozoraMel+1","floor":20.0},{"not_picked":["Hololive_HuntDinosaur","Hololive_Breathe","Hololive_FlyingPonyTail","Hololive_StrengthChampion"],"picked":"SKIP","floor":20.0},{"not_picked":["Hololive_RevenueBasedLive","Hololive_CocoNews","Hololive_Psychosis"],"picked":"Hololive_DDD","floor":22.0},{"not_picked":["Hololive_LuckPotion","Hololive_HuntDinosaur","Hololive_Breathe","Hololive_Rebound"],"picked":"SKIP","floor":22.0},{"not_picked":["Hololive_LuckPotion","Hololive_OpenUp","Hololive_FlyingPonyTail"],"picked":"Hololive_Nanodesu","floor":23.0}],"player_experience":1123280,"relics_obtained":[{"floor":6.0,"key":"Prayer Wheel"},{"floor":9.0,"key":"CeramicFish"},{"floor":11.0,"key":"Lantern"},{"floor":13.0,"key":"Juzu Bracelet"},{"floor":19.0,"key":"Red Mask"},{"floor":23.0,"key":"Strawberry"}],"event_choices":[{"damage_healed":0.0,"max_hp_gain":0.0,"max_hp_loss":0.0,"gold_gain":0.0,"cards_transformed":["Thinking Ahead"],"event_name":"Living Wall","player_choice":"Change","floor":2.0,"gold_loss":0.0,"damage_taken":0.0,"cards_obtained":["Violence"]},{"cards_removed":["Hololive_Defend"],"damage_healed":0.0,"max_hp_gain":0.0,"max_hp_loss":0.0,"gold_gain":0.0,"event_name":"Golden Wing","player_choice":"Card Removal","floor":10.0,"gold_loss":0.0,"damage_taken":7.0},{"damage_healed":0.0,"max_hp_gain":0.0,"max_hp_loss":0.0,"gold_gain":0.0,"event_name":"Lab","player_choice":"Got Potions","floor":12.0,"gold_loss":0.0,"damage_taken":0.0},{"damage_healed":0.0,"max_hp_gain":0.0,"max_hp_loss":0.0,"gold_gain":0.0,"event_name":"Masked Bandits","player_choice":"Fought Bandits","floor":19.0,"gold_loss":0.0,"damage_taken":0.0},{"cards_removed":["Hololive_Strike"],"damage_healed":0.0,"max_hp_gain":0.0,"max_hp_loss":0.0,"gold_gain":0.0,"event_name":"Designer","player_choice":"Upgrade and Remove","floor":21.0,"gold_loss":110.0,"damage_taken":0.0,"cards_upgraded":["Hololive_CallShirakamiFubuki"]}],"is_beta":false,"boss_relics":[{"not_picked":["Runic Pyramid","Ectoplasm"],"picked":"Tiny House"}],"items_purged_floors":[],"is_endless":false,"potions_floor_spawned":[1,3,5,16,18,20],"killed_by":"Slavers","ascension_level":18}}