{"host":"rzvepkyh9344fbo1","time":1612771553,"event":{"mods":["AchievementEnabler","Act Like it!","BaseMod","Better Third Choice","Colored Map","Colored Powertips","Curses Come First","Downfall","Evolution","Fox Events","Hermit","Highlight Path","Minty Spire (QoL Compilation)","Replay The Spire","Robot Space Explorer","Shade Mod","Shop Mod","StS++","StSLib","The Cursed","The Marked","The Necromancer"],"gold_per_floor":[99,111,125,144,144,206,206,233,245,1,18,18,18,46,58,156,156,56,74,90,149,164,191,257,269,91,103,103,103,118,118,130,226,226,226,243,243,259,259,273,298,41,57,77,77,77,110,110,126,126],"floor_reached":51,"language":"ENG","playtime":5785,"items_purged":["Spreading Infection","downfall:Malfunctioning"],"score":681,"play_id":"f0dc69e9-2334-4f22-b1dc-a0b9a0a1f711","local_time":"20210208190553","is_ascension_mode":false,"campfire_choices":[{"data":"Slimebound:Split","floor":1,"key":"SMITH"},{"floor":18,"key":"DIG"},{"floor":29,"key":"REST"},{"data":"1","floor":35,"key":"LIFT"},{"data":"2","floor":46,"key":"LIFT"}],"circlet_count":0,"master_deck":["Slimebound:Strike_Slimebound+1","Slimebound:Defend_Slimebound+1","Slimebound:Defend_Slimebound","Slimebound:Defend_Slimebound","Slimebound:Defend_Slimebound","Slimebound:Split+1","Slimebound:RainOfGoop","Slimebound:Gluttony+1","Slimebound:RallyTheTroops+1","Slimebound:GoopSpray","expansioncontent:DashGenerateEvil+1","Slimebound:Nibble+1","Slimebound:SpikyOuterGoop","Slimebound:OozeBath+1","Slimebound:TongueLash+1","Slimebound:Replication+1","Slimebound:RainOfGoop+1","Slimebound:Repurpose","Slimebound:GrowthPunch+1","Slimebound:GoopSpray+1","Slimebound:SpikyOuterGoop+1","Slimebound:Nibble+1","Slimebound:DisruptingSlam+1","Slimebound:SlimeBarrage+1","Slimebound:SlimeSlap+1","Slimebound:SlimeSpikes","Slimebound:Nibble+1","Slimebound:DuplicatedForm+1","Slimebound:LivingWall+1","Slimebound:GoopSpray+1","Slimebound:LeechingTouch+1","expansioncontent:DashGenerateEvil+1","Slimebound:TongueLash+1","Slimebound:LeechingTouch+1","Slimebound:Gluttony+1"],"relics":["Slimebound:AbsorbEndCombat","EVO:Axolotl","StSpp:WoodenPendulum","Golden Egg","Molten Egg 2","Pantograph","ReplayTheSpireMod:CursedCoin","Replay:Wax Seal","Girya","Astrolabe","downfall:HeartBlessingGreen","Nunchaku","MawBank","Tiny Chest","Black Star","Ancient Tea Set","TungstenRod","Replay:PocketPolymizer"],"acts_visited":["Exordium","TheCity","TheBeyond"],"potions_floor_usage":[6,14,14,16,16,23,23,27,43,50],"damage_taken":[{"damage":0,"enemies":"Cultist","floor":2,"turns":3},{"damage":0,"enemies":"2 Louse","floor":3,"turns":3},{"damage":0,"enemies":"Small Slimes","floor":4,"turns":3},{"damage":28,"enemies":"Lagavulin Event","floor":6,"turns":5},{"damage":43,"enemies":"3 Sentries","floor":8,"turns":10},{"damage":11,"enemies":"Blue Slaver","floor":9,"turns":5},{"damage":3,"enemies":"downfall:FleeingMerchant","floor":10,"turns":4},{"damage":0,"enemies":"2 Fungi Beasts","floor":11,"turns":2},{"damage":10,"enemies":"Gremlin Nob","floor":14,"turns":4},{"damage":7,"enemies":"Large Slime","floor":15,"turns":2},{"damage":12,"enemies":"WA_ARCHETYPE_RETAIN","floor":16,"turns":8},{"damage":2,"enemies":"Shell Parasite","floor":19,"turns":5},{"damage":33,"enemies":"Chosen","floor":20,"turns":5},{"damage":20,"enemies":"Sentry and Sphere","floor":22,"turns":6},{"damage":45,"enemies":"Slavers","floor":23,"turns":5},{"damage":6,"enemies":"downfall:FleeingMerchant","floor":26,"turns":4},{"damage":6,"enemies":"Snecko","floor":27,"turns":6},{"damage":0,"enemies":"Cultist and Chosen","floor":30,"turns":4},{"damage":7,"enemies":"Snake Plant","floor":32,"turns":3},{"damage":14,"enemies":"DF_ARCHETYPE_CLAW","floor":33,"turns":8},{"damage":10,"enemies":"Orb Walker","floor":36,"turns":5},{"damage":23,"enemies":"3 Darklings","floor":38,"turns":6},{"damage":4,"enemies":"Sphere and 2 Shapes","floor":40,"turns":4},{"damage":6,"enemies":"downfall:FleeingMerchant","floor":42,"turns":4},{"damage":40,"enemies":"4 Shapes","floor":43,"turns":6},{"damage":18,"enemies":"Maw","floor":44,"turns":6},{"damage":15,"enemies":"downfall:FleeingMerchant","floor":47,"turns":2},{"damage":0,"enemies":"Transient","floor":49,"turns":5},{"damage":56,"enemies":"SI_POISON_ARCHETYPE","floor":50,"turns":11}],"seed_played":"-1603375651863146294","potions_obtained":[{"floor":4,"key":"AttackPotion"},{"floor":9,"key":"Swift Potion"},{"floor":11,"key":"Slimebound:SlimedPotion"},{"floor":15,"key":"Energy Potion"},{"floor":16,"key":"FairyPotion"},{"floor":19,"key":"PowerPotion"},{"floor":20,"key":"SteroidPotion"},{"floor":21,"key":"StSpp:SecondWindPotion"},{"floor":23,"key":"LifebloodPotion"},{"floor":32,"key":"Dexterity Potion"},{"floor":43,"key":"DuplicationPotion"},{"floor":44,"key":"BlessingOfTheForge"}],"is_trial":false,"path_per_floor":["R_BF","M","M","M","T","?","T","E","M","$","M","?","?","E","M","B",null,"R_BF","M","M","?","M","E","T","?","$","M","?","R","M","?","M","B",null,"R","M","T","M","?","M","T","$","M","M","?","R","$","T","M","B",null],"character_chosen":"SLIMEBOUND","items_purchased":["expansioncontent:DashGenerateEvil","ReplayTheSpireMod:CursedCoin","Replay:Wax Seal","Dexterity Potion","Slimebound:Nibble+1","expansioncontent:DashGenerateEvil+1","AttackPotion","TungstenRod"],"campfire_rested":1,"item_purchase_floors":[10,10,10,10,26,42,42,47],"current_hp_per_floor":[71,71,71,71,71,49,49,14,9,14,14,14,14,10,9,30,71,71,69,44,27,15,5,5,5,7,9,9,30,38,38,37,56,71,71,69,69,68,68,67,67,69,35,40,40,40,48,48,56,36],"gold":126,"neow_bonus":"TEN_PERCENT_HP_BONUS","is_daily":false,"chose_seed":false,"campfire_upgraded":1,"win_rate":0.0,"timestamp":1612771553,"path_taken":["R_BF","M","M","?","?","?","T","E","M","$","M","?","?","E","M","BOSS","R_BF","M","M","?","M","E","T","?","$","M","?","R","M","?","M","BOSS","R","M","?","M","?","?","T","$","M","M","?","R","$","?","M","BOSS"],"items_purchased_type":["Card","Relic","Relic","Potion","Card","Card","Potion","Relic"],"build_version":"2020-12-22","purchased_purges":2,"victory":true,"max_hp_per_floor":[71,71,71,71,71,71,71,71,71,71,71,71,71,71,71,71,71,71,71,71,71,71,71,71,71,71,71,71,71,71,71,71,71,71,71,71,71,71,71,71,71,71,71,71,71,71,71,71,71,71],"card_choices":[{"not_picked":["Slimebound:FinishingTackle","Slimebound:ItLooksTasty"],"picked":"Slimebound:LevelUp","floor":2},{"not_picked":["Slimebound:LeechingTouch","Slimebound:SlimeTap"],"picked":"Slimebound:RainOfGoop","floor":3},{"not_picked":["Slimebound:LeechEnergy","Slimebound:FinishingTackle"],"picked":"Slimebound:Gluttony","floor":4},{"not_picked":["Slimebound:MegaLick","Slimebound:GrowthPunch+1","Slimebound:LeadByExample","Slimebound:Schlurp"],"picked":"Slimebound:RallyTheTroops+1","floor":8},{"not_picked":["Slimebound:LeechEnergy+1","Slimebound:FormOfPuddle","Slimebound:Chomp+1","Slimebound:Nibble+1"],"picked":"Slimebound:GoopSpray","floor":9},{"not_picked":["Slimebound:ComboTackle+1","Slimebound:RollThrough+1","Slimebound:Prepare","Slimebound:SlimeSpikes","Slimebound:PressTheAttack+1"],"picked":"SKIP","floor":10},{"not_picked":["Slimebound:LeechingTouch+1","Slimebound:GoopSpray","Slimebound:ItLooksTasty+1","Slimebound:Prepare"],"picked":"Slimebound:Nibble+1","floor":11},{"not_picked":["Slimebound:FinishingTackle+1","Slimebound:ProtectTheBoss","Slimebound:Nibble+1","Slimebound:ItLooksTasty+1"],"picked":"Slimebound:SpikyOuterGoop","floor":14},{"not_picked":["Slimebound:Prepare","Slimebound:LivingWall","Slimebound:RejuvenatingLick","Slimebound:FlameTackle+1","Slimebound:SamplingLick"],"picked":"SKIP","floor":15},{"not_picked":["Slimebound:Overexert","Slimebound:PrepareCrush","Slimebound:WasteNot","Slimebound:SelfFormingGoo"],"picked":"Slimebound:OozeBath","floor":16},{"not_picked":["Slimebound:PressTheAttack+1","Slimebound:GoopSpray","Slimebound:FormOfPuddle","Slimebound:RejuvenatingLick"],"picked":"Slimebound:RainOfGoop+1","floor":19},{"not_picked":["Slimebound:Prepare","Slimebound:HauntingLick","Slimebound:SamplingLick","Slimebound:SplitAcid"],"picked":"Slimebound:Repurpose","floor":20},{"not_picked":["Slimebound:ComboTackle+1","Slimebound:ItLooksTasty+1","Slimebound:ProtectTheBoss","Slimebound:SplitMire"],"picked":"Slimebound:GrowthPunch+1","floor":21},{"not_picked":["Slimebound:ComboTackle+1","Slimebound:Schlurp","Slimebound:FinishingTackle+1","Slimebound:OneTwoCombo+1"],"picked":"Slimebound:GoopSpray+1","floor":22},{"not_picked":["Slimebound:FlameTackle+1","Slimebound:ItLooksTasty+1","Slimebound:FirmFortitude","Slimebound:FinishingTackle+1","Slimebound:GoopSpray"],"picked":"SKIP","floor":23},{"not_picked":["Slimebound:BestDefense","Slimebound:SlimeSpikes","Slimebound:Teamwork","Slimebound:LeechingTouch+1"],"picked":"Slimebound:SpikyOuterGoop","floor":26},{"not_picked":["Slimebound:ProtectTheBoss","Slimebound:ForwardTackle+1","Slimebound:Prepare","Slimebound:SplitBruiser"],"picked":"Slimebound:DisruptingSlam+1","floor":27},{"not_picked":["Slimebound:SamplingLick","Slimebound:BestDefense","Slimebound:RollThrough+1","Slimebound:Schlurp"],"picked":"Slimebound:SlimeSpikes","floor":30},{"not_picked":["Slimebound:SplitMire","Slimebound:GrowthPunch+1","Slimebound:DuplicatedForm","Slimebound:Chomp+1"],"picked":"Slimebound:Nibble+1","floor":32},{"not_picked":["Slimebound:OneTwoCombo+1","Slimebound:SelfFormingGoo","Slimebound:WasteNot","Slimebound:DouseInSlime"],"picked":"Slimebound:DuplicatedForm","floor":33},{"not_picked":["Slimebound:Prepare","Slimebound:RainOfGoop+1","Slimebound:TongueLash+1","Slimebound:Repurpose+1"],"picked":"Slimebound:LivingWall+1","floor":36},{"not_picked":["Slimebound:ItLooksTasty+1","Slimebound:SplitAcid+1","Slimebound:SlimeBrawl+1","Slimebound:FormOfPuddle+1"],"picked":"Slimebound:GoopSpray+1","floor":38},{"not_picked":["Slimebound:ComboTackle+1","Slimebound:SplitAcid+1","Slimebound:SplitMire+1","Slimebound:Prepare","Slimebound:DuplicatedForm"],"picked":"SKIP","floor":40},{"not_picked":["Slimebound:SlimeBrawl+1","Slimebound:GoopSpray","Slimebound:BestDefense+1","Slimebound:ComboTackle+1"],"picked":"Slimebound:LeechingTouch+1","floor":42},{"not_picked":["Slimebound:ForwardTackle+1","Slimebound:SplitAcid+1","Slimebound:LevelUp+1","Slimebound:Gluttony"],"picked":"Slimebound:TongueLash+1","floor":43},{"not_picked":["Slimebound:FormOfPuddle","Slimebound:SplitBruiser+1","Slimebound:Prepare","Slimebound:GrowthPunch+1","Slimebound:GoopTackle+1"],"picked":"SKIP","floor":44},{"not_picked":["Slimebound:Teamwork","Slimebound:Repurpose+1","Slimebound:Nibble+1","Slimebound:Prepare"],"picked":"Slimebound:LeechingTouch+1","floor":47},{"not_picked":["Slimebound:Nibble+1","Slimebound:PressTheAttack+1","Slimebound:SlimeBarrage+1","Slimebound:SplitAcid+1"],"picked":"Slimebound:Gluttony+1","floor":49}],"player_experience":284810,"relics_obtained":[{"floor":5,"key":"StSpp:WoodenPendulum"},{"floor":6,"key":"Golden Egg"},{"floor":7,"key":"Molten Egg 2"},{"floor":8,"key":"Pantograph"},{"floor":14,"key":"Girya"},{"floor":18,"key":"Nunchaku"},{"floor":23,"key":"MawBank"},{"floor":24,"key":"Tiny Chest"},{"floor":41,"key":"Ancient Tea Set"},{"floor":48,"key":"Replay:PocketPolymizer"}],"event_choices":[{"damage_healed":0,"gold_gain":0,"cards_transformed":["Slimebound:Tackle","Slimebound:LevelUp"],"player_choice":"Became Test Subject","damage_taken":0,"max_hp_gain":0,"max_hp_loss":0,"event_name":"Drug Dealer","floor":28,"gold_loss":0,"cards_obtained":["Slimebound:SlimeBarrage","Slimebound:SlimeSlap"]},{"damage_healed":0,"gold_gain":0,"player_choice":"Ignored","damage_taken":0,"max_hp_gain":0,"max_hp_loss":0,"event_name":"NoteForYourself","floor":39,"gold_loss":0}],"is_beta":false,"boss_relics":[{"not_picked":["StSpp:PileOfSugar","bronze:MakeshiftBattery"],"picked":"Astrolabe"},{"not_picked":["Tiny House","Velvet Choker"],"picked":"Black Star"}],"items_purged_floors":[10,26],"is_endless":false,"potions_floor_spawned":[4,9,11,15,16,19,20,23,32,43,44],"ascension_level":0}}