{"host":"vyiqbz5w606ur92t","time":1612755227,"event":{"mods":["BaseMod","Downfall","Minty Spire (QoL Compilation)","StSLib"],"gold_per_floor":[114,129,144,159,159,189,189,219,219,249,264,264,294,325,325,425,425,440,455,104,104,104,134,0,30,80,110,110,140,155,170,170,270,270,285,300,300,300,315,345,345,375,375,375,405,405,176,206,206,206],"floor_reached":51,"language":"ENG","playtime":9810,"items_purged":["Guardian:Strike_Guardian","Guardian:Strike_Guardian","downfall:Aged"],"score":1119,"play_id":"bbd9e5d7-cabe-4cd5-9723-8df5da152277","local_time":"20210208033347","daily_mods":["Heirloom","downfall:Jewelcrafting","Elite Swarm"],"is_ascension_mode":false,"campfire_choices":[{"data":"Guardian:CompilePackage","floor":32,"key":"SMITH"},{"data":"Guardian:StasisEngine","floor":41,"key":"SMITH"},{"data":"Guardian:ExploitGems","floor":44,"key":"SMITH"},{"data":"Guardian:CompilePackage","floor":49,"key":"SMITH"}],"circlet_count":0,"master_deck":["Guardian:Strike_Guardian","Guardian:Strike_Guardian","Guardian:Defend_Guardian","Guardian:Defend_Guardian","Guardian:Defend_Guardian","Guardian:Defend_Guardian","Guardian:CurlUp","Guardian:TwinSlam","Guardian:ExploitGems","Guardian:ExploitGems+1","Guardian:CrystalBeam","Guardian:Clone","Guardian:Suspension","Guardian:StasisEngine","Guardian:GatlingBeam","Guardian:TemporalShield","Guardian:CompilePackage+1","Guardian:BaubleBeam","Guardian:Suspension+1","Guardian:TimeCapacitor","Guardian:Planning","Shame","Guardian:GemFinder","Guardian:PrismaticBeam","Guardian:CompilePackage+1","Guardian:StasisEngine+1","Guardian:TimeSifter","Guardian:Reroute","Guardian:FloatingOrbs+1","Guardian:DonusPower+1","Guardian:Gem_Lightblue","Guardian:ConstructionForm","Guardian:ConstructionForm","Guardian:Gem_Yellow","Guardian:Recover","Guardian:GemFire"],"relics":["Guardian:ModeShifter","Guardian:PickAxe","Mango","Pear","Letter Opener","CaptainsWheel","Centennial Puzzle","Art of War","PreservedInsect","StrikeDummy","Philosopher\u0027s Stone","Frozen Eye","Bronze Scales","Oddly Smooth Stone","Bird Faced Urn","Dream Catcher","Toy Ornithopter","GremlinMask","Blue Candle","expansioncontent:StudyCardRelic","Guardian:StasisEgg","bronze:BronzeIdol","hexamod:Sixitude","Pen Nib","Singing Bowl","Calipers"],"acts_visited":["Exordium","TheCity","TheBeyond"],"potions_floor_usage":[4,8,11,16,30,35,45],"damage_taken":[{"damage":3,"enemies":"Small Slimes","floor":1,"turns":3},{"damage":0,"enemies":"2 Louse","floor":2,"turns":3},{"damage":1,"enemies":"Jaw Worm","floor":3,"turns":6},{"damage":3,"enemies":"Gremlin Gang","floor":4,"turns":4},{"damage":17,"enemies":"3 Sentries","floor":6,"turns":12},{"damage":14,"enemies":"Gremlin Nob","floor":8,"turns":5},{"damage":6,"enemies":"Lagavulin","floor":10,"turns":6},{"damage":7,"enemies":"Large Slime","floor":11,"turns":4},{"damage":16,"enemies":"Gremlin Nob","floor":13,"turns":4},{"damage":4,"enemies":"3 Sentries","floor":14,"turns":4},{"damage":0,"enemies":"Hexaghost","floor":16,"turns":8},{"damage":3,"enemies":"Chosen","floor":18,"turns":4},{"damage":5,"enemies":"3 Byrds","floor":19,"turns":2},{"damage":0,"enemies":"Slavers","floor":23,"turns":4},{"damage":9,"enemies":"Gremlin Leader","floor":25,"turns":6},{"damage":23,"enemies":"Slavers","floor":27,"turns":3},{"damage":0,"enemies":"Gremlin Leader","floor":29,"turns":5},{"damage":15,"enemies":"Centurion and Healer","floor":30,"turns":3},{"damage":18,"enemies":"Snake Plant","floor":31,"turns":3},{"damage":1,"enemies":"Champ","floor":33,"turns":8},{"damage":3,"enemies":"3 Darklings","floor":35,"turns":3},{"damage":10,"enemies":"3 Shapes","floor":36,"turns":3},{"damage":19,"enemies":"Spire Growth","floor":39,"turns":5},{"damage":2,"enemies":"Nemesis","floor":40,"turns":5},{"damage":8,"enemies":"Giant Head","floor":42,"turns":5},{"damage":16,"enemies":"Nemesis","floor":45,"turns":5},{"damage":5,"enemies":"Giant Head","floor":48,"turns":5},{"damage":24,"enemies":"Time Eater","floor":50,"turns":7}],"seed_played":"-2425098010432476902","potions_obtained":[{"floor":1,"key":"Explosive Potion"},{"floor":4,"key":"Strength Potion"},{"floor":6,"key":"Weak Potion"},{"floor":10,"key":"GamblersBrew"},{"floor":11,"key":"Ancient Potion"},{"floor":25,"key":"Weak Potion"},{"floor":29,"key":"sneckomod:MuddlingPotion"},{"floor":31,"key":"Energy Potion"},{"floor":40,"key":"BlessingOfTheForge"},{"floor":48,"key":"sneckomod:MuddlingPotion"}],"is_trial":false,"path_per_floor":["M","M","M","M","?","E","R","E","T","E","M","R","E","?","R","B",null,"M","M","$","?","?","E","$","E","T","E","?","E","M","M","R","B",null,"M","M","?","?","M","E","R","E","T","R","E","?","$","E","R","B",null],"character_chosen":"GUARDIAN","items_purchased":["Guardian:TimeCapacitor","Frozen Eye","Guardian:Planning","Guardian:PrismaticBeam","Guardian:Gem_Yellow","Guardian:Recover"],"campfire_rested":0,"item_purchase_floors":[20,20,20,24,47,47],"current_hp_per_floor":[91,91,90,87,85,68,68,54,54,48,41,41,25,21,21,21,104,101,96,96,96,96,96,96,87,87,66,66,72,68,62,62,73,104,104,96,96,96,100,104,104,104,104,104,97,97,97,99,99,93],"gold":206,"neow_bonus":"","is_daily":true,"chose_seed":false,"campfire_upgraded":4,"win_rate":0.0,"timestamp":1612755227,"path_taken":["M","M","M","M","?","E","R","E","T","E","M","R","E","?","R","BOSS","M","M","$","?","?","E","$","E","T","E","?","E","M","?","R","BOSS","M","M","?","?","M","E","R","E","T","R","E","?","$","E","R","BOSS"],"items_purchased_type":["Card","Relic","Card","Card","Card","Card"],"build_version":"2020-12-22","purchased_purges":3,"victory":true,"max_hp_per_floor":[94,94,94,94,104,104,104,104,104,104,104,104,104,104,104,104,104,104,104,104,104,104,104,104,104,104,104,104,104,104,104,104,104,104,104,104,104,104,104,104,104,104,104,104,104,99,99,99,99,99],"card_choices":[{"not_picked":["Guardian:Emergency","Guardian:VentSteam"],"picked":"Guardian:Gem_Yellow","floor":1},{"not_picked":["Guardian:RollAttack","Guardian:Gem_Blue"],"picked":"Guardian:CrystalBeam","floor":2},{"not_picked":["Guardian:PiercingHide","Guardian:CrystalBeam"],"picked":"Guardian:Clone","floor":3},{"not_picked":["Guardian:EvasiveProtocol","Guardian:TemporalStrike"],"picked":"Guardian:Suspension","floor":4},{"not_picked":["Guardian:FierceBash","Guardian:FastForward"],"picked":"Guardian:StasisEngine","floor":6},{"not_picked":["Guardian:StasisEngine","Guardian:StasisField"],"picked":"Guardian:GatlingBeam","floor":8},{"not_picked":["Guardian:HyperBeam_Guardian","Guardian:RevengeProtocol"],"picked":"Guardian:Gem_Synthetic","floor":10},{"not_picked":["Guardian:Suspension","Guardian:Gem_Cyan"],"picked":"Guardian:TemporalShield","floor":11},{"not_picked":["Guardian:SphericShield","Guardian:ExploitGems"],"picked":"Guardian:CompilePackage","floor":13},{"not_picked":["Guardian:Gem_Blue","Guardian:RollAttack"],"picked":"Guardian:Gem_Crimson","floor":14},{"not_picked":["Guardian:StasisField","Guardian:FastForward"],"picked":"Guardian:BaubleBeam","floor":16},{"not_picked":["Guardian:Gem_Crimson","Guardian:Gem_Green","Guardian:VentSteam"],"picked":"SKIP","floor":18},{"not_picked":["Guardian:Incinerate","Guardian:PiercingHide"],"picked":"Guardian:Suspension+1","floor":19},{"not_picked":["Guardian:StasisStrike","Guardian:RevengeProtocol"],"picked":"Guardian:GemFinder","floor":23},{"not_picked":["Guardian:Gem_Green","Guardian:Gem_Cyan"],"picked":"Guardian:Gem_Red","floor":25},{"not_picked":["Guardian:GatlingBeam","Guardian:CompilePackage"],"picked":"Guardian:Gem_Synthetic","floor":25},{"not_picked":["Guardian:FastForward","Guardian:FierceBash"],"picked":"Guardian:CompilePackage","floor":27},{"not_picked":["Guardian:StasisStrike","Guardian:CompilePackage"],"picked":"Guardian:StasisEngine","floor":29},{"not_picked":["Guardian:PiercingHide","Guardian:SpikerProtocol","Guardian:Gem_Lightblue"],"picked":"SKIP","floor":30},{"not_picked":["Guardian:Gem_Red","Guardian:Gem_Cyan"],"picked":"Guardian:Gem_Lightblue","floor":31},{"not_picked":["Guardian:Suspension+1","Guardian:TemporalStrike","Guardian:Gem_Fragmented"],"picked":"SKIP","floor":31},{"not_picked":["Guardian:BaubleBeam","Guardian:StasisEngine"],"picked":"Guardian:TimeSifter","floor":33},{"not_picked":["Guardian:Gem_Cyan","Guardian:Gem_Green"],"picked":"Guardian:Gem_Lightblue","floor":33},{"not_picked":["Guardian:Gem_Green","Guardian:Gem_Red"],"picked":"Guardian:Gem_Cyan","floor":35},{"not_picked":["Guardian:Gem_Blue","Guardian:Gem_Cyan"],"picked":"Guardian:Reroute","floor":35},{"not_picked":["Guardian:Gem_Green","Guardian:PrimingBeam+1"],"picked":"Guardian:FloatingOrbs+1","floor":36},{"not_picked":["Guardian:Gem_Lightblue","Guardian:Gem_Red"],"picked":"Guardian:Gem_Green","floor":36},{"not_picked":["Guardian:Reroute+1","Guardian:ChargeCore+1"],"picked":"Guardian:DonusPower+1","floor":39},{"not_picked":["Guardian:Gem_Cyan","Guardian:Gem_Red"],"picked":"Guardian:Gem_Lightblue","floor":39},{"not_picked":["Guardian:TimeSifter","Guardian:StasisField"],"picked":"Guardian:ConstructionForm","floor":40},{"not_picked":["Guardian:ExploitGems","Guardian:SphericShield"],"picked":"Guardian:Gem_Orange","floor":42},{"not_picked":["Guardian:StasisField","Guardian:CompilePackage"],"picked":"Guardian:ConstructionForm","floor":45},{"not_picked":["Guardian:GemFinder","Guardian:FastForward"],"picked":"Guardian:GemFire","floor":48}],"player_experience":1613982,"relics_obtained":[{"floor":6,"key":"Letter Opener"},{"floor":8,"key":"CaptainsWheel"},{"floor":9,"key":"Centennial Puzzle"},{"floor":10,"key":"Art of War"},{"floor":13,"key":"PreservedInsect"},{"floor":14,"key":"StrikeDummy"},{"floor":23,"key":"Oddly Smooth Stone"},{"floor":25,"key":"Bird Faced Urn"},{"floor":26,"key":"Dream Catcher"},{"floor":27,"key":"Toy Ornithopter"},{"floor":29,"key":"Blue Candle"},{"floor":40,"key":"bronze:BronzeIdol"},{"floor":42,"key":"hexamod:Sixitude"},{"floor":43,"key":"Pen Nib"},{"floor":45,"key":"Singing Bowl"},{"floor":48,"key":"Calipers"}],"event_choices":[{"damage_healed":0,"gold_gain":0,"player_choice":"Success","damage_taken":12,"relics_obtained":["Pear"],"max_hp_gain":0,"max_hp_loss":0,"event_name":"Scrap Ooze","floor":5,"gold_loss":0},{"damage_healed":0,"gold_gain":0,"player_choice":"Searched \u00271\u0027 times","damage_taken":0,"max_hp_gain":0,"max_hp_loss":0,"event_name":"Dead Adventurer","floor":14,"gold_loss":0},{"damage_healed":0,"gold_gain":0,"player_choice":"Stole Relic","damage_taken":0,"relics_obtained":["Bronze Scales"],"max_hp_gain":0,"max_hp_loss":0,"event_name":"Addict","floor":21,"gold_loss":0,"cards_obtained":["Shame"]},{"damage_healed":0,"gold_gain":0,"player_choice":"Trade","damage_taken":0,"relics_obtained":["GremlinMask"],"max_hp_gain":0,"max_hp_loss":0,"event_name":"FaceTrader","floor":28,"gold_loss":0},{"damage_healed":0,"gold_gain":0,"player_choice":"Max HP","damage_taken":0,"max_hp_gain":0,"max_hp_loss":5,"event_name":"Winding Halls","floor":46,"gold_loss":0}],"is_beta":false,"boss_relics":[{"not_picked":["SacredBark","Guardian:StasisSlotReductionRelic"],"picked":"Philosopher\u0027s Stone"},{"not_picked":["Busted Crown","Empty Cage"],"picked":"expansioncontent:StudyCardRelic"}],"items_purged_floors":[20,24,47],"is_endless":false,"potions_floor_spawned":[1,4,6,10,11,25,29,31,40,42,48],"ascension_level":0}}