{"host":"y3h3n3f7seyagppx","time":1612828308,"event":{"mods":["AlwaysNeverKeys","BaseMod","Better Vampires","Colored Powertips","DeckTracker","Emptier Cage","Minty Spire (QoL Compilation)","Permanent Neow","Quick Restart","Rare Cards Sparkle","Relic Sorter","Relic Stats","StSLib","Transform Curses"],"gold_per_floor":[115,127,127,180,192,192,219,319,369,400,400,410,410,438,438,438,438],"floor_reached":16,"language":"ENG","playtime":1142,"items_purged":[],"score":336,"play_id":"2e382547-39df-4885-9129-5b3670ee71e0","local_time":"20210208185148","is_ascension_mode":true,"campfire_choices":[{"data":"Streamline","floor":6,"key":"SMITH"},{"data":"Hyperbeam","floor":11,"key":"SMITH"},{"data":"Zap","floor":13,"key":"SMITH"},{"data":"Dualcast","floor":15,"key":"SMITH"}],"circlet_count":0,"master_deck":["AscendersBane","Strike_B+1","Strike_B","Strike_B","Strike_B","Defend_B","Defend_B","Defend_B","Defend_B","Zap+1","Dualcast+1","Chill","Scrape+1","Streamline+1","Hyperbeam+1","Steam Power","Echo Form"],"relics":["Cracked Core","PreservedInsect","MealTicket","DataDisk","Strawberry","Blue Candle","Gremlin Horn"],"acts_visited":["Exordium"],"potions_floor_usage":[7],"damage_taken":[{"damage":1,"enemies":"Small Slimes","floor":1,"turns":3},{"damage":0,"enemies":"Jaw Worm","floor":2,"turns":3},{"damage":1,"enemies":"Cultist","floor":5,"turns":3},{"damage":0,"enemies":"Gremlin Nob","floor":7,"turns":3},{"damage":7,"enemies":"Lagavulin","floor":10,"turns":5},{"damage":7,"enemies":"3 Louse","floor":12,"turns":3},{"damage":0,"enemies":"3 Sentries","floor":14,"turns":1},{"damage":35,"enemies":"Slime Boss","floor":16,"turns":3}],"seed_played":"2622735187003738490","potions_obtained":[{"floor":2,"key":"Block Potion"},{"floor":5,"key":"Explosive Potion"},{"floor":12,"key":"Weak Potion"}],"is_trial":false,"path_per_floor":["M","M","?","T","M","R","E","?","T","E","R","M","R","E","R","B"],"character_chosen":"DEFECT","items_purchased":[],"campfire_rested":0,"item_purchase_floors":[],"current_hp_per_floor":[63,63,42,42,41,41,41,41,48,41,41,34,34,34,34,0,0],"gold":438,"neow_bonus":"RANDOM_COMMON_RELIC","is_daily":false,"chose_seed":false,"campfire_upgraded":4,"win_rate":0.0,"timestamp":1612828308,"path_taken":["M","M","?","?","M","R","E","?","T","E","R","M","R","E","R","BOSS"],"items_purchased_type":[],"build_version":"2020-12-22","purchased_purges":0,"victory":false,"max_hp_per_floor":[71,71,71,71,71,71,71,71,78,78,78,78,78,78,78,78,78],"relic_stats":{"Gremlin Horn":[0,0],"counters":[8,24],"Blue Candle":[0],"MealTicket":0,"PreservedInsect":84,"obtain_stats":[{"DataDisk":7,"Gremlin Horn":14,"Strawberry":9,"Blue Candle":10,"MealTicket":4,"PreservedInsect":0,"Cracked Core":0},{"DataDisk":4,"Gremlin Horn":7,"Strawberry":4,"Blue Candle":5,"MealTicket":2,"PreservedInsect":0,"Cracked Core":0},{"DataDisk":12,"Gremlin Horn":21,"Strawberry":12,"Blue Candle":17,"MealTicket":6,"PreservedInsect":0,"Cracked Core":0}]},"card_choices":[{"not_picked":["Redo","Leap"],"picked":"Chill","floor":1},{"not_picked":["Capacitor","Stack"],"picked":"Scrape","floor":2},{"not_picked":["Hologram","Compile Driver"],"picked":"Streamline","floor":5},{"not_picked":["Turbo","Barrage"],"picked":"Hyperbeam","floor":7},{"not_picked":["Stack","Darkness"],"picked":"Steam Power","floor":10},{"not_picked":["Melter","Turbo","Chaos"],"picked":"SKIP","floor":12},{"not_picked":["Heatsinks","Barrage"],"picked":"Echo Form","floor":14}],"player_experience":22011409,"relics_obtained":[{"floor":4,"key":"MealTicket"},{"floor":7,"key":"DataDisk"},{"floor":9,"key":"Strawberry"},{"floor":10,"key":"Blue Candle"},{"floor":14,"key":"Gremlin Horn"}],"event_choices":[{"damage_healed":0,"gold_gain":0,"player_choice":"Entered Light","damage_taken":21,"max_hp_gain":0,"max_hp_loss":0,"event_name":"Shining Light","floor":3,"gold_loss":0,"cards_upgraded":["Strike_B","Scrape"]},{"damage_healed":0,"gold_gain":100,"player_choice":"Gold","damage_taken":0,"max_hp_gain":0,"max_hp_loss":0,"event_name":"Wheel of Change","floor":8,"gold_loss":0}],"is_beta":false,"boss_relics":[],"items_purged_floors":[],"is_endless":false,"potions_floor_spawned":[2,5,12,14],"killed_by":"Slime Boss","ascension_level":20}}