{"host":"d9m9v0h6vo0edadb","time":1612778576,"event":{"mods":["BaseMod","Hermit","Keyboard Shortcuts","Minty Spire (QoL Compilation)","StSLib","SuperFastMode","The Cursed"],"gold_per_floor":[113,113,38,49,49,49,76,76,101,117,152,52,52,64,64,137,137,147,147,147,110,110,126,126,136,136,167,167,196,196,212,212,284,284,298,315,340,357,357,357,385,385,385,403,415,290,300,150,150,150,150,150],"floor_reached":51,"language":"KOR","playtime":3559,"items_purged":["Strike_G","Strike_G","Strike_G+1","Defend_G"],"score":1546,"play_id":"98bc2fe4-e686-40d5-abd3-df475c0dd602","local_time":"20210208190256","is_ascension_mode":true,"campfire_choices":[{"floor":6.0,"key":"REST"},{"data":"Blade Dance","floor":8.0,"key":"SMITH"},{"data":"Cloak And Dagger","floor":15.0,"key":"SMITH"},{"data":"Accuracy","floor":24.0,"key":"SMITH"},{"data":"Blade Dance","floor":28.0,"key":"SMITH"},{"data":"Adrenaline","floor":30.0,"key":"SMITH"},{"data":"Concentrate","floor":32.0,"key":"SMITH"},{"floor":40,"key":"REST"},{"floor":49,"key":"RECALL"}],"circlet_count":0,"master_deck":["AscendersBane","Defend_G+1","Defend_G","Survivor","Neutralize","Escape Plan","Blade Dance+1","Dagger Throw","Backflip","PiercingWail","Cloak And Dagger+1","Acrobatics+1","Caltrops+1","Endless Agony+1","Blade Dance+1","Accuracy+1","Adrenaline+1","Escape Plan","Concentrate+1","Acrobatics","Finesse","Cloak And Dagger+1"],"relics":["Ring of the Snake","NeowsBlessing","Kunai","Centennial Puzzle","Art of War","Pen Nib","Astrolabe","Ancient Tea Set","Toy Ornithopter","Blue Candle","HoveringKite","The Specimen","Incense Burner","Question Card"],"acts_visited":["Exordium","TheCity","TheBeyond"],"potions_floor_usage":[51,51],"damage_taken":[{"damage":0.0,"enemies":"2 Louse","floor":1.0,"turns":1.0},{"damage":0.0,"enemies":"Cultist","floor":4.0,"turns":1.0},{"damage":0.0,"enemies":"3 Sentries","floor":7.0,"turns":1.0},{"damage":0.0,"enemies":"Jaw Worm","floor":10.0,"turns":3.0},{"damage":4.0,"enemies":"Gremlin Nob","floor":11.0,"turns":3.0},{"damage":0.0,"enemies":"Lots of Slimes","floor":14.0,"turns":1.0},{"damage":2.0,"enemies":"The Guardian","floor":16.0,"turns":16.0},{"damage":8.0,"enemies":"2 Thieves","floor":18.0,"turns":4.0},{"damage":0.0,"enemies":"Chosen","floor":23.0,"turns":3.0},{"damage":0.0,"enemies":"Sentry and Sphere","floor":25.0,"turns":3.0},{"damage":4.0,"enemies":"Slavers","floor":27.0,"turns":3.0},{"damage":10.0,"enemies":"Book of Stabbing","floor":29.0,"turns":4.0},{"damage":0.0,"enemies":"Snake Plant","floor":31.0,"turns":3.0},{"damage":17.0,"enemies":"Champ","floor":33.0,"turns":7.0},{"damage":24.0,"enemies":"3 Shapes","floor":35.0,"turns":3.0},{"damage":0.0,"enemies":"3 Darklings","floor":36.0,"turns":4.0},{"damage":0.0,"enemies":"Mind Bloom Boss Battle","floor":37.0,"turns":7.0},{"damage":0,"enemies":"Spire Growth","floor":38,"turns":3},{"damage":12,"enemies":"Giant Head","floor":41,"turns":6},{"damage":11,"enemies":"Sphere and 2 Shapes","floor":44,"turns":3},{"damage":5,"enemies":"Jaw Worm Horde","floor":45,"turns":2},{"damage":0,"enemies":"Maw","floor":47,"turns":7},{"damage":0,"enemies":"Awakened One","floor":50,"turns":10},{"damage":30,"enemies":"Time Eater","floor":51,"turns":7}],"seed_played":"-3646174422871582857","potions_obtained":[{"floor":1.0,"key":"Strength Potion"},{"floor":4.0,"key":"Explosive Potion"},{"floor":11.0,"key":"GamblersBrew"},{"floor":14.0,"key":"Block Potion"},{"floor":22.0,"key":"SkillPotion"},{"floor":23.0,"key":"PowerPotion"},{"floor":27.0,"key":"AttackPotion"},{"floor":31.0,"key":"GhostInAJar"},{"floor":33.0,"key":"ColorlessPotion"}],"is_trial":false,"path_per_floor":["M","?","$","M","?","R","E","R","T","M","E","$","?","M","R","B",null,"M","?","?","$","?","M","R","M","T","E","R","E","R","M","R","B",null,"M","M","?","M","?","R","E","T","T","M","M","$","M","$","R","B","B"],"character_chosen":"THE_SILENT","items_purchased":["Accuracy"],"campfire_rested":2,"item_purchase_floors":[21],"current_hp_per_floor":[59,39,39,39,4,23,23,23,23,23,19,19,19,19,19,17,54,46,46,46,46,46,46,46,46,46,42,42,32,32,32,32,20,55,31,31,31,31,21,40,28,28,28,17,12,12,12,12,12,12,0,0],"gold":150,"neow_bonus":"THREE_ENEMY_KILL","is_daily":false,"chose_seed":false,"campfire_upgraded":6,"win_rate":0.0,"timestamp":1612778576,"path_taken":["M","?","$","M","?","R","E","R","T","M","E","$","?","M","R","BOSS","M","?","?","$","?","M","R","?","T","E","R","E","R","M","R","BOSS","M","M","?","M","?","R","E","?","T","M","M","$","M","$","R","BOSS","BOSS"],"items_purchased_type":["Card"],"build_version":"2020-12-22","purchased_purges":4,"victory":false,"max_hp_per_floor":[66,66,66,66,66,66,66,66,66,66,66,66,66,66,66,66,66,66,66,66,66,66,66,66,66,66,66,66,66,66,66,66,66,66,66,66,66,66,66,66,66,66,66,66,66,66,66,66,66,66,66,66],"card_choices":[{"not_picked":["Outmaneuver","Bane"],"picked":"Escape Plan","floor":1.0},{"not_picked":["Flying Knee","Slice"],"picked":"Blade Dance","floor":4.0},{"not_picked":["Night Terror","Outmaneuver"],"picked":"Dagger Throw","floor":7.0},{"not_picked":["Deadly Poison","Infinite Blades"],"picked":"Backflip","floor":10.0},{"not_picked":["Dagger Spray","Calculated Gamble"],"picked":"PiercingWail","floor":11.0},{"not_picked":["Calculated Gamble","Flying Knee"],"picked":"Cloak And Dagger","floor":14.0},{"not_picked":["Bane","Outmaneuver"],"picked":"Blade Dance","floor":18.0},{"not_picked":["Concentrate","Dagger Spray","Poisoned Stab"],"picked":"SKIP","floor":23.0},{"not_picked":["Dash","Sucker Punch"],"picked":"Adrenaline","floor":25.0},{"not_picked":["Blade Dance","Underhanded Strike","Flying Knee+1"],"picked":"SKIP","floor":27.0},{"not_picked":["Dagger Throw","Poisoned Stab"],"picked":"Escape Plan","floor":29.0},{"not_picked":["Sucker Punch","Reflex"],"picked":"Concentrate","floor":31.0},{"not_picked":["Escape Plan+1","Flying Knee+1"],"picked":"Acrobatics","floor":35.0},{"not_picked":["Catalyst+1","Bouncing Flask","Dagger Throw+1"],"picked":"SKIP","floor":36.0},{"not_picked":["Dash","Acrobatics","Deflect"],"picked":"SKIP","floor":38},{"not_picked":["Dark Shackles","Bandage Up"],"picked":"Finesse","floor":39},{"not_picked":["Poisoned Stab","Blade Dance","Distraction"],"picked":"SKIP","floor":41},{"not_picked":["Underhanded Strike","Riddle With Holes","Deflect+1"],"picked":"Cloak And Dagger+1","floor":44},{"not_picked":["Dodge and Roll","Bane","Slice+1","Dagger Spray"],"picked":"SKIP","floor":45},{"not_picked":["Unload","Masterful Stab","Bane","Flying Knee"],"picked":"SKIP","floor":47},{"not_picked":["Unload","Masterful Stab","Bane","Flying Knee"],"picked":"SKIP","floor":47}],"player_experience":1009411,"relics_obtained":[{"floor":7.0,"key":"Centennial Puzzle"},{"floor":9.0,"key":"Art of War"},{"floor":11.0,"key":"Pen Nib"},{"floor":26.0,"key":"Ancient Tea Set"},{"floor":27.0,"key":"Toy Ornithopter"},{"floor":29.0,"key":"Blue Candle"},{"floor":37.0,"key":"The Specimen"},{"floor":41,"key":"Incense Burner"},{"floor":42,"key":"Question Card"}],"event_choices":[{"damage_healed":0.0,"max_hp_gain":0.0,"max_hp_loss":0.0,"gold_gain":0.0,"event_name":"Shining Light","player_choice":"Entered Light","floor":2.0,"gold_loss":0.0,"damage_taken":20.0,"cards_upgraded":["Defend_G","Strike_G"]},{"damage_healed":0.0,"max_hp_gain":0.0,"max_hp_loss":0.0,"gold_gain":0.0,"event_name":"Scrap Ooze","player_choice":"Success","floor":5.0,"gold_loss":0.0,"damage_taken":35.0,"relics_obtained":["Kunai"]},{"cards_removed":["Defend_G"],"damage_healed":0.0,"max_hp_gain":0.0,"max_hp_loss":0.0,"gold_gain":0.0,"event_name":"Purifier","player_choice":"Purged","floor":13.0,"gold_loss":0.0,"damage_taken":0.0},{"damage_healed":0.0,"max_hp_gain":0.0,"max_hp_loss":0.0,"gold_gain":0.0,"event_name":"Vampires","player_choice":"Ignored","floor":19.0,"gold_loss":0.0,"damage_taken":0.0},{"damage_healed":0.0,"max_hp_gain":0.0,"max_hp_loss":0.0,"gold_gain":0.0,"event_name":"Ghosts","player_choice":"Ignored","floor":20.0,"gold_loss":0.0,"damage_taken":0.0},{"damage_healed":0.0,"max_hp_gain":0.0,"max_hp_loss":0.0,"gold_gain":0.0,"event_name":"Lab","player_choice":"Got Potions","floor":22.0,"gold_loss":0.0,"damage_taken":0.0},{"damage_healed":0.0,"max_hp_gain":0.0,"max_hp_loss":0.0,"gold_gain":0.0,"event_name":"MindBloom","player_choice":"Fight","floor":37.0,"gold_loss":0.0,"damage_taken":0.0},{"damage_healed":0,"gold_gain":0,"player_choice":"Memory 3","damage_taken":10,"max_hp_gain":0,"max_hp_loss":0,"event_name":"SensoryStone","floor":39,"gold_loss":0}],"is_beta":false,"boss_relics":[{"not_picked":["Empty Cage","Fusion Hammer"],"picked":"Astrolabe"},{"not_picked":["Black Star","Coffee Dripper"],"picked":"HoveringKite"}],"items_purged_floors":[3,12,46,48],"is_endless":false,"potions_floor_spawned":[1,4,11,14,23,27,31,33,35,41,45,47],"killed_by":"Time Eater","ascension_level":20}}