{"host":"8is2j71l4wmybkoi","time":1612785837,"event":{"mods":["AchievementEnabler","BaseMod","Colored Map","Minty Spire (QoL Compilation)","Rare Cards Sparkle","StSLib","SuperFastMode"],"gold_per_floor":[363,379,18,18,93,93,113,132,158,158,187,204,204,3,3,81,81,101,117,130,141,141,141,141,141,141],"floor_reached":25,"language":"KOR","playtime":792,"items_purged":["Strike_G"],"score":355,"play_id":"77f9c8df-4c1c-4ef3-9df1-46ffb7ed3e52","local_time":"20210208210357","is_ascension_mode":true,"campfire_choices":[{"data":"Neutralize","floor":6.0,"key":"SMITH"},{"data":"Blade Dance","floor":10.0,"key":"SMITH"},{"data":"Deadly Poison","floor":13,"key":"SMITH"},{"data":"Acrobatics","floor":15,"key":"SMITH"},{"floor":23,"key":"REST"}],"circlet_count":0,"master_deck":["AscendersBane","Strike_G","Strike_G","Strike_G","Defend_G","Defend_G","Defend_G","Defend_G","Survivor","Neutralize+1","Heel Hook","Backstab","Blade Dance+1","Riddle With Holes","Deadly Poison+1","Acrobatics+1","Grand Finale","Deflect+1","PiercingWail","Storm of Steel","Terror"],"relics":["Ring of the Snake","Turnip","Akabeko","Potion Belt","Bronze Scales","HoveringKite"],"acts_visited":["Exordium","TheCity"],"potions_floor_usage":[16,18,19,25],"damage_taken":[{"damage":2.0,"enemies":"Jaw Worm","floor":1.0,"turns":6.0},{"damage":3.0,"enemies":"2 Louse","floor":2.0,"turns":3.0},{"damage":0.0,"enemies":"Cultist","floor":7.0,"turns":3.0},{"damage":3.0,"enemies":"Large Slime","floor":8.0,"turns":5.0},{"damage":33.0,"enemies":"Gremlin Nob","floor":11.0,"turns":4.0},{"damage":0.0,"enemies":"Blue Slaver","floor":12.0,"turns":3.0},{"damage":1,"enemies":"Hexaghost","floor":16,"turns":7},{"damage":7,"enemies":"Shell Parasite","floor":18,"turns":4},{"damage":21,"enemies":"2 Thieves","floor":19,"turns":3},{"damage":6,"enemies":"Centurion and Healer","floor":20,"turns":6},{"damage":0,"enemies":"Sentry and Sphere","floor":21,"turns":3},{"damage":39,"enemies":"Gremlin Leader","floor":25,"turns":5}],"seed_played":"7272794163597417923","potions_obtained":[{"floor":2.0,"key":"Fire Potion"},{"floor":8.0,"key":"Dexterity Potion"},{"floor":11.0,"key":"Weak Potion"},{"floor":16,"key":"Strength Potion"},{"floor":21,"key":"Energy Potion"}],"is_trial":false,"path_per_floor":["M","M","$","?","?","R","M","M","T","R","E","M","R","$","R","B",null,"M","M","M","M","?","R","?","E"],"character_chosen":"THE_SILENT","items_purchased":["Turnip","Bronze Scales","PowerPotion"],"campfire_rested":1,"item_purchase_floors":[3,14,14],"current_hp_per_floor":[57,54,54,59,48,48,48,45,45,45,12,12,12,12,12,11,52,45,24,18,18,18,37,37,0,0],"gold":141,"neow_bonus":"TWO_FIFTY_GOLD","is_daily":false,"chose_seed":false,"campfire_upgraded":4,"win_rate":0.0,"timestamp":1612785837,"path_taken":["M","M","$","?","?","R","M","M","T","R","E","M","R","?","R","BOSS","M","?","M","M","?","R","?","E"],"items_purchased_type":["Relic","Relic","Potion"],"build_version":"2020-12-22","purchased_purges":1,"victory":false,"max_hp_per_floor":[60,60,60,65,65,65,65,65,65,65,65,65,65,65,65,65,65,65,65,65,65,65,65,65,65,65],"card_choices":[{"not_picked":["Underhanded Strike","All Out Attack"],"picked":"Heel Hook","floor":1.0},{"not_picked":["Heel Hook","Deadly Poison"],"picked":"Backstab","floor":2.0},{"not_picked":["Finisher","Cloak And Dagger"],"picked":"Blade Dance","floor":7.0},{"not_picked":["Concentrate","Deflect"],"picked":"Riddle With Holes","floor":8.0},{"not_picked":["Underhanded Strike","Slice"],"picked":"Deadly Poison","floor":11.0},{"not_picked":["Slice","Flying Knee"],"picked":"Acrobatics","floor":12.0},{"not_picked":["Malaise","Glass Knife"],"picked":"Grand Finale","floor":16},{"not_picked":["Heel Hook","PiercingWail"],"picked":"Deflect+1","floor":18},{"not_picked":["Deadly Poison","Dash","Poisoned Stab"],"picked":"SKIP","floor":19},{"not_picked":["Bane","All Out Attack","Slice"],"picked":"SKIP","floor":20},{"not_picked":["Quick Slash","Distraction"],"picked":"PiercingWail","floor":21}],"player_experience":1070790,"relics_obtained":[{"floor":9.0,"key":"Akabeko"},{"floor":11.0,"key":"Potion Belt"}],"event_choices":[{"damage_healed":0.0,"max_hp_gain":5.0,"max_hp_loss":0.0,"gold_gain":0.0,"event_name":"Big Fish","player_choice":"Donut","floor":4.0,"gold_loss":0.0,"damage_taken":0.0},{"damage_healed":0.0,"max_hp_gain":0.0,"max_hp_loss":0.0,"gold_gain":75.0,"event_name":"World of Goop","player_choice":"Gather Gold","floor":5.0,"gold_loss":0.0,"damage_taken":11.0},{"damage_healed":0,"gold_gain":0,"player_choice":"Ignored","damage_taken":0,"max_hp_gain":0,"max_hp_loss":0,"event_name":"The Mausoleum","floor":22,"gold_loss":0},{"damage_healed":0,"gold_gain":0,"cards_transformed":["Strike_G","Defend_G"],"player_choice":"Became Test Subject","damage_taken":0,"max_hp_gain":0,"max_hp_loss":0,"event_name":"Drug Dealer","floor":24,"gold_loss":0,"cards_obtained":["Storm of Steel","Terror"]}],"is_beta":false,"boss_relics":[{"not_picked":["Busted Crown","Snecko Eye"],"picked":"HoveringKite"}],"items_purged_floors":[3],"is_endless":false,"potions_floor_spawned":[2,8,11,16,21],"killed_by":"Gremlin Leader","ascension_level":15}}