{"host":"vlqejv0notyktumz","time":1612769200,"event":{"mods":["AchievementEnabler","BaseMod","Colored Map","Colored Powertips","Downfall","Googly Eyes","Minty Spire (QoL Compilation)","StSLib"],"gold_per_floor":[115,18,18,18,28,58,58,70,97,97,116,143,143,165,165,279,279,293,315,42,42,42,42,79,79,104,104,104,104],"floor_reached":28,"language":"ENG","playtime":724,"items_purged":["Strike_B"],"score":354,"play_id":"1a017667-ead3-4e4c-89ea-85fb3df7cddb","local_time":"20210208012640","is_ascension_mode":true,"campfire_choices":[{"data":"Echo Form","floor":7,"key":"SMITH"},{"floor":10,"key":"REST"},{"data":"Enlightenment","floor":13,"key":"SMITH"},{"floor":15,"key":"REST"},{"floor":23,"key":"REST"},{"floor":27,"key":"REST"}],"circlet_count":0,"master_deck":["AscendersBane","Strike_B","Strike_B","Defend_B","Defend_B","Defend_B","Defend_B","Zap","Dualcast","Echo Form+1","Ball Lightning","Enlightenment+1","Undo","Melter","FTL","Leap","Defragment","Defragment","Echo Form","Meteor Strike","Stack","Machine Learning"],"relics":["Cracked Core","MealTicket","CeramicFish","Nuclear Battery","Blood Vial","InkBottle","Bottled Flame","Oddly Smooth Stone"],"acts_visited":["Exordium","TheCity"],"potions_floor_usage":[6,16,16,19,24],"damage_taken":[{"damage":0,"enemies":"2 Louse","floor":1,"turns":3},{"damage":1,"enemies":"Cultist","floor":5,"turns":3},{"damage":33,"enemies":"Lagavulin","floor":6,"turns":7},{"damage":11,"enemies":"Small Slimes","floor":8,"turns":3},{"damage":0,"enemies":"2 Fungi Beasts","floor":11,"turns":4},{"damage":14,"enemies":"Red Slaver","floor":12,"turns":5},{"damage":11,"enemies":"Exordium Wildlife","floor":14,"turns":6},{"damage":35,"enemies":"Slime Boss","floor":16,"turns":7},{"damage":11,"enemies":"3 Byrds","floor":18,"turns":6},{"damage":29,"enemies":"Shell Parasite","floor":19,"turns":6},{"damage":34,"enemies":"Book of Stabbing","floor":24,"turns":7},{"damage":63,"enemies":"3 Cultists","floor":28,"turns":6}],"seed_played":"-7436986493905942723","potions_obtained":[{"floor":5,"key":"DistilledChaos"},{"floor":12,"key":"LiquidMemories"},{"floor":14,"key":"FearPotion"},{"floor":16,"key":"sneckomod:MuddlingPotion"},{"floor":19,"key":"Swift Potion"}],"is_trial":false,"path_per_floor":["M","$","?","$","M","E","R","M","T","R","M","M","R","M","R","B",null,"M","M","$","T","?","R","E","$","T","R","M"],"character_chosen":"DEFECT","items_purchased":["Enlightenment","Blood Vial","Stack"],"campfire_rested":4,"item_purchase_floors":[2,20,20],"current_hp_per_floor":[68,68,68,68,67,34,34,23,23,45,45,31,31,20,42,7,58,47,18,33,33,33,55,23,38,38,60,0,0],"gold":104,"neow_bonus":"ONE_RANDOM_RARE_CARD","is_daily":false,"chose_seed":false,"campfire_upgraded":2,"win_rate":0.0,"timestamp":1612769200,"path_taken":["M","$","?","?","M","E","R","M","T","R","M","M","R","M","R","BOSS","M","?","$","?","?","R","E","$","T","R","M"],"items_purchased_type":["Card","Relic","Card"],"build_version":"2020-12-22","purchased_purges":1,"victory":false,"max_hp_per_floor":[75,75,75,75,75,75,75,75,75,75,75,75,75,75,75,75,75,75,75,75,75,75,75,75,75,75,75,75,75],"card_choices":[{"not_picked":["Beam Cell","Cold Snap"],"picked":"Ball Lightning","floor":1},{"not_picked":["Stack","Streamline"],"picked":"Undo","floor":5},{"not_picked":["Steam","Redo"],"picked":"Melter","floor":6},{"not_picked":["Beam Cell","Ball Lightning"],"picked":"FTL","floor":8},{"not_picked":["Stack","Coolheaded"],"picked":"Leap","floor":11},{"not_picked":["Amplify","Coolheaded"],"picked":"Defragment","floor":12},{"not_picked":["Gash","Redo"],"picked":"Defragment","floor":14},{"not_picked":["Amplify","Electrodynamics"],"picked":"Echo Form","floor":16},{"not_picked":["Go for the Eyes","Scrape","Redo+1"],"picked":"SKIP","floor":18},{"not_picked":["Hologram","Ball Lightning"],"picked":"Meteor Strike","floor":19},{"not_picked":["Compile Driver+1","Ball Lightning+1","Machine Learning"],"picked":"SKIP","floor":24},{"not_picked":["Compile Driver+1","Ball Lightning+1"],"picked":"Machine Learning","floor":24}],"player_experience":399019,"relics_obtained":[{"floor":6,"key":"MealTicket"},{"floor":9,"key":"CeramicFish"},{"floor":21,"key":"InkBottle"},{"floor":24,"key":"Bottled Flame"},{"floor":26,"key":"Oddly Smooth Stone"}],"event_choices":[{"cards_removed":["Strike_B"],"damage_healed":0,"gold_gain":0,"player_choice":"Card Removal","damage_taken":0,"max_hp_gain":0,"max_hp_loss":0,"event_name":"Wheel of Change","floor":3,"gold_loss":0}],"is_beta":false,"boss_relics":[{"not_picked":["Empty Cage","FrozenCore"],"picked":"Nuclear Battery"}],"items_purged_floors":[20],"is_endless":false,"potions_floor_spawned":[5,12,14,16,19],"killed_by":"3 Cultists","ascension_level":10}}