{"host":"vflj39ie5n27t074","time":1612758335,"event":{"mods":["BaseMod","BetterRewards","Bossed Relics","Colored Map","Colored Powertips","Downfall","Hero for Fun","Hubris","Infinite Spire","Marisa????????","Minty Spire (QoL Compilation)","Replay The Spire","SIMod","StSLib","The Jungle","The Mystic","The Poker Player","The Servant 0.9.4"],"gold_per_floor":[117,39,39,52,64,96,96,155,155,179,179,179],"floor_reached":11,"language":"ENG","playtime":400,"items_purged":[],"score":78,"play_id":"124c3206-fb6a-45fd-afd7-4be7ccf6c26a","local_time":"20210207222535","is_ascension_mode":true,"campfire_choices":[],"circlet_count":0,"master_deck":["Strike_P","Strike_P","Strike_P","Strike_P","Defend_P","Defend_P","Defend_P","Defend_P","Eruption","Vigilance","ThirdEye","MentalFortress+1","Vengeance","Wallop","Meditate","Perseverance"],"relics":["PureWater","NeowsBlessing","Replay:Bottled Eggs","Orichalcum","hubris:ToyBattleship","hubris:Teleporter","Odd Mushroom"],"acts_visited":["Exordium"],"potions_floor_usage":[10],"damage_taken":[{"damage":0,"enemies":"Cultist","floor":1,"turns":1},{"damage":0,"enemies":"Jaw Worm","floor":4,"turns":1},{"damage":0,"enemies":"2 Louse","floor":5,"turns":1},{"damage":59,"enemies":"Gremlin Nob","floor":6,"turns":4},{"damage":0,"enemies":"Gremlin Nob","floor":8,"turns":3},{"damage":2,"enemies":"The Mushroom Lair","floor":10,"turns":4},{"damage":13,"enemies":"Lagavulin","floor":11,"turns":3}],"seed_played":"4018267738350478823","potions_obtained":[{"floor":1,"key":"Guardian:BlockOnCardUsePotion"},{"floor":4,"key":"SmokeBomb"},{"floor":6,"key":"Elixir"}],"is_trial":false,"path_per_floor":["M","$","T","M","M","E","$","?","T","?","E"],"character_chosen":"WATCHER","items_purchased":["MentalFortress"],"campfire_rested":0,"item_purchase_floors":[2],"current_hp_per_floor":[72,72,72,72,72,13,13,13,13,11,0,0],"gold":179,"neow_bonus":"THREE_ENEMY_KILL","is_daily":false,"chose_seed":false,"campfire_upgraded":0,"win_rate":0.0,"timestamp":1612758335,"path_taken":["M","$","?","?","M","E","$","?","T","?","E"],"items_purchased_type":["Card"],"build_version":"2020-12-22","purchased_purges":0,"victory":false,"max_hp_per_floor":[72,72,72,72,72,72,72,72,72,72,72,72],"card_choices":[{"not_picked":["Replay:ManipulateFuture","Halt"],"picked":"ThirdEye","floor":1},{"not_picked":["JustLucky","Study"],"picked":"Vengeance","floor":4},{"not_picked":["EmptyBody","WheelKick"],"picked":"Wallop","floor":5},{"not_picked":["BattleHymn","Replay:ManipulateFuture"],"picked":"Meditate","floor":6},{"not_picked":["Consecrate","Conclude"],"picked":"Perseverance","floor":8}],"player_experience":92185,"relics_obtained":[{"floor":3,"key":"Replay:Bottled Eggs"},{"floor":6,"key":"Orichalcum"},{"floor":8,"key":"hubris:ToyBattleship"},{"floor":9,"key":"hubris:Teleporter"},{"floor":10,"key":"Odd Mushroom"}],"event_choices":[{"damage_healed":0,"gold_gain":0,"player_choice":"Searched \u00271\u0027 times","damage_taken":0,"max_hp_gain":0,"max_hp_loss":0,"event_name":"Dead Adventurer","floor":8,"gold_loss":0},{"damage_healed":0,"gold_gain":0,"player_choice":"Fought Mushrooms","damage_taken":0,"max_hp_gain":0,"max_hp_loss":0,"event_name":"Mushrooms","floor":10,"gold_loss":0}],"is_beta":false,"boss_relics":[],"items_purged_floors":[],"is_endless":false,"potions_floor_spawned":[1,4,6],"killed_by":"Lagavulin","ascension_level":2}}