{"host":"u21q392b5xaj11fl","time":1612744261,"event":{"mods":["2.2 Compatiblity","Bard","BaseMod","Better Note","Colored Map","Colored Powertips","Conspire","Custom Start","Downfall","Faster Ascension Climbing","GifTheSpireLib","Gremlin Skip","Highlight Path","Hubris","Infinite Spire","Mad Scientist","Marisa????????","Mimic Mod","Minty Spire (QoL Compilation)","Monster B Gone","Permanent Neow","Potionbrewer","Quick Restart","READ ME - Guardian Mod","Relic Sorter","Replay The Spire","Shop Mod","Somnambulant","StSLib","Stuff the Spire","SuperFastMode","The Construct","The Disciple","The Servant 0.9.4"],"gold_per_floor":[20,20,31,49,49,84,84,115,140,140,140,140,155,171,186,211,211,285,285,302,28,28,28,28,28,28,28,38,65,89,115,127,127,127,137,137,214,214,233,233,213,226,242,277,277,311,311,346,346,346,346,359,359,359,359,359,145,174,174],"floor_reached":60,"language":"ENG","playtime":4348,"items_purged":["Strike_B","Strike_B"],"score":2040,"play_id":"d573d6ed-780f-4126-83f3-40dcbfb7e5f0","local_time":"20210207183101","is_ascension_mode":true,"campfire_choices":[{"data":"Streamline","floor":7.0,"key":"SMITH"},{"floor":10.0,"key":"REST"},{"floor":17.0,"key":"REST"},{"data":"BasicCrystalCard","floor":27.0,"key":"SMITH"},{"data":"Reinforced Body","floor":34.0,"key":"SMITH"},{"floor":36.0,"key":"REST"},{"data":"Biased Cognition","floor":45.0,"key":"SMITH"},{"floor":51.0,"key":"RECALL"},{"data":"Fission","floor":53.0,"key":"SMITH"},{"data":"infinitespire:Oblivion","floor":56.0,"key":"SMITH"}],"circlet_count":0,"master_deck":["AscendersBane","Strike_B+1","Defend_B","Defend_B","Defend_B","Zap","Dualcast+1","Streamline+1","Lockon+1","Sweeping Beam+1","Compile Driver","Electrodynamics","Hologram","BasicCrystalCard+1","Mirror Shield","Steam","Self Repair","infinitespire:Oblivion+1","infinitespire:Gouge","Reinforced Body+1","ReplaySort","Hologram+1","Fission+1","Seek","Seek","Crystallizer","Biased Cognition+1","hubris:PowerSurge","Consume","Apotheosis","BasicCrystalCard+1","Defragment"],"relics":["Cracked Core","ReplayTheSpireMod:Lightbulb","StuffTheSpire:Gunfinga","hubris:RunicObelisk","sneckomod:SneckoTalon","Replay:Towering Pillar of Hats","FaceOfCleric","bronze:DecasWashers","OrangePellets","Replay:Bottled Flurry","Anchor","PreservedInsect","Nloth\u0027s Gift","MerchantsRug","expansioncontent:StudyCardRelic","sneckomod:BlankCard","Bottled Lightning","hexamod:Sixitude"],"acts_visited":["Exordium","TheCity","TheBeyond","TheEnding"],"potions_floor_usage":[59,59],"damage_taken":[{"damage":8.0,"enemies":"2 Louse","floor":1.0,"turns":4.0},{"damage":3.0,"enemies":"Small Slimes","floor":3.0,"turns":3.0},{"damage":0.0,"enemies":"Cultist","floor":4.0,"turns":3.0},{"damage":30.0,"enemies":"3 Sentries","floor":6.0,"turns":5.0},{"damage":8.0,"enemies":"Gremlin Nob","floor":8.0,"turns":3.0},{"damage":5.0,"enemies":"3 Louse","floor":13.0,"turns":3.0},{"damage":6.0,"enemies":"Lots of Slimes","floor":14.0,"turns":2.0},{"damage":2.0,"enemies":"2 Fungi Beasts","floor":15.0,"turns":3.0},{"damage":10.0,"enemies":"3 Sentries","floor":16.0,"turns":4.0},{"damage":22.0,"enemies":"Hexaghost","floor":18.0,"turns":7.0},{"damage":22.0,"enemies":"2 Thieves","floor":20.0,"turns":2.0},{"damage":2.0,"enemies":"3 Byrds","floor":28.0,"turns":2.0},{"damage":14.0,"enemies":"Gremlin Leader","floor":29.0,"turns":5.0},{"damage":15.0,"enemies":"Nightmare","floor":31.0,"turns":6.0},{"damage":0.0,"enemies":"Shelled Parasite and Fungi","floor":32.0,"turns":3.0},{"damage":0.0,"enemies":"Cultist and Chosen","floor":35.0,"turns":3.0},{"damage":22.0,"enemies":"Automaton","floor":37.0,"turns":7.0},{"damage":0.0,"enemies":"3 Shapes","floor":39.0,"turns":3.0},{"damage":1.0,"enemies":"3 Darklings","floor":42.0,"turns":3.0},{"damage":7.0,"enemies":"Transient","floor":43.0,"turns":5.0},{"damage":6.0,"enemies":"R_Hoarder","floor":44.0,"turns":5.0},{"damage":0.0,"enemies":"Giant Head","floor":46.0,"turns":5.0},{"damage":2.0,"enemies":"Reptomancer","floor":48.0,"turns":4.0},{"damage":2.0,"enemies":"Spire Growth","floor":52.0,"turns":3.0},{"damage":5.0,"enemies":"Awakened One","floor":54.0,"turns":11.0},{"damage":0,"enemies":"Shield and Spear","floor":58,"turns":4},{"damage":28,"enemies":"The Heart","floor":59,"turns":6}],"seed_played":"7582607524064375507","potions_obtained":[{"floor":4.0,"key":"potionbrewer:BlacksmithPotion"},{"floor":6.0,"key":"potionbrewer:ToxicPotion"},{"floor":8.0,"key":"SpeedPotion"},{"floor":14.0,"key":"Energy Potion"},{"floor":29.0,"key":"Fire Potion"},{"floor":31.0,"key":"FearPotion"},{"floor":37.0,"key":"Swift Potion"},{"floor":44.0,"key":"infinitespire:BlackPotion"}],"is_trial":false,"path_per_floor":["M","?","M","M","?","E","R","E","T","R","PTL","PTL","M","M","M","E","R","B",null,"M","$","PTL","PTL","?","?","AVR","R","M","E","T","NM","M","?","R","M","R","B",null,"M","?","$","M","M","E","R","E","T","E","AVR","?","R","M","R","B",null,"R","$","E","B",null],"character_chosen":"DEFECT","items_purchased":["MerchantsRug","Replay:Towering Pillar of Hats","Self Repair","Seek","Crystallizer","Apotheosis","Dexterity Potion","BasicCrystalCard+1","Weak Potion"],"campfire_rested":3,"item_purchase_floors":[21,21,21,41,41,57,57,57,57],"current_hp_per_floor":[56,56,53,53,53,23,23,15,15,36,36,36,31,25,23,13,34,12,56,34,34,34,34,34,34,34,34,40,34,34,27,28,28,28,36,58,44,69,77,77,77,77,78,80,80,82,82,81,81,81,81,84,84,85,85,85,85,86,69],"gold":174,"neow_bonus":"ONE_RARE_RELIC","is_daily":false,"chose_seed":false,"campfire_upgraded":6,"win_rate":0.0,"timestamp":1612744261,"path_taken":["M","?","M","M","?","E","R","E","T","R","PTL","PTL","?","M","M","E","R","BOSS","M","$","PTL","PTL","?","?","AVR","R","?","E","T","NM","M","?","R","M","R","BOSS","M","?","$","M","M","E","R","E","T","E","AVR","?","R","M","R","BOSS","R","$","E","BOSS"],"items_purchased_type":["Relic","Relic","Card","Card","Card","Card","Potion","Card","Potion"],"build_version":"2020-12-22","purchased_purges":2,"victory":true,"max_hp_per_floor":[71,71,71,71,71,71,71,71,71,71,71,71,71,71,71,71,71,71,71,71,71,71,71,71,71,71,71,72,73,73,74,75,75,75,76,76,77,77,78,78,78,79,80,81,81,82,82,83,83,83,83,84,84,85,85,85,85,86,87],"card_choices":[{"not_picked":["StuffTheSpire:Rend","Redo"],"picked":"Streamline","floor":1.0},{"not_picked":["Go for the Eyes","Loop"],"picked":"Lockon","floor":3.0},{"not_picked":["Barrage","Beam Cell"],"picked":"Sweeping Beam","floor":4.0},{"not_picked":["Tempest","Turbo","Double Energy"],"picked":"SKIP","floor":6.0},{"not_picked":["Reprogram","Static Discharge"],"picked":"Electrodynamics","floor":8.0},{"not_picked":["Barrage","Go for the Eyes"],"picked":"Hologram","floor":13.0},{"not_picked":["Turbo","StuffTheSpire:CleanHardDrive","Streamline"],"picked":"SKIP","floor":14.0},{"not_picked":["StuffTheSpire:Plugnplay","Barrage"],"picked":"BasicCrystalCard","floor":15.0},{"not_picked":["Stack","Heatsinks","Rebound"],"picked":"SKIP","floor":16.0},{"not_picked":["Creative AI","Electrodynamics"],"picked":"Mirror Shield","floor":18.0},{"not_picked":["Blizzard","Sweeping Beam"],"picked":"Steam","floor":20.0},{"not_picked":["Hologram","StuffTheSpire:Rend","Go for the Eyes"],"picked":"SKIP","floor":28.0},{"not_picked":["Stack+1","FTL"],"picked":"Reinforced Body","floor":29.0},{"not_picked":["Barrage","BootSequence+1","Steam Power"],"picked":"SKIP","floor":31.0},{"not_picked":["Rebound","Redo"],"picked":"ReplaySort","floor":32.0},{"not_picked":["Coolheaded","Multi-Cast"],"picked":"Hologram+1","floor":35.0},{"not_picked":["StuffTheSpire:Purify","Core Surge"],"picked":"Fission","floor":37.0},{"not_picked":["ReplayTheSpireMod:Reroute Power","Coolheaded","Storm"],"picked":"SKIP","floor":39.0},{"not_picked":["Stack+1","StuffTheSpire:Plugnplay","Leap+1"],"picked":"SKIP","floor":42.0},{"not_picked":["Compile Driver+1","Hello World"],"picked":"Biased Cognition","floor":43.0},{"not_picked":["Coolheaded","Electrodynamics"],"picked":"hubris:PowerSurge","floor":44.0},{"not_picked":["Sunder+1","StuffTheSpire:LaunchingStrike","Coolheaded"],"picked":"SKIP","floor":46.0},{"not_picked":["Steam Power","StuffTheSpire:EventHorizon"],"picked":"Consume","floor":48.0},{"not_picked":["Leap","Conserve Battery+1","Gash"],"picked":"SKIP","floor":52.0},{"not_picked":["StuffTheSpire:LoadUp","Hologram+1"],"picked":"Defragment","floor":58}],"player_experience":223999,"relics_obtained":[{"floor":6.0,"key":"Whetstone"},{"floor":8.0,"key":"ReplayTheSpireMod:Lightbulb"},{"floor":9.0,"key":"StuffTheSpire:Gunfinga"},{"floor":16.0,"key":"hubris:OldNail"},{"floor":29.0,"key":"Replay:Bottled Flurry"},{"floor":30.0,"key":"Anchor"},{"floor":31.0,"key":"PreservedInsect"},{"floor":46.0,"key":"hubris:TenFootPole"},{"floor":48.0,"key":"sneckomod:BlankCard"},{"floor":58,"key":"hexamod:Sixitude"}],"event_choices":[{"damage_healed":0.0,"max_hp_gain":0.0,"max_hp_loss":0.0,"gold_gain":0.0,"cards_transformed":["Strike_B"],"event_name":"Transmorgrifier","player_choice":"Transformed","floor":5.0,"gold_loss":0.0,"damage_taken":0.0,"cards_obtained":["Compile Driver"]},{"cards_removed":["Self Repair"],"damage_healed":0.0,"max_hp_gain":0.0,"max_hp_loss":0.0,"gold_gain":0.0,"event_name":"betterNote:BetterNote","player_choice":"Give","floor":24.0,"gold_loss":0.0,"damage_taken":0.0,"cards_obtained":["Eclipse"]},{"damage_healed":0.0,"max_hp_gain":0.0,"max_hp_loss":0.0,"gold_gain":0.0,"event_name":"FaceTrader","player_choice":"Trade","floor":25.0,"gold_loss":0.0,"damage_taken":0.0,"relics_obtained":["FaceOfCleric"]},{"damage_healed":0.0,"max_hp_gain":0.0,"max_hp_loss":0.0,"gold_gain":0.0,"event_name":"N\u0027loth","player_choice":"Traded Relic","floor":33.0,"relics_lost":["MerchantsRug"],"gold_loss":0.0,"damage_taken":0.0,"relics_obtained":["Nloth\u0027s Gift"]},{"damage_healed":0.0,"max_hp_gain":0.0,"max_hp_loss":0.0,"gold_gain":0.0,"event_name":"Tomb of Lord Red Mask","player_choice":"Ignored","floor":40.0,"gold_loss":0.0,"damage_taken":0.0},{"cards_removed":["Defend_B"],"damage_healed":0.0,"max_hp_gain":0.0,"max_hp_loss":0.0,"gold_gain":0.0,"event_name":"Purifier","player_choice":"Purged","floor":50.0,"gold_loss":0.0,"damage_taken":0.0}],"is_beta":false,"boss_relics":[{"not_picked":["Kintsugi","Black Star"],"picked":"Replay:Grab Bag"},{"not_picked":["Replay:Bronze Core","hubris:CrackedHourglass"],"picked":"hubris:RunicObelisk"},{"not_picked":["infinitespire:Cupcake","hubris:VirtuousBlindfold"],"picked":"conspire:SlowCooker"},{"not_picked":["StuffTheSpire:Kangaroo","Ring of Chaos"],"picked":"sneckomod:SneckoTalon"},{"not_picked":["hubris:GrandSneckoEye","ReplayTheSpireMod:SealedPack"],"picked":"expansioncontent:StudyCardRelic"}],"items_purged_floors":[26,49],"is_endless":false,"potions_floor_spawned":[4,6,8,14,29,31,32,35,37,43,44,46],"ascension_level":14}}