{"host":"f6w7z8zvb0mi4wy9","time":1612795363,"event":{"mods":["BaseMod","Colored Map","Minty Spire (QoL Compilation)","READ ME - Guardian Mod","StSLib","SuperFastMode","The Jungle"],"gold_per_floor":[116,291,302,319,334,334,359,359,405,433,450,477,133,153,153,257,307,318,318,58,77,97,97,124,142,142,142,242,261,261,278,278,383,383,397,53,73,73,73,73,103,103,103,130,130,5,21,41,41,41,41,41,2,36,36,36],"floor_reached":55,"language":"KOR","playtime":1595,"items_purged":["Doubt","Strike_B","Strike_B"],"score":853,"play_id":"3472e14e-8aa3-49b1-9bc5-9e3df4dbb8ba","local_time":"20210208234243","is_ascension_mode":true,"campfire_choices":[{"data":"Dualcast","floor":6,"key":"SMITH"},{"data":"Hologram","floor":8,"key":"SMITH"},{"floor":15,"key":"RECALL"},{"data":"Glacier","floor":23,"key":"SMITH"},{"floor":30,"key":"REST"},{"data":"White Noise","floor":32,"key":"SMITH"},{"data":"Master of Strategy","floor":40,"key":"SMITH"},{"floor":42,"key":"REST"},{"floor":45,"key":"REST"},{"data":"Steam","floor":49,"key":"SMITH"},{"floor":52,"key":"REST"}],"circlet_count":0,"master_deck":["Strike_B","Strike_B+1","Defend_B","Defend_B","Defend_B","Defend_B","Zap+1","Dualcast+1","Cold Snap","Glacier+1","Sweeping Beam","Hologram+1","Compile Driver+1","Scrape+1","Go for the Eyes+1","Streamline+1","Chill","All For One+1","Beam Cell+1","FTL+1","Gash+1","Steam+1","Scrape+1","Beam Cell+1","Go for the Eyes+1","White Noise+1","Gash+1","Core Surge+1","Master of Strategy+1","Gash+1","Scrape+1","All For One+1","FTL+1","All For One+1","Gash+1","BootSequence"],"relics":["Cracked Core","Molten Egg 2","Lantern","Oddly Smooth Stone","Strawberry","PreservedInsect","Tiny House","Shuriken","Dream Catcher","MutagenicStrength","Du-Vu Doll","Mummified Hand","Inserter","Singing Bowl","Gambling Chip","Anchor","Bag of Marbles"],"acts_visited":["Exordium","TheCity","TheBeyond","TheEnding"],"potions_floor_usage":[7,10,28,44,50,55,55],"damage_taken":[{"damage":0,"enemies":"2 Louse","floor":1,"turns":2},{"damage":4,"enemies":"Jaw Worm","floor":3,"turns":3},{"damage":0,"enemies":"Cultist","floor":4,"turns":4},{"damage":2,"enemies":"Blue Slaver","floor":5,"turns":4},{"damage":45,"enemies":"Lagavulin","floor":7,"turns":14},{"damage":4,"enemies":"3 Sentries","floor":10,"turns":7},{"damage":0,"enemies":"Lots of Slimes","floor":11,"turns":2},{"damage":6,"enemies":"Lagavulin","floor":12,"turns":7},{"damage":0,"enemies":"3 Louse","floor":14,"turns":3},{"damage":6,"enemies":"Slime Boss","floor":16,"turns":9},{"damage":23,"enemies":"2 Thieves","floor":18,"turns":3},{"damage":0,"enemies":"Shell Parasite","floor":21,"turns":3},{"damage":0,"enemies":"Sentry and Sphere","floor":22,"turns":4},{"damage":11,"enemies":"Book of Stabbing","floor":24,"turns":2},{"damage":0,"enemies":"Centurion and Healer","floor":25,"turns":4},{"damage":4,"enemies":"Colosseum Slavers","floor":28,"turns":3},{"damage":0,"enemies":"Colosseum Nobs","floor":28,"turns":2},{"damage":0,"enemies":"3 Cultists","floor":29,"turns":4},{"damage":0,"enemies":"Snake Plant","floor":31,"turns":1},{"damage":12,"enemies":"Collector","floor":33,"turns":5},{"damage":12,"enemies":"3 Darklings","floor":35,"turns":4},{"damage":15,"enemies":"Orb Walker","floor":37,"turns":2},{"damage":16,"enemies":"Reptomancer","floor":41,"turns":4},{"damage":17,"enemies":"Nemesis","floor":44,"turns":3},{"damage":0,"enemies":"Transient","floor":47,"turns":5},{"damage":8,"enemies":"Sphere and 2 Shapes","floor":48,"turns":3},{"damage":53,"enemies":"Time Eater","floor":50,"turns":6},{"damage":31,"enemies":"Shield and Spear","floor":54,"turns":3},{"damage":68,"enemies":"The Heart","floor":55,"turns":6}],"seed_played":"-5188283043414316387","potions_obtained":[{"floor":3,"key":"DuplicationPotion"},{"floor":7,"key":"SpeedPotion"},{"floor":11,"key":"SpeedPotion"},{"floor":17,"key":"LiquidBronze"},{"floor":21,"key":"LiquidBronze"},{"floor":25,"key":"ColorlessPotion"},{"floor":29,"key":"Ancient Potion"},{"floor":41,"key":"ColorlessPotion"},{"floor":44,"key":"BlessingOfTheForge"}],"is_trial":false,"path_per_floor":["M","?","M","M","M","R","E","R","T","E","M","E","$","M","R","B",null,"M","?","$","M","M","R","E","M","T","?","?","M","R","M","R","B",null,"M","$","M","?","$","R","E","R","T","E","R","$","M","M","R","B",null,"R","$","E","B"],"character_chosen":"DEFECT","items_purchased":["Streamline+1","Chill","PreservedInsect","Shuriken","Master of Strategy","Gash+1","BootSequence"],"campfire_rested":4,"item_purchase_floors":[13,13,13,20,36,36,53],"current_hp_per_floor":[75,75,71,71,69,69,24,24,24,20,20,21,21,21,21,15,87,64,64,64,64,64,64,53,53,53,53,49,49,75,75,75,63,87,75,75,60,60,60,60,44,72,72,57,84,84,86,80,80,27,95,95,95,66,0,0],"gold":36,"neow_bonus":"UPGRADE_CARD","is_daily":false,"chose_seed":false,"campfire_upgraded":6,"win_rate":0.0,"timestamp":1612795363,"path_taken":["M","?","M","M","M","R","E","R","T","E","M","E","$","M","R","BOSS","M","?","$","M","M","R","E","M","T","?","?","M","R","M","R","BOSS","M","$","M","?","?","R","E","R","T","E","R","$","M","M","R","BOSS","R","$","E","BOSS"],"items_purchased_type":["Card","Card","Relic","Relic","Card","Card","Card"],"build_version":"2020-12-22","purchased_purges":3,"victory":false,"max_hp_per_floor":[75,75,75,75,75,75,75,75,75,75,75,82,82,82,82,82,87,87,87,87,87,87,87,87,87,87,87,87,87,87,87,87,87,87,87,87,87,87,87,87,87,89,89,91,91,91,93,95,95,95,95,95,95,97,97,97],"card_choices":[{"not_picked":["Redo","Coolheaded"],"picked":"Cold Snap","floor":1},{"not_picked":["Compile Driver","Go for the Eyes"],"picked":"Glacier","floor":3},{"not_picked":["Undo","Storm"],"picked":"Sweeping Beam","floor":4},{"not_picked":["Biased Cognition","Turbo"],"picked":"Hologram","floor":5},{"not_picked":["Rip and Tear+1","Coolheaded"],"picked":"Compile Driver+1","floor":7},{"not_picked":["Leap","Rebound+1"],"picked":"Scrape+1","floor":10},{"not_picked":["Redo","Cold Snap+1","Stack"],"picked":"SKIP","floor":11},{"not_picked":["Cold Snap+1","Multi-Cast"],"picked":"Go for the Eyes+1","floor":12},{"not_picked":["Sweeping Beam+1","Hologram","Barrage+1"],"picked":"SKIP","floor":14},{"not_picked":["Fission","Creative AI"],"picked":"All For One+1","floor":16},{"not_picked":["Go for the Eyes+1","Turbo"],"picked":"Beam Cell+1","floor":18},{"not_picked":["Barrage+1","Recycle+1"],"picked":"Gash+1","floor":21},{"not_picked":["Stack+1","Glacier","Consume+1"],"picked":"SKIP","floor":22},{"not_picked":["Sweeping Beam+1","Defragment"],"picked":"Steam","floor":24},{"not_picked":["Melter+1","Darkness"],"picked":"Scrape+1","floor":25},{"not_picked":["Barrage+1","Ball Lightning+1"],"picked":"Beam Cell+1","floor":28},{"not_picked":["Storm","Streamline+1"],"picked":"Go for the Eyes+1","floor":29},{"not_picked":["Auto Shields","Melter+1"],"picked":"White Noise","floor":30},{"not_picked":["Conserve Battery","Leap+1"],"picked":"Gash+1","floor":31},{"not_picked":["Electrodynamics","Thunder Strike+1"],"picked":"Core Surge+1","floor":33},{"not_picked":["Sweeping Beam+1","Coolheaded","Turbo"],"picked":"SKIP","floor":35},{"not_picked":["Ball Lightning+1","Gash+1"],"picked":"Scrape+1","floor":37},{"not_picked":["Go for the Eyes+1","Self Repair"],"picked":"FTL+1","floor":41},{"not_picked":["Melter+1","Rebound+1","Gash+1"],"picked":"Singing Bowl","floor":42},{"not_picked":["Hologram+1","Hello World","Capacitor"],"picked":"Singing Bowl","floor":44},{"not_picked":["Barrage+1","Defragment"],"picked":"All For One+1","floor":45},{"not_picked":["Recycle+1","Cold Snap+1","Hello World+1"],"picked":"Singing Bowl","floor":47},{"not_picked":["Melter+1","BootSequence","Reinforced Body"],"picked":"Singing Bowl","floor":48},{"not_picked":["Compile Driver+1","Cold Snap+1"],"picked":"Gash+1","floor":52},{"not_picked":["Rebound+1","Ball Lightning+1","Sweeping Beam+1"],"picked":"Singing Bowl","floor":54}],"player_experience":914536,"relics_obtained":[{"floor":7,"key":"Molten Egg 2"},{"floor":9,"key":"Lantern"},{"floor":10,"key":"Oddly Smooth Stone"},{"floor":12,"key":"Strawberry"},{"floor":24,"key":"Dream Catcher"},{"floor":28,"key":"Du-Vu Doll"},{"floor":28,"key":"Mummified Hand"},{"floor":41,"key":"Singing Bowl"},{"floor":43,"key":"Gambling Chip"},{"floor":44,"key":"Anchor"},{"floor":54,"key":"Bag of Marbles"}],"event_choices":[{"damage_healed":0,"gold_gain":175,"player_choice":"AGREE","damage_taken":0,"max_hp_gain":0,"max_hp_loss":0,"event_name":"Liars Game","floor":2,"gold_loss":0,"cards_obtained":["Doubt"]},{"damage_healed":0,"gold_gain":0,"player_choice":"Read","damage_taken":0,"max_hp_gain":0,"max_hp_loss":0,"event_name":"The Library","floor":19,"gold_loss":0,"cards_obtained":["FTL"]},{"damage_healed":0,"gold_gain":0,"player_choice":"Inject Mutagens","damage_taken":0,"relics_obtained":["MutagenicStrength"],"max_hp_gain":0,"max_hp_loss":0,"event_name":"Drug Dealer","floor":27,"gold_loss":0},{"damage_healed":0,"gold_gain":0,"player_choice":"Fight","damage_taken":0,"max_hp_gain":0,"max_hp_loss":0,"event_name":"Colosseum","floor":28,"gold_loss":0},{"damage_healed":0,"gold_gain":0,"player_choice":"Fought Nobs","damage_taken":0,"max_hp_gain":0,"max_hp_loss":0,"event_name":"Colosseum","floor":28,"gold_loss":0},{"damage_healed":0,"gold_gain":0,"player_choice":"Copied","damage_taken":0,"max_hp_gain":0,"max_hp_loss":0,"event_name":"Duplicator","floor":38,"gold_loss":0,"cards_obtained":["All For One"]}],"is_beta":false,"boss_relics":[{"not_picked":["SacredBark","Busted Crown"],"picked":"Tiny House"},{"not_picked":["Snecko Eye","Runic Pyramid"],"picked":"Inserter"}],"items_purged_floors":[13,36,46],"is_endless":false,"potions_floor_spawned":[3,7,11,21,25,28,29,41,44],"killed_by":"The Heart","ascension_level":1}}