{"host":"2dp3t1i5s6bd92af","time":1612811559,"event":{"mods":["BaseMod","Colored Powertips","Hermit","Minty Spire (QoL Compilation)","Reliquary","StSLib"],"gold_per_floor":[112,127,144,161,174,174,200,200,226,226,226,226,238,268,268,268,268],"floor_reached":16,"language":"ZHS","playtime":860,"items_purged":[],"score":112,"play_id":"0b675045-9600-46ea-94dc-bdd2a7da8751","local_time":"20210209031239","is_ascension_mode":false,"campfire_choices":[{"data":"hermit:PistolWhip","floor":6,"key":"SMITH"},{"data":"hermit:LoneWolf","floor":8,"key":"SMITH"},{"data":"hermit:Snapshot","floor":10,"key":"SMITH"},{"floor":12,"key":"RECALL"},{"data":"hermit:Headshot","floor":15,"key":"SMITH"}],"circlet_count":0,"master_deck":["hermit:Strike_Hermit","hermit:Strike_Hermit","hermit:Strike_Hermit","hermit:Strike_Hermit","hermit:Defend_Hermit","hermit:Defend_Hermit+1","hermit:Defend_Hermit+1","hermit:Snapshot+1","hermit:Covet","hermit:Determination","hermit:LoneWolf+1","hermit:PistolWhip+1","hermit:FinalCanter","hermit:ShadowCloak","hermit:Headshot+1"],"relics":["hermit:Momento","NeowsBlessing","War Paint","PreservedInsect"],"acts_visited":["Exordium"],"potions_floor_usage":[14,14,14],"damage_taken":[{"damage":0,"enemies":"Cultist","floor":1,"turns":1},{"damage":0,"enemies":"2 Louse","floor":2,"turns":1},{"damage":0,"enemies":"Small Slimes","floor":3,"turns":2},{"damage":14,"enemies":"Blue Slaver","floor":4,"turns":4},{"damage":16,"enemies":"Gremlin Gang","floor":5,"turns":5},{"damage":21,"enemies":"Lagavulin","floor":7,"turns":6},{"damage":4,"enemies":"2 Fungi Beasts","floor":13,"turns":4},{"damage":7,"enemies":"3 Sentries","floor":14,"turns":7},{"damage":17,"enemies":"Hexaghost","floor":16,"turns":4}],"seed_played":"4885511495006797572","potions_obtained":[{"floor":2,"key":"Explosive Potion"},{"floor":3,"key":"hermit:Tonic"},{"floor":13,"key":"LiquidMemories"}],"is_trial":false,"path_per_floor":["M","M","M","M","M","R","E","R","T","R","?","R","M","E","R","B"],"character_chosen":"HERMIT","items_purchased":[],"campfire_rested":0,"item_purchase_floors":[],"current_hp_per_floor":[75,75,75,61,45,45,24,24,24,24,24,24,20,13,13,0,0],"gold":268,"neow_bonus":"THREE_ENEMY_KILL","is_daily":false,"chose_seed":false,"campfire_upgraded":4,"win_rate":0.0,"timestamp":1612811559,"path_taken":["M","?","M","M","M","R","E","R","T","R","?","R","?","E","R","BOSS"],"items_purchased_type":[],"build_version":"2020-12-22","purchased_purges":0,"victory":false,"max_hp_per_floor":[75,75,75,75,75,75,75,75,75,75,75,75,75,75,75,75,75],"card_choices":[{"not_picked":["hermit:Desperado","hermit:Roulette"],"picked":"hermit:Determination","floor":1},{"not_picked":["hermit:BodyArmor","hermit:Feint"],"picked":"hermit:LoneWolf","floor":2},{"not_picked":["hermit:LowProfile","hermit:Dive"],"picked":"hermit:PistolWhip","floor":3},{"not_picked":["hermit:Virtue","hermit:Glare","hermit:CalledShot"],"picked":"SKIP","floor":4},{"not_picked":["hermit:HoleUp","hermit:Glare","hermit:Virtue"],"picked":"SKIP","floor":5},{"not_picked":["hermit:Vantage","hermit:Dive"],"picked":"hermit:FinalCanter","floor":7},{"not_picked":["hermit:SprayPray","hermit:ItchyTrigger"],"picked":"hermit:ShadowCloak","floor":13},{"not_picked":["hermit:Combo","hermit:TrackingShot"],"picked":"hermit:Headshot","floor":14}],"player_experience":433748,"relics_obtained":[{"floor":7,"key":"War Paint"},{"floor":14,"key":"PreservedInsect"}],"event_choices":[{"cards_removed":["hermit:Defend_Hermit"],"damage_healed":0,"gold_gain":0,"player_choice":"Offered Basic","damage_taken":0,"max_hp_gain":0,"max_hp_loss":0,"event_name":"Bonfire Elementals","floor":11,"gold_loss":0}],"is_beta":false,"boss_relics":[],"items_purged_floors":[],"is_endless":false,"potions_floor_spawned":[2,3,13],"killed_by":"Hexaghost","ascension_level":0}}