{"host":"aelxjre69umlx7r4","time":1612825574,"event":{"mods":["AchievementEnabler","BaseMod","Colored Map","DeckTracker","Highlight Path","Keyboard Shortcuts","Minty Spire (QoL Compilation)","Permanent Neow","SuperFastMode"],"gold_per_floor":[124,153,183,208,220,260,272,317,375,402,414,450,462,474,486,498,498],"floor_reached":16,"language":"KOR","playtime":690,"items_purged":[],"score":118,"play_id":"145ef19e-bfaf-43cc-98cd-f72290f4f67c","local_time":"20210209080614","is_ascension_mode":true,"campfire_choices":[{"data":"Evolve","floor":7.0,"key":"SMITH"},{"data":"Battle Trance","floor":13.0,"key":"SMITH"},{"data":"Berserk","floor":15,"key":"SMITH"}],"circlet_count":0,"master_deck":["Strike_R","Strike_R","Strike_R","Strike_R","Strike_R","Defend_R","Defend_R","Defend_R","Defend_R","Bash","Heavy Blade","Battle Trance+1","Thunderclap","Body Slam","Evolve+1","Intimidate","Berserk+1","Injury","Flex"],"relics":["Burning Blood","MawBank","Question Card","Sundial","Toy Ornithopter","Golden Idol"],"acts_visited":["Exordium"],"potions_floor_usage":[16],"damage_taken":[{"damage":6.0,"enemies":"Cultist","floor":1.0,"turns":3.0},{"damage":0.0,"enemies":"2 Louse","floor":2.0,"turns":2.0},{"damage":3.0,"enemies":"Jaw Worm","floor":3.0,"turns":4.0},{"damage":0.0,"enemies":"Large Slime","floor":4.0,"turns":5.0},{"damage":28.0,"enemies":"Gremlin Nob","floor":6.0,"turns":4.0},{"damage":31.0,"enemies":"Lagavulin","floor":8.0,"turns":6.0},{"damage":19.0,"enemies":"Blue Slaver","floor":10.0,"turns":5.0},{"damage":7.0,"enemies":"3 Louse","floor":12.0,"turns":3.0},{"damage":47,"enemies":"Hexaghost","floor":16,"turns":9}],"seed_played":"8070120534078772062","potions_obtained":[{"floor":1.0,"key":"Block Potion"},{"floor":2.0,"key":"DistilledChaos"},{"floor":8.0,"key":"BloodPotion"},{"floor":10.0,"key":"Strength Potion"},{"floor":12.0,"key":"LiquidBronze"}],"is_trial":false,"path_per_floor":["M","M","M","M","$","E","R","E","T","M","?","M","R","?","R","B"],"character_chosen":"IRONCLAD","items_purchased":[],"campfire_rested":0,"item_purchase_floors":[],"current_hp_per_floor":[80,80,80,80,80,58,58,33,33,20,20,40,40,40,40,0,0],"gold":498,"neow_bonus":"RANDOM_COMMON_RELIC","is_daily":false,"chose_seed":false,"campfire_upgraded":3,"win_rate":0.0,"timestamp":1612825574,"path_taken":["M","M","M","M","?","E","R","E","T","M","?","M","R","?","R","BOSS"],"items_purchased_type":[],"build_version":"2020-12-22","purchased_purges":0,"victory":false,"max_hp_per_floor":[80,80,80,80,80,80,80,80,80,80,80,80,80,80,80,80,80],"card_choices":[{"not_picked":["Shockwave","Dropkick"],"picked":"Heavy Blade","floor":1.0},{"not_picked":["Disarm","Searing Blow"],"picked":"Battle Trance","floor":2.0},{"not_picked":["Entrench","Twin Strike"],"picked":"Thunderclap","floor":3.0},{"not_picked":["Clash","Wild Strike"],"picked":"Body Slam","floor":4.0},{"not_picked":["Combust","Twin Strike"],"picked":"Evolve","floor":6.0},{"not_picked":["Reckless Charge","Clothesline","Carnage"],"picked":"Intimidate","floor":8.0},{"not_picked":["Pommel Strike","Shrug It Off","Searing Blow"],"picked":"Berserk","floor":10.0},{"not_picked":["Combust","Headbutt","Sword Boomerang"],"picked":"Flex","floor":12.0}],"player_experience":422114,"relics_obtained":[{"floor":6.0,"key":"Question Card"},{"floor":8.0,"key":"Sundial"},{"floor":9.0,"key":"Toy Ornithopter"}],"event_choices":[{"damage_healed":0.0,"max_hp_gain":0.0,"max_hp_loss":0.0,"gold_gain":0.0,"event_name":"Golden Idol","player_choice":"Take Wound","floor":11.0,"gold_loss":0.0,"damage_taken":0.0,"relics_obtained":["Golden Idol"],"cards_obtained":["Injury"]},{"damage_healed":0,"gold_gain":0,"player_choice":"Ignored","damage_taken":0,"max_hp_gain":0,"max_hp_loss":0,"event_name":"Shining Light","floor":14,"gold_loss":0}],"is_beta":false,"boss_relics":[],"items_purged_floors":[],"is_endless":false,"potions_floor_spawned":[1,2,8,10,12],"killed_by":"Hexaghost","ascension_level":1}}