{"host":"Aki","time":1612794316,"event":{"mods":["Act Like it!","BaseMod","Custom Start","Minty Spire (QoL Compilation)","Quick Restart","StSLib","noobMod"],"gold_per_floor":[118,131,141,316,0,34,34,34,83,119,132,132,132,156,156,275,275,300,300,324,324,342,342,342,342,342,368,385,385,285,320,320,416,416,426,442,452,215,234,259,273,300,300,316,316,316,316,336,336,336,336,336,39,73,73],"floor_reached":56,"language":"ZHS","playtime":2590,"items_purged":["Doubt","Strike_B","Defend_B","Defend_B"],"score":1429,"play_id":"8ccba1b4-a0ce-488b-9bcc-cb2df95494dd","local_time":"20210208222516","is_ascension_mode":true,"campfire_choices":[{"data":"Coolheaded","floor":8.0,"key":"SMITH"},{"floor":12.0,"key":"REST"},{"data":"Doom and Gloom","floor":15.0,"key":"SMITH"},{"data":"Defragment","floor":23.0,"key":"SMITH"},{"data":"Streamline","floor":25.0,"key":"SMITH"},{"floor":29.0,"key":"RECALL"},{"data":"Coolheaded","floor":32.0,"key":"SMITH"},{"data":"Defragment","floor":45.0,"key":"SMITH"},{"data":"Defragment","floor":47.0,"key":"SMITH"},{"data":"Echo Form","floor":49.0,"key":"SMITH"},{"data":"Ball Lightning","floor":52.0,"key":"SMITH"}],"circlet_count":0,"master_deck":["Defend_B","Defend_B","Zap","Dualcast","Ball Lightning+1","Coolheaded+1","Doom and Gloom+1","Streamline+1","Creative AI","Defragment+1","Rainbow","Force Field+1","Coolheaded+1","Echo Form+1","Coolheaded+1","Defragment+1","Recycle","Defragment+1"],"relics":["ice","Snecko Eye","Sundial","MealTicket","Bloody Idol","Bag of Preparation","Orichalcum","Philosopher\u0027s Stone","Meat on the Bone","Mango","Question Card","Coffee Dripper","StoneCalendar","Torii","Toy Ornithopter","Pocketwatch"],"acts_visited":["Exordium","TheCity","TheBeyond","TheEnding"],"potions_floor_usage":[55,55,55],"damage_taken":[{"damage":5.0,"enemies":"Small Slimes","floor":1.0,"turns":4.0},{"damage":7.0,"enemies":"Jaw Worm","floor":2.0,"turns":3.0},{"damage":10.0,"enemies":"2 Louse","floor":3.0,"turns":3.0},{"damage":15.0,"enemies":"Lagavulin","floor":6.0,"turns":4.0},{"damage":26.0,"enemies":"3 Sentries","floor":10.0,"turns":10.0},{"damage":11.0,"enemies":"Red Slaver","floor":11.0,"turns":4.0},{"damage":6.0,"enemies":"Exordium Wildlife","floor":14.0,"turns":3.0},{"damage":8.0,"enemies":"Slime Boss","floor":16.0,"turns":8.0},{"damage":4.0,"enemies":"Chosen","floor":18.0,"turns":4.0},{"damage":0.0,"enemies":"Spheric Guardian","floor":20.0,"turns":3.0},{"damage":27.0,"enemies":"Snake Plant","floor":22.0,"turns":3.0},{"damage":33.0,"enemies":"Gremlin Leader","floor":27.0,"turns":6.0},{"damage":0.0,"enemies":"3 Cultists","floor":28.0,"turns":3.0},{"damage":11.0,"enemies":"Slavers","floor":31.0,"turns":5.0},{"damage":19.0,"enemies":"Champ","floor":33.0,"turns":10.0},{"damage":0.0,"enemies":"3 Darklings","floor":35.0,"turns":4.0},{"damage":2.0,"enemies":"Orb Walker","floor":36.0,"turns":3.0},{"damage":1.0,"enemies":"Sphere and 2 Shapes","floor":37.0,"turns":4.0},{"damage":0.0,"enemies":"Spire Growth","floor":39.0,"turns":4.0},{"damage":14.0,"enemies":"Nemesis","floor":40.0,"turns":7.0},{"damage":4.0,"enemies":"4 Shapes","floor":41.0,"turns":3.0},{"damage":0.0,"enemies":"Giant Head","floor":42.0,"turns":8.0},{"damage":0.0,"enemies":"Transient","floor":44.0,"turns":5.0},{"damage":14.0,"enemies":"Writhing Mass","floor":48.0,"turns":4.0},{"damage":20.0,"enemies":"Donu and Deca","floor":50.0,"turns":6.0},{"damage":27,"enemies":"Shield and Spear","floor":54,"turns":8},{"damage":42,"enemies":"The Heart","floor":55,"turns":8}],"seed_played":"209945084134436475","potions_obtained":[{"floor":2.0,"key":"FearPotion"},{"floor":14.0,"key":"CultistPotion"},{"floor":16.0,"key":"Strength Potion"},{"floor":20.0,"key":"ColorlessPotion"},{"floor":36.0,"key":"Explosive Potion"},{"floor":40.0,"key":"Fire Potion"},{"floor":42.0,"key":"PowerPotion"}],"is_trial":false,"path_per_floor":["M","M","M","?","$","E","?","R","T","E","M","R","?","M","R","B",null,"M","?","M","?","M","R","?","R","T","E","M","R","$","E","R","B",null,"M","M","M","$","M","E","M","E","T","M","R","?","R","M","R","B",null,"R","$","E","B",null],"character_chosen":"DEFECT","items_purchased":["Sundial","Recycle","Defragment","Toy Ornithopter"],"campfire_rested":1,"item_purchase_floors":[5,38,38,53],"current_hp_per_floor":[70,63,53,53,53,38,38,38,38,12,1,21,21,15,15,7,69,65,65,65,65,38,38,38,38,38,36,53,53,68,62,62,48,83,83,83,83,83,83,74,75,80,80,83,83,83,83,74,74,54,83,83,83,61,46],"gold":73,"neow_bonus":"BOSS_RELIC","is_daily":false,"chose_seed":false,"campfire_upgraded":9,"win_rate":0.0,"timestamp":1612794316,"path_taken":["M","M","M","?","$","E","?","R","T","E","M","R","?","M","R","BOSS","M","?","M","?","M","R","?","R","T","E","?","R","$","E","R","BOSS","M","M","M","$","M","E","M","E","T","M","R","?","R","M","R","BOSS","R","$","E","BOSS"],"items_purchased_type":["Relic","Card","Card","Relic"],"build_version":"2020-12-18","purchased_purges":4,"victory":true,"max_hp_per_floor":[75,75,75,75,75,75,69,69,69,69,69,69,69,69,69,69,69,69,69,69,69,69,69,69,69,69,83,83,83,83,83,83,83,83,83,83,83,83,83,83,83,83,83,83,83,83,83,83,83,83,83,83,83,83,83],"card_choices":[{"not_picked":["Steam","Scrape","Cold Snap"],"picked":"SKIP","floor":1.0},{"not_picked":["Barrage","Rebound","Double Energy"],"picked":"SKIP","floor":2.0},{"not_picked":["Tempest","Self Repair"],"picked":"Ball Lightning","floor":3.0},{"not_picked":["Leap","Beam Cell"],"picked":"Coolheaded","floor":6.0},{"not_picked":["Ball Lightning","Consume"],"picked":"Doom and Gloom","floor":10.0},{"not_picked":["Go for the Eyes","Self Repair"],"picked":"Streamline","floor":11.0},{"not_picked":["Steam","Turbo","Redo"],"picked":"SKIP","floor":14.0},{"not_picked":["Multi-Cast","Rainbow"],"picked":"Creative AI","floor":16.0},{"not_picked":["Cold Snap+1","White Noise","Rebound"],"picked":"SKIP","floor":18.0},{"not_picked":["Reprogram","Streamline","Aggregate"],"picked":"SKIP","floor":20.0},{"not_picked":["Steam Power","Compile Driver","Steam"],"picked":"SKIP","floor":22.0},{"not_picked":["Streamline+1","Steam","Conserve Battery"],"picked":"SKIP","floor":27.0},{"not_picked":["Stack","Compile Driver+1"],"picked":"Force Field+1","floor":28.0},{"not_picked":["Static Discharge","Self Repair+1"],"picked":"Coolheaded","floor":31.0},{"not_picked":["Buffer","Multi-Cast","Amplify"],"picked":"Echo Form","floor":33.0},{"not_picked":["Rebound+1","Sweeping Beam","FTL+1","White Noise+1"],"picked":"SKIP","floor":35.0},{"not_picked":["Scrape","Beam Cell+1","Steam"],"picked":"Coolheaded+1","floor":36.0},{"not_picked":["Stack","Coolheaded","Darkness+1"],"picked":"Defragment","floor":37.0},{"not_picked":["Compile Driver","Hologram","Double Energy+1","Go for the Eyes+1"],"picked":"SKIP","floor":39.0},{"not_picked":["Auto Shields+1","Thunder Strike","White Noise","Force Field"],"picked":"SKIP","floor":40.0},{"not_picked":["Cold Snap+1","Compile Driver+1","Chill+1","Double Energy"],"picked":"SKIP","floor":41.0},{"not_picked":["Streamline","Steam","Consume","Hyperbeam"],"picked":"SKIP","floor":42.0},{"not_picked":["Coolheaded+1","Sweeping Beam","Stack","Reinforced Body"],"picked":"SKIP","floor":44.0},{"not_picked":["Loop","Coolheaded+1","Barrage","Conserve Battery+1"],"picked":"SKIP","floor":48.0},{"not_picked":["Beam Cell+1","Multi-Cast","Steam Power+1","Steam"],"picked":"SKIP","floor":54}],"player_experience":44976,"relics_obtained":[{"floor":6.0,"key":"MealTicket"},{"floor":9.0,"key":"Bag of Preparation"},{"floor":10.0,"key":"Orichalcum"},{"floor":26.0,"key":"Meat on the Bone"},{"floor":27.0,"key":"Mango"},{"floor":31.0,"key":"Question Card"},{"floor":40.0,"key":"StoneCalendar"},{"floor":42.0,"key":"Torii"},{"floor":54,"key":"Pocketwatch"}],"event_choices":[{"damage_healed":0.0,"max_hp_gain":0.0,"max_hp_loss":0.0,"gold_gain":175.0,"event_name":"Liars Game","player_choice":"AGREE","floor":4.0,"gold_loss":0.0,"damage_taken":0.0,"cards_obtained":["Doubt"]},{"damage_healed":0.0,"max_hp_gain":0.0,"max_hp_loss":6.0,"gold_gain":0.0,"event_name":"Golden Idol","player_choice":"Lose Max HP","floor":7.0,"gold_loss":0.0,"damage_taken":0.0,"relics_obtained":["Golden Idol"]},{"cards_removed":["Strike_B"],"damage_healed":0.0,"max_hp_gain":0.0,"max_hp_loss":0.0,"gold_gain":0.0,"event_name":"Purifier","player_choice":"Purged","floor":13.0,"gold_loss":0.0,"damage_taken":0.0},{"damage_healed":0.0,"max_hp_gain":0.0,"max_hp_loss":0.0,"gold_gain":0.0,"cards_transformed":["Strike_B","Strike_B"],"event_name":"Drug Dealer","player_choice":"Became Test Subject","floor":19.0,"gold_loss":0.0,"damage_taken":0.0,"cards_obtained":["Defragment","Rainbow"]},{"damage_healed":0.0,"max_hp_gain":0.0,"max_hp_loss":0.0,"gold_gain":0.0,"event_name":"Vampires","player_choice":"Ignored","floor":21.0,"gold_loss":0.0,"damage_taken":0.0},{"damage_healed":0.0,"max_hp_gain":0.0,"max_hp_loss":0.0,"gold_gain":0.0,"event_name":"Forgotten Altar","player_choice":"Gave Idol","floor":24.0,"relics_lost":["Golden Idol"],"gold_loss":0.0,"damage_taken":0.0,"relics_obtained":["Bloody Idol"]},{"damage_healed":0.0,"max_hp_gain":0.0,"max_hp_loss":0.0,"gold_gain":0.0,"event_name":"Tomb of Lord Red Mask","player_choice":"Ignored","floor":46.0,"gold_loss":0.0,"damage_taken":0.0}],"is_beta":true,"boss_relics":[{"not_picked":["SacredBark","Fusion Hammer"],"picked":"Philosopher\u0027s Stone"},{"not_picked":["Cursed Key","Inserter"],"picked":"Coffee Dripper"}],"items_purged_floors":[5,30,38,53],"is_endless":false,"potions_floor_spawned":[2,14,16,20,36,39,40,42],"ascension_level":3}}