{"host":"0y7rggrn2c7yxnri","time":1612755786,"event":{"mods":["AchievementEnabler","Act Like it!","AlwaysNeverKeys","Aspiration","Bartender","BaseMod","Better Altar","Better Sensory Stone","Better Skull","Better Third Choice","Better Vampires","BetterRewards","Colored Map","Colored Powertips","Displayed Cursed Tome","Duelist Mod","GifTheSpireLib","Good Game Mod","Magitek Elite","Minty Spire (QoL Compilation)","Permanent Neow","Quick Restart","Rare Cards Sparkle","Relic Filter Mod","Reliquary","Replay The Spire","Shop Mod","Spicy Shops","Spire Arcade","StSLib","Stuff the Spire","The Alterego","The Marked","The Servant 0.9.4","Transform Curses","Virulent Crown","Wandering Minibosses"],"gold_per_floor":[143,93,103,118,142,173,173,203,228,258,258,292,405,436,436,533,533,544,17,17,17,36,36,71,71,71,104,143,6,20,53,53,157,257,274,274,294,310,384,384,104,104,104,8,8,27,27,44,44,44,44,44,24,52,52],"floor_reached":56,"language":"ENG","playtime":10101,"items_purged":[],"score":1923,"play_id":"e0bc2acd-64cb-4ec5-af01-7b4d7f55c888","local_time":"20210207224306","is_ascension_mode":true,"campfire_choices":[{"floor":11,"key":"REST"},{"floor":15,"key":"REST"},{"data":"theDuelist:BusterDrake","floor":23,"key":"SMITH"},{"data":"theDuelist:LordD","floor":25,"key":"SMITH"},{"floor":32,"key":"REST"},{"data":"theDuelist:FiveHeaded","floor":40,"key":"SMITH"},{"data":"theDuelist:BerserkScales","floor":42,"key":"SMITH"},{"data":"theDuelist:DragonMastery","floor":47,"key":"SMITH"},{"data":"theDuelist:TyrantWing","floor":49,"key":"SMITH"},{"data":"theDuelist:DragonPiper","floor":52,"key":"SMITH"}],"circlet_count":0,"master_deck":["theDuelist:BabyDragon+1","theDuelist:CastleWalls","theDuelist:CaveDragon+1","theDuelist:CaveDragon+1","theDuelist:LesserDragon+1","theDuelist:LesserDragon+1","theDuelist:Sparks","theDuelist:StormSparks+1","theDuelist:YamataDragon+1","theDuelist:Nameless:Power:AssaultArmor+1","Flash of Steel","theDuelist:AxeDespair","theDuelist:Lancephorhynchus+1","theDuelist:LeviaDragon+1","theDuelist:AncientPixieDragon+1","theDuelist:LordD+1","theDuelist:SeismicShockwave","theDuelist:BurstBreath","theDuelist:QueenDragunDjinn+1","theDuelist:DragonPiper+1","theDuelist:TyrantWing+1","theDuelist:BusterDrake+1","theDuelist:AtomicScrapDragon+1","theDuelist:DragonMastery+1","theDuelist:ViceDragon+1","theDuelist:FiveHeaded+1","theDuelist:BerserkScales+1","theDuelist:BoosterDragon+1","theDuelist:ArmageddonDragonEmp","theDuelist:ArmageddonDragonEmp","Swift Strike"],"relics":["theDuelist:MillenniumPuzzle","REME:ComplimentaryCards","theDuelist:WhiteBowlRelic","theDuelist:PointPass","Blood Vial","Red Skull","aspiration:ChemicalBlood","Counterbalance","Bag of Preparation","Mythril_Glove","Letter Opener","Replay:Rubber Ducky","MerchantsRug","Replay:Wax Seal","Ancient Tea Set","Cleaning_Rag","Inserter","Anchor","alterego_mod:FleetingLove","theDuelist:CursedHealer","theDuelist:MillenniumRod","TungstenRod","Red Mask","Replay:Wanted Poster","theDuelist:MillenniumKey","Gem_Box","theDuelist:SummonAnchor","Durian","theDuelist:DragonRelic","Angel_Ring"],"acts_visited":["Exordium","TheCity","TheBeyond","TheEnding"],"potions_floor_usage":[8,14,38,55,55,55,55,55],"damage_taken":[{"damage":0,"enemies":"Cultist","floor":1,"turns":2},{"damage":9,"enemies":"Jaw Worm","floor":3,"turns":5},{"damage":0,"enemies":"Small Slimes","floor":4,"turns":1},{"damage":16,"enemies":"3 Sentries","floor":6,"turns":5},{"damage":28,"enemies":"Lagavulin","floor":8,"turns":4},{"damage":8,"enemies":"Gremlin Nob","floor":10,"turns":3},{"damage":20,"enemies":"Lagavulin","floor":12,"turns":3},{"damage":0,"enemies":"Gremlin Nob","floor":14,"turns":2},{"damage":0,"enemies":"The Guardian","floor":16,"turns":9},{"damage":27,"enemies":"Shell Parasite","floor":18,"turns":3},{"damage":0,"enemies":"Chosen","floor":22,"turns":4},{"damage":0,"enemies":"theDuelist:KaibaA2","floor":24,"turns":5},{"damage":23,"enemies":"Gremlin Leader","floor":27,"turns":7},{"damage":24,"enemies":"Snecko","floor":28,"turns":6},{"damage":0,"enemies":"Chosen and Byrds","floor":30,"turns":4},{"damage":0,"enemies":"Masked Bandits","floor":31,"turns":2},{"damage":76,"enemies":"Champ","floor":33,"turns":10},{"damage":0,"enemies":"Orb Walker","floor":35,"turns":3},{"damage":13,"enemies":"3 Shapes","floor":37,"turns":3},{"damage":31,"enemies":"Sphere and 2 Shapes","floor":38,"turns":7},{"damage":0,"enemies":"Spire Growth","floor":46,"turns":4},{"damage":0,"enemies":"Writhing Mass","floor":48,"turns":1},{"damage":19,"enemies":"Awakened One","floor":50,"turns":8},{"damage":39,"enemies":"Shield and Spear","floor":54,"turns":5},{"damage":100,"enemies":"The Heart","floor":55,"turns":10}],"seed_played":"-7497269710285952362","potions_obtained":[{"floor":1,"key":"DuplicationPotion"},{"floor":4,"key":"Swift Potion"},{"floor":6,"key":"Reflective Coating"},{"floor":14,"key":"SpeedPotion"},{"floor":18,"key":"theDuelist:SolderPotionB"},{"floor":27,"key":"FairyPotion"},{"floor":38,"key":"theDuelist:DebuffFuryPotion"},{"floor":39,"key":"GamblersBrew"},{"floor":55,"key":"DuplicationPotion"},{"floor":55,"key":"theDuelist:IcePotion"}],"is_trial":false,"path_per_floor":["M","?","M","M","T","E","?","E","T","E","R","E","$","E","R","B",null,"M","$","?","?","M","R","E","R","T","E","M","$","M","?","R","B",null,"M","?","M","M","?","R","$","R","T","$","?","M","R","M","R","B",null,"R","$","E","B",null],"character_chosen":"THE_DUELIST","items_purchased":["StrikeDummy","theDuelist:WhiteBowlRelic","theDuelist:PointPass","Guide Book","Flash of Steel","Blood Vial","MerchantsRug","Replay:Wax Seal","theDuelist:MillenniumCoin","Ancient Tea Set","theDuelist:ShopToken","Replay:Ringing Soul","Anchor","theDuelist:TyrantWing","StuffTheSpire:Saxophone","theDuelist:DragonMastery","Replay:Frozen Program","theDuelist:ArmageddonDragonEmp","theDuelist:DragonRelic","DuplicationPotion","Adrenaline Potion","Swift Strike"],"campfire_rested":3,"item_purchase_floors":[0,0,0,0,0,0,13,13,13,13,19,19,19,19,29,29,41,41,44,53,53,53],"current_hp_per_floor":[80,80,71,73,73,59,59,33,33,27,51,33,33,35,59,61,80,53,56,56,81,86,86,86,86,96,76,54,57,62,64,95,24,108,108,104,91,65,68,68,71,71,76,76,88,90,90,92,92,75,118,118,118,79,35],"gold":52,"neow_bonus":"","is_daily":false,"chose_seed":false,"campfire_upgraded":7,"win_rate":0.0,"timestamp":1612755786,"path_taken":["M","?","M","M","?","E","?","E","T","E","R","E","$","E","R","BOSS","M","$","?","?","M","R","E","R","T","E","?","$","M","?","R","BOSS","M","?","M","?","?","R","$","R","T","?","?","M","R","?","R","BOSS","R","$","E","BOSS"],"items_purchased_type":["Relic","Relic","Relic","Relic","Card","Relic","Relic","Relic","Relic","Relic","Relic","Relic","Relic","Card","Relic","Card","Relic","Card","Relic","Potion","Potion","Card"],"build_version":"2020-12-22","purchased_purges":0,"victory":true,"max_hp_per_floor":[80,80,80,80,80,80,80,80,80,80,80,80,80,80,80,80,80,80,83,83,83,86,86,86,86,96,99,99,102,105,105,105,108,108,108,104,104,107,110,110,113,113,118,118,118,118,118,118,118,118,118,118,118,118,118],"card_choices":[{"not_picked":["theDuelist:StarlightRoad","theDuelist:GaiaDragonChamp"],"picked":"theDuelist:AxeDespair","floor":1},{"not_picked":["theDuelist:SilverWing","theDuelist:DragonRavine","theDuelist:CyberDragonSieger","theDuelist:BoosterDragon"],"picked":"SKIP","floor":1},{"not_picked":["theDuelist:YamataDragon","theDuelist:Beatraptor","theDuelist:MadSwordBeast","theDuelist:BlizzardDragon","theDuelist:AncientGearGadjiltron"],"picked":"SKIP","floor":3},{"not_picked":["theDuelist:DefenseDraw","theDuelist:GuardragonJusticia","theDuelist:FrozenFitzgerald"],"picked":"SKIP","floor":3},{"not_picked":["theDuelist:SurvivalFittest","theDuelist:SeismicShockwave","theDuelist:ArmageddonDragonEmp","theDuelist:GravityLash"],"picked":"theDuelist:Lancephorhynchus","floor":4},{"not_picked":["theDuelist:CoralDragon","theDuelist:Earthquake"],"picked":"theDuelist:LeviaDragon","floor":4},{"not_picked":["theDuelist:FrostflameDragon","theDuelist:BusterBlader"],"picked":"theDuelist:AncientPixieDragon","floor":6},{"not_picked":["theDuelist:WhiteHornDragon","theDuelist:MiraculousDescent","theDuelist:JurassicImpact","theDuelist:Berserking"],"picked":"SKIP","floor":6},{"not_picked":["theDuelist:Hydrogeddon","theDuelist:MadSwordBeast"],"picked":"theDuelist:LordD","floor":8},{"not_picked":["theDuelist:Hydrogeddon","theDuelist:BabyDragon","theDuelist:CyberDinosaur","theDuelist:Anthrosaurus","theDuelist:CyberTwinDragon"],"picked":"SKIP","floor":8},{"not_picked":["theDuelist:BackgroundDragon","theDuelist:HazyFlameHydra"],"picked":"theDuelist:SeismicShockwave","floor":10},{"not_picked":["theDuelist:ThunderDragon","theDuelist:CyberTwinDragon","theDuelist:CoralDragon","theDuelist:Anthrosaurus","theDuelist:Sabersaurus"],"picked":"SKIP","floor":10},{"not_picked":["theDuelist:MadSwordBeast","theDuelist:AquaDolphin","theDuelist:SnowDragon","theDuelist:BlackPtera"],"picked":"theDuelist:BurstBreath","floor":12},{"not_picked":["theDuelist:BackupSoldier","theDuelist:CyberDragonVier"],"picked":"theDuelist:QueenDragunDjinn","floor":12},{"not_picked":["theDuelist:TwinBarrelDragon","theDuelist:CloudianGhost"],"picked":"theDuelist:DragonPiper","floor":14},{"not_picked":["theDuelist:CloudianGhost","theDuelist:StarlightRoad","theDuelist:AtomicScrapDragon"],"picked":"SKIP","floor":18},{"not_picked":["theDuelist:YamataDragon","theDuelist:DarkHorus"],"picked":"theDuelist:BusterDrake","floor":22},{"not_picked":["theDuelist:DarkHorus+1","theDuelist:SauropodBrachion","theDuelist:BlackStego"],"picked":"SKIP","floor":24},{"not_picked":["theDuelist:WhiteHornDragon","theDuelist:MiraculousDescent"],"picked":"theDuelist:AtomicScrapDragon+1","floor":27},{"not_picked":["theDuelist:MoltenDestruction","theDuelist:SafeZone+1","theDuelist:BlacklandFireDragon+1"],"picked":"SKIP","floor":28},{"not_picked":["theDuelist:AncientGearGadjiltron","theDuelist:GuardragonJusticia"],"picked":"theDuelist:ViceDragon+1","floor":30},{"not_picked":["theDuelist:QueenDragunDjinn","theDuelist:Scapegoat"],"picked":"theDuelist:FiveHeaded","floor":33},{"not_picked":["theDuelist:DefenseDraw","theDuelist:BlackPtera+1","theDuelist:BusterDrake+1"],"picked":"SKIP","floor":35},{"not_picked":["theDuelist:Anthrosaurus+1","theDuelist:MirageDragon+1","theDuelist:FireDarts+1"],"picked":"SKIP","floor":37},{"not_picked":["theDuelist:DarkDriceratops","theDuelist:CyberDragonCore+1"],"picked":"theDuelist:BerserkScales","floor":38},{"not_picked":["theDuelist:Vandalgyon","theDuelist:BlackBrutdrago+1"],"picked":"theDuelist:BoosterDragon+1","floor":39},{"not_picked":["theDuelist:LavaDragon","theDuelist:BlackBrutdrago+1","theDuelist:BlackVeloci"],"picked":"SKIP","floor":46},{"not_picked":["theDuelist:DragonRavine","theDuelist:SafeZone","theDuelist:ExploderDragon+1"],"picked":"SKIP","floor":48},{"not_picked":["theDuelist:MirageDragon+1","theDuelist:BlueEyesUltimate","theDuelist:ArtifactIgnition+1"],"picked":"SKIP","floor":54}],"player_experience":332419,"relics_obtained":[{"floor":5,"key":"Red Skull"},{"floor":6,"key":"aspiration:ChemicalBlood"},{"floor":8,"key":"Bag of Preparation"},{"floor":9,"key":"Mythril_Glove"},{"floor":10,"key":"Letter Opener"},{"floor":12,"key":"Replay:Rubber Ducky"},{"floor":14,"key":"Cleaning_Rag"},{"floor":24,"key":"theDuelist:MillenniumRod"},{"floor":26,"key":"Pear"},{"floor":27,"key":"TungstenRod"},{"floor":31,"key":"Red Mask"},{"floor":39,"key":"theDuelist:SummonAnchor"},{"floor":43,"key":"Durian"},{"floor":54,"key":"Angel_Ring"}],"event_choices":[{"cards_removed":["theDuelist:CastleWalls"],"damage_healed":0,"gold_gain":0,"player_choice":"Card Removal","damage_taken":0,"max_hp_gain":0,"max_hp_loss":0,"event_name":"The Cleric","floor":2,"gold_loss":50},{"damage_healed":0,"gold_gain":0,"player_choice":"Choice 1","damage_taken":0,"relics_obtained":["alterego_mod:FleetingLove"],"max_hp_gain":0,"max_hp_loss":0,"event_name":"Secret Garden","floor":20,"gold_loss":0},{"damage_healed":0,"gold_gain":0,"player_choice":"Succumb - +25HP/Cursed Relic","duelist":true,"damage_taken":0,"max_hp_gain":0,"max_hp_loss":0,"event_name":"Tomb of the Nameless","floor":21,"gold_loss":0},{"damage_healed":0,"gold_gain":0,"player_choice":"Fought Bandits","damage_taken":0,"max_hp_gain":0,"max_hp_loss":0,"event_name":"Masked Bandits","floor":31,"gold_loss":0},{"damage_healed":0,"gold_gain":0,"player_choice":"Brew - 2x Potion Slots","duelist":true,"damage_taken":0,"max_hp_gain":0,"max_hp_loss":0,"event_name":"Aknamkanon\u0027s Tomb","floor":36,"gold_loss":0}],"is_beta":false,"boss_relics":[{"not_picked":["StuffTheSpire:RunicHypercube","ChewingGum"],"picked":"Inserter"},{"not_picked":["reliquary:RedPaperclip","aspiration:IroncladSkillbook"],"picked":"Replay:Grab Bag"},{"not_picked":["Abe\u0027s Treasure","Velvet Choker"],"picked":"Replay:Wanted Poster"},{"not_picked":["Electric Blood","ReplayTheSpireMod:Onyx Gauntlets"],"picked":"theDuelist:MillenniumKey"},{"not_picked":["Runic Cube","Astrolabe"],"picked":"Gem_Box"}],"items_purged_floors":[],"is_endless":false,"potions_floor_spawned":[1,4,6,8,14,22,24,27,33,35,38],"ascension_level":4}}