{"host":"y2kfqdipa4rrljwb","time":1612771028,"event":{"mods":["ATMod(°¢èªMod)","AchievementEnabler","Act Like it!","Aspiration","BaseMod","Energized Spire","Friendly Minions","GungeonMod","GungeonMod Extend","Infinite Spire","Minty Spire (QoL Compilation)","Random Character Button","Random Character Mod","Relic Stats","Reliquary","Replay The Spire","RumiaBox-Â¶Ã×æ«µÄÉñÃØºÐ×Ó","StSLib","TestMod","¡¾¹¦ÄÜMod¡¿»ìãçÖ®»·ÐÞ¸´²¹¶¡","¡¾ÒÅÎï¿¨ÅÆ¡¿REMEMod"],"gold_per_floor":[112,127,127,52,100,116,157,157,157,178,202,217,258,258,258,386,386,426,178,192,291,307,348,348,386,413,474,474,474,537,537,537,738,738,883,883,883,927,1036,1192,1282,1341,1341,1341,1216,318,375,375,375,399,399,399,4,89,113,113,184,249,290,375,375,375,486,486,486,585,676,222,286,286,286,310],"floor_reached":73,"language":"ZHS","playtime":6813,"items_purged":["DemoMod:Strike_Huntress","DemoMod:Strike_Huntress","DemoMod:Defend_Huntress","DemoMod:Defend_Huntress","DemoMod:Defend_Huntress","DemoMod:RustySidearm","Burn+1","Burn+1"],"score":2038,"play_id":"103dc83a-4fd2-415a-8592-04d399250f15","local_time":"20210208155708","is_ascension_mode":true,"campfire_choices":[{"data":"DemoMod:Polaris","floor":8.0,"key":"SMITH"},{"data":"DemoMod:SkilledReload","floor":15.0,"key":"SMITH"},{"data":"DemoMod:ManualReload","floor":24.0,"key":"SMITH"},{"data":"DemoMod:FastSwitch","floor":32.0,"key":"SMITH"},{"data":"DemoMod:GunslingerForm","floor":44.0,"key":"SMITH"},{"floor":49.0,"key":"RECALL"},{"data":"DemoMod:HardPowerCard","floor":52.0,"key":"SMITH"},{"data":"DemoMod:Desperate","floor":62.0,"key":"SMITH"},{"data":"DemoMod:BulletBore","floor":64,"key":"SMITH"},{"floor":71,"key":"REST"}],"circlet_count":0,"master_deck":["DemoMod:Roll","DemoMod:ManualReload+1","DemoMod:CrossBow","DemoMod:HardPowerCard+1","DemoMod:Polaris+1","DemoMod:ProbeStrike+1","DemoMod:ZorGun","DemoMod:SkilledReload+1","DemoMod:FastSwitch+1","DemoMod:DoubleVision+1","DemoMod:TeaPot+1","DemoMod:BulletBore+1","DemoMod:GunslingerForm+1","DemoMod:HungryBullets+1","Burn+1","Burn+1","DemoMod:Desperate+1","Burn+1","Burn+1","Burn+1","ReplayTheSpireMod:Haul","Burn+1"],"relics":["DemoMod:Dog","REME_ComplimentaryCards","AT_ATBox","testmod-TestBox","aspiration:DSix","testmod-IndustrialRevolution","Centennial Puzzle","Golden Idol","infinitespire:Satchel","Pen Nib","energizedSpire:CursedPentagram","Guide Book","Omamori","reliquary:RosewoodLute","AT_MibuBalloonWealth","Bronze Scales","FaceOfCleric","reliquary:Knoch","testmod-CardMagician","AT_Manta","AT_LudenTempest","energizedSpire:DeadBattery","White Beast Statue","DemoExt:ArmorSynthesizer","DemoMod:Bottle","DemoMod:Bottle","DemoMod:MonsterBlood","DemoMod:MonsterBlood","DemoMod:PoisonVial","DemoMod:PoisonVial","DemoMod:WhiteGuonStone","testmod-Charity","ZombieArmy","Strawberry","AT_SilvercatRing","DemoExt:NecessarySacrifice","Replay:Rubber Ducky","DemoMod:SuperHotWatch","ReplayTheSpireMod:Ninjato","testmod-TurbochargingSystem","DemoMod:GlassGuonStoneRelic","Girya","DemoMod:Armor"],"acts_visited":["Exordium","TheCity","TheBeyond","TheEnding","TheEnding"],"potions_floor_usage":[72],"damage_taken":[{"damage":1.0,"enemies":"Jaw Worm","floor":1.0,"turns":4.0},{"damage":0.0,"enemies":"2 Louse","floor":2.0,"turns":3.0},{"damage":0.0,"enemies":"Small Slimes","floor":5.0,"turns":3.0},{"damage":0.0,"enemies":"3 Louse","floor":6.0,"turns":4.0},{"damage":11.0,"enemies":"3 Sentries","floor":7.0,"turns":11.0},{"damage":4.0,"enemies":"Exordium Thugs","floor":10.0,"turns":3.0},{"damage":0.0,"enemies":"Lots of Slimes","floor":11.0,"turns":4.0},{"damage":2.0,"enemies":"Red Slaver","floor":12.0,"turns":3.0},{"damage":0.0,"enemies":"Gremlin Nob","floor":13.0,"turns":2.0},{"damage":4.0,"enemies":"The Guardian","floor":16.0,"turns":5.0},{"damage":0.0,"enemies":"Spheric Guardian","floor":18.0,"turns":1.0},{"damage":0.0,"enemies":"2 Thieves","floor":20.0,"turns":2.0},{"damage":0.0,"enemies":"Snecko","floor":22.0,"turns":4.0},{"damage":4.0,"enemies":"Slavers","floor":23.0,"turns":2.0},{"damage":0.0,"enemies":"Gremlin Leader","floor":25.0,"turns":1.0},{"damage":0.0,"enemies":"Book of Stabbing","floor":27.0,"turns":3.0},{"damage":7.0,"enemies":"Centurion and Healer","floor":30.0,"turns":3.0},{"damage":0.0,"enemies":"Automaton","floor":33.0,"turns":3.0},{"damage":0.0,"enemies":"3 Darklings","floor":35.0,"turns":1.0},{"damage":0.0,"enemies":"Orb Walker","floor":38.0,"turns":1.0},{"damage":0.0,"enemies":"Maw","floor":39.0,"turns":2.0},{"damage":0.0,"enemies":"Reptomancer","floor":40.0,"turns":3.0},{"damage":0.0,"enemies":"Sphere and 2 Shapes","floor":41.0,"turns":1.0},{"damage":0.0,"enemies":"R_Hoarder","floor":42.0,"turns":4.0},{"damage":0.0,"enemies":"Nemesis","floor":47.0,"turns":3.0},{"damage":0.0,"enemies":"Time Eater","floor":50.0,"turns":4.0},{"damage":0.0,"enemies":"Shield and Spear","floor":54.0,"turns":3.0},{"damage":42.0,"enemies":"The Heart","floor":55.0,"turns":6.0},{"damage":8.0,"enemies":"AshenBulletKin_and_AshenShotgunKin","floor":57.0,"turns":1.0},{"damage":30.0,"enemies":"AshenBulletKin_and_MuzzleWisp","floor":58.0,"turns":2.0},{"damage":0.0,"enemies":"Cubulead","floor":59.0,"turns":1.0},{"damage":26.0,"enemies":"LeadMaiden_Gunzockie_and_Ammomancer","floor":60.0,"turns":4.0},{"damage":0,"enemies":"DemoMod:Red_and_blue_shotgun_kin_with_gunsinger","floor":63,"turns":2},{"damage":0,"enemies":"3_Gunzookies","floor":67,"turns":1},{"damage":45,"enemies":"DemoExt:Revolvenant","floor":69,"turns":4},{"damage":0,"enemies":"DemoExt:Dragun","floor":72,"turns":10}],"seed_played":"-165562231290101090","potions_obtained":[{"floor":1.0,"key":"SteroidPotion"},{"floor":2.0,"key":"Swift Potion"},{"floor":11.0,"key":"Weak Potion"},{"floor":18.0,"key":"ColorlessPotion"},{"floor":22.0,"key":"Adrenaline Potion"},{"floor":25.0,"key":"ColorlessPotion"},{"floor":40.0,"key":"SkillPotion"},{"floor":41.0,"key":"ColorlessPotion"},{"floor":47.0,"key":"Block Potion"},{"floor":48.0,"key":"testmod-EscapePotion"},{"floor":48.0,"key":"testmod-TestPotion"},{"floor":60.0,"key":"Elixir"}],"is_trial":false,"path_per_floor":["M","M","?","$","M","M","E","R","T","M","M","M","E","?","R","B",null,"M","$","M","?","M","E","R","E","T","E","?","?","M","?","R","B",null,"M","?","AVR","M","M","E","M","E","T","R","$","$","E","?","R","B",null,"R","$","E","B",null,"M","M","M","M","?","R","E","R","T","?","M","$","E","AVR","R","B",null],"character_chosen":"HUNTRESS","items_purchased":["Guide Book","DemoMod:Bottle","DemoMod:MonsterBlood","DemoMod:PoisonVial","DemoMod:WhiteGuonStone","testmod-Charity","Strawberry","testmod-TestPotion","ReplayTheSpireMod:Ninjato"],"campfire_rested":1,"item_purchase_floors":[19,46,46,46,46,46,53,53,68],"current_hp_per_floor":[69,69,52,52,52,52,41,41,41,37,37,35,35,35,35,31,70,70,70,70,70,70,66,66,66,66,66,66,66,59,59,59,60,71,72,72,72,73,74,75,76,77,77,77,77,91,94,94,94,96,96,96,103,107,67,109,105,79,82,61,61,61,66,66,66,67,72,72,30,30,68,70],"gold":310,"neow_bonus":"DSIX","is_daily":false,"chose_seed":false,"campfire_upgraded":8,"win_rate":0.0,"timestamp":1612771028,"path_taken":["M","M","?","$","M","M","E","R","T","M","M","M","E","?","R","BOSS","M","$","M","?","M","E","R","E","T","E","?","?","M","?","R","BOSS","M","?","AVR","?","M","E","M","E","T","R","?","$","E","?","R","BOSS","R","$","E","BOSS","M","?","M","M","?","R","E","R","T","?","?","?","E","AVR","R","BOSS"],"items_purchased_type":["Relic","Relic","Relic","Relic","Relic","Relic","Relic","Potion","Relic"],"build_version":"2020-12-22","purchased_purges":8,"victory":true,"max_hp_per_floor":[70,70,70,70,70,70,70,70,70,70,70,70,70,70,70,70,70,70,70,70,70,70,70,70,70,70,70,70,70,70,70,70,71,71,72,72,72,73,74,75,76,77,77,77,77,91,94,94,94,96,96,96,103,107,109,109,113,117,120,125,115,115,120,120,120,121,126,126,129,129,129,131],"relic_stats":{"Centennial Puzzle":[33],"FaceOfCleric":19,"counters":[36,114],"Golden Idol":330,"Bronze Scales":[145],"Pen Nib":[28],"obtain_stats":[{"AT_ATBox":0,"DemoMod:PoisonVial":46,"AT_MibuBalloonWealth":26,"DemoMod:GlassGuonStoneRelic":1,"DemoMod:WhiteGuonStone":46,"testmod-Charity":46,"Replay:Rubber Ducky":63,"DemoMod:SuperHotWatch":65,"Centennial Puzzle":1,"energizedSpire:CursedPentagram":17,"FaceOfCleric":31,"DemoMod:MonsterBlood":46,"Strawberry":53,"DemoExt:ArmorSynthesizer":42,"aspiration:DSix":0,"ZombieArmy":47,"DemoMod:Armor":47,"Girya":70,"testmod-TestBox":0,"ReplayTheSpireMod:Ninjato":68,"DemoMod:Dog":0,"AT_Manta":36,"Golden Idol":3,"Guide Book":19,"DemoExt:NecessarySacrifice":61,"testmod-CardMagician":34,"Pen Nib":13,"Omamori":23,"testmod-TurbochargingSystem":69,"reliquary:RosewoodLute":25,"AT_SilvercatRing":54,"testmod-IndustrialRevolution":1,"energizedSpire:DeadBattery":37,"White Beast Statue":40,"AT_LudenTempest":37,"Bronze Scales":27,"infinitespire:Satchel":7,"reliquary:Knoch":33,"DemoMod:Bottle":46,"REME_ComplimentaryCards":0},{"AT_ATBox":0,"DemoMod:PoisonVial":24,"AT_MibuBalloonWealth":15,"DemoMod:GlassGuonStoneRelic":1,"DemoMod:WhiteGuonStone":24,"testmod-Charity":24,"Replay:Rubber Ducky":33,"DemoMod:SuperHotWatch":33,"Centennial Puzzle":1,"energizedSpire:CursedPentagram":10,"FaceOfCleric":17,"DemoMod:MonsterBlood":24,"Strawberry":26,"DemoExt:ArmorSynthesizer":24,"aspiration:DSix":0,"ZombieArmy":25,"DemoMod:Armor":25,"Girya":35,"testmod-TestBox":0,"ReplayTheSpireMod:Ninjato":34,"DemoMod:Dog":0,"AT_Manta":19,"Golden Idol":2,"Guide Book":11,"DemoExt:NecessarySacrifice":32,"testmod-CardMagician":18,"Pen Nib":9,"Omamori":14,"testmod-TurbochargingSystem":35,"reliquary:RosewoodLute":15,"AT_SilvercatRing":27,"testmod-IndustrialRevolution":1,"energizedSpire:DeadBattery":19,"White Beast Statue":22,"AT_LudenTempest":19,"Bronze Scales":16,"infinitespire:Satchel":5,"reliquary:Knoch":18,"DemoMod:Bottle":24,"REME_ComplimentaryCards":0},{"AT_ATBox":0,"DemoMod:PoisonVial":73,"AT_MibuBalloonWealth":52,"DemoMod:GlassGuonStoneRelic":4,"DemoMod:WhiteGuonStone":73,"testmod-Charity":73,"Replay:Rubber Ducky":99,"DemoMod:SuperHotWatch":99,"Centennial Puzzle":4,"energizedSpire:CursedPentagram":42,"FaceOfCleric":58,"DemoMod:MonsterBlood":73,"Strawberry":80,"DemoExt:ArmorSynthesizer":73,"aspiration:DSix":0,"ZombieArmy":76,"DemoMod:Armor":76,"Girya":104,"testmod-TestBox":0,"ReplayTheSpireMod:Ninjato":100,"DemoMod:Dog":0,"AT_Manta":62,"Golden Idol":7,"Guide Book":43,"DemoExt:NecessarySacrifice":97,"testmod-CardMagician":61,"Pen Nib":37,"Omamori":51,"testmod-TurbochargingSystem":104,"reliquary:RosewoodLute":52,"AT_SilvercatRing":83,"testmod-IndustrialRevolution":4,"energizedSpire:DeadBattery":62,"White Beast Statue":68,"AT_LudenTempest":62,"Bronze Scales":55,"infinitespire:Satchel":25,"reliquary:Knoch":61,"DemoMod:Bottle":73,"REME_ComplimentaryCards":0}]},"card_choices":[{"not_picked":["DemoMod:SAA","DemoMod:BattleInHaste","DemoMod:BoxingGlove"],"picked":"SKIP","floor":1.0},{"not_picked":["DemoMod:StickyCrossBow","DemoMod:LifeOrb"],"picked":"DemoMod:HardPowerCard","floor":2.0},{"not_picked":["DemoMod:MegaHand","DemoMod:StickyCrossBow"],"picked":"DemoMod:Polaris","floor":5.0},{"not_picked":["DemoMod:ConditionalReflex","DemoMod:HardPowerCard"],"picked":"DemoMod:ProbeStrike","floor":6.0},{"not_picked":["DemoMod:SAA","DemoMod:DirectionalPad"],"picked":"DemoMod:ZorGun","floor":7.0},{"not_picked":["DemoMod:AC15","DemoMod:Evolver","DemoMod:GunstockTap"],"picked":"SKIP","floor":10.0},{"not_picked":["DemoMod:Unmoved","DemoMod:MachoBrace"],"picked":"DemoMod:SkilledReload","floor":11.0},{"not_picked":["DemoMod:Ejector","DemoMod:PotionOfGunFriendShip"],"picked":"DemoMod:FastSwitch","floor":12.0},{"not_picked":["DemoMod:GunShield","DemoMod:JK47","DemoMod:CursedBullets"],"picked":"SKIP","floor":13.0},{"not_picked":["DemoMod:DarkMarker","DemoMod:FullFirepower"],"picked":"DemoMod:DoubleVision","floor":16.0},{"not_picked":["DemoMod:SAA","DemoMod:StickyCrossBow","DemoMod:GunstockTap"],"picked":"SKIP","floor":18.0},{"not_picked":["DemoMod:AC15+1","DemoMod:Unity","DemoMod:BoxingGlove"],"picked":"SKIP","floor":20.0},{"not_picked":["DemoMod:Evolver","DemoMod:BoxingGlove","DemoMod:ProbeStrike"],"picked":"SKIP","floor":22.0},{"not_picked":["DemoMod:DirectionalPad","DemoMod:DoubleSwitch"],"picked":"DemoMod:TeaPot+1","floor":23.0},{"not_picked":["DemoMod:FullFirepower","DemoMod:SpreadAmmo","DemoMod:Unmoved"],"picked":"SKIP","floor":25.0},{"not_picked":["DemoMod:MachoBrace","DemoMod:DirectionalPad+1"],"picked":"DemoMod:BulletBore","floor":27.0},{"not_picked":["DemoMod:HardPowerCard","DemoMod:FastSwitch+1","DemoMod:RadGun"],"picked":"SKIP","floor":30.0},{"not_picked":["DemoMod:Behold!","DemoMod:BalloonGun"],"picked":"DemoMod:GunslingerForm","floor":33.0},{"not_picked":["DemoMod:HighKaliber+1","DemoMod:Unmoved","DemoMod:Evolver"],"picked":"SKIP","floor":35.0},{"not_picked":["DemoMod:SAA+1","DemoMod:BattleInHaste+1","DemoMod:FastSwitch"],"picked":"SKIP","floor":38.0},{"not_picked":["DemoMod:GunstockTap","DemoMod:Unmoved+1","DemoMod:JK47"],"picked":"SKIP","floor":39.0},{"not_picked":["DemoMod:TableSutra","DemoMod:CombinedRifle+1"],"picked":"DemoMod:HungryBullets+1","floor":40.0},{"not_picked":["DemoMod:Evolver","DemoMod:JK47","DemoMod:GunstockTap"],"picked":"SKIP","floor":41.0},{"not_picked":["DemoMod:TeaPot+1","DemoMod:JK47","DemoMod:AC15"],"picked":"SKIP","floor":42.0},{"not_picked":["DemoMod:Unmoved","DemoMod:DoubleSwitch","DemoMod:StickyCrossBow+1"],"picked":"SKIP","floor":47.0},{"not_picked":["DemoMod:HuntsMan+1","DemoMod:FortunesFavor","DemoMod:SpreadAmmo+1"],"picked":"SKIP","floor":54.0},{"not_picked":["DemoMod:DoubleSwitch+1","DemoMod:JK47+1","DemoMod:HardPowerCard"],"picked":"SKIP","floor":57.0},{"not_picked":["DemoMod:DoubleSwitch+1","DemoMod:JK47+1","DemoMod:HardPowerCard"],"picked":"SKIP","floor":57.0},{"not_picked":["DemoMod:DoubleSwitch+1","DemoMod:JK47+1","DemoMod:HardPowerCard"],"picked":"SKIP","floor":57.0},{"not_picked":["DemoMod:CombinedRifle","DemoMod:FastSwitch","DemoMod:ChanceBullets+1"],"picked":"SKIP","floor":58.0},{"not_picked":["DemoMod:Ejector+1","DemoMod:AC15"],"picked":"DemoMod:Desperate","floor":59.0},{"not_picked":["DemoMod:HuntsMan","DemoMod:Unmoved","DemoMod:HardPowerCard"],"picked":"SKIP","floor":60.0},{"not_picked":["DemoMod:HuntsMan","DemoMod:Unmoved","DemoMod:HardPowerCard"],"picked":"SKIP","floor":60.0},{"not_picked":["DemoMod:HuntsMan","DemoMod:Ejector","DemoMod:PotionOfGunFriendShip"],"picked":"SKIP","floor":63},{"not_picked":["DemoMod:TeaPot","DemoMod:BoxingGlove","DemoMod:AC15"],"picked":"SKIP","floor":67},{"not_picked":["DemoMod:ChanceBullets","DemoMod:Camera","DemoMod:SniperShot"],"picked":"SKIP","floor":69}],"player_experience":245179,"relics_obtained":[{"floor":1.0,"key":"testmod-IndustrialRevolution"},{"floor":1.0,"key":"Centennial Puzzle"},{"floor":7.0,"key":"infinitespire:Satchel"},{"floor":13.0,"key":"Pen Nib"},{"floor":23.0,"key":"Omamori"},{"floor":25.0,"key":"reliquary:RosewoodLute"},{"floor":26.0,"key":"AT_MibuBalloonWealth"},{"floor":27.0,"key":"Bronze Scales"},{"floor":33.0,"key":"reliquary:Knoch"},{"floor":40.0,"key":"White Beast Statue"},{"floor":42.0,"key":"DemoExt:ArmorSynthesizer"},{"floor":47.0,"key":"ZombieArmy"},{"floor":54.0,"key":"AT_SilvercatRing"},{"floor":63,"key":"Replay:Rubber Ducky"},{"floor":65,"key":"DemoMod:SuperHotWatch"},{"floor":69,"key":"testmod-TurbochargingSystem"}],"event_choices":[{"damage_healed":0.0,"max_hp_gain":0.0,"max_hp_loss":0.0,"gold_gain":0.0,"event_name":"Golden Idol","player_choice":"Take Damage","floor":3.0,"gold_loss":0.0,"damage_taken":17.0,"relics_obtained":["Golden Idol"]},{"damage_healed":0.0,"max_hp_gain":0.0,"max_hp_loss":0.0,"gold_gain":99.0,"event_name":"Nest","player_choice":"Stole From Cult","floor":21.0,"gold_loss":0.0,"damage_taken":0.0},{"cards_removed":["DemoMod:Defend_Huntress"],"damage_healed":0.0,"max_hp_gain":0.0,"max_hp_loss":0.0,"gold_gain":0.0,"event_name":"Back to Basics","player_choice":"Elegance","floor":29.0,"gold_loss":0.0,"damage_taken":0.0},{"damage_healed":0.0,"max_hp_gain":0.0,"max_hp_loss":0.0,"gold_gain":0.0,"event_name":"FaceTrader","player_choice":"Trade","floor":31.0,"gold_loss":0.0,"damage_taken":0.0,"relics_obtained":["FaceOfCleric"]},{"damage_healed":0.0,"max_hp_gain":0.0,"max_hp_loss":0.0,"gold_gain":0.0,"event_name":"WeMeetAgain","player_choice":"Gave Potion","floor":36.0,"gold_loss":0.0,"damage_taken":0.0,"relics_obtained":["AT_Manta"]},{"damage_healed":0.0,"max_hp_gain":0.0,"max_hp_loss":0.0,"gold_gain":0.0,"event_name":"Lab","player_choice":"Got Potions","floor":48.0,"gold_loss":0.0,"damage_taken":0.0},{"damage_healed":0,"gold_gain":100,"player_choice":"Pray","damage_taken":0,"max_hp_gain":0,"max_hp_loss":0,"event_name":"Golden Shrine","floor":66,"gold_loss":0}],"is_beta":false,"boss_relics":[{"not_picked":["REME_DemonsWealth","AT_MortalBlade"],"picked":"energizedSpire:CursedPentagram"},{"not_picked":["DemoMod:Test1","energizedSpire:HugeHouse"],"picked":"testmod-CardMagician"}],"items_purged_floors":[4,19,37,45,46,53,68,70],"is_endless":false,"potions_floor_spawned":[1,2,11,12,18,22,25,27,33,35,40,41,42,47,54,57,58,59,60,63,67,69,72],"ascension_level":1}}