{"host":"vucub2jtaeo9vgh1","time":1612811291,"event":{"mods":["BaseMod","BetterRewards","Minty Spire (QoL Compilation)","Quick Restart","Rare Cards Sparkle","Slay-I","StSLib"],"gold_per_floor":[112,112,112,124,49,83,83,100,100,114,130,83,97,108,108,209,209,223,138,150,162,14,42,42,54,79,179,209,229,229,254,254,353,403,403,418,215,227,77,77,91,91,162,162,176,209,221,241,241,241,241,241,18,43,43,43],"floor_reached":55,"language":"ENG","playtime":2313,"items_purged":["Regret","Zap","Strike_B","Strike_B","Strike_B"],"score":793,"play_id":"cdfff7ee-499f-4385-a934-1fa075a6ae6a","local_time":"20210208200811","is_ascension_mode":false,"campfire_choices":[{"data":"Reprogram","floor":7,"key":"SMITH"},{"data":"Reprogram","floor":15,"key":"SMITH"},{"data":"Echo Form","floor":24,"key":"SMITH"},{"data":"Hologram","floor":30,"key":"SMITH"},{"data":"Reboot","floor":32,"key":"SMITH"},{"data":"Buffer","floor":40,"key":"SMITH"},{"floor":49,"key":"RECALL"},{"floor":52,"key":"DIG"}],"circlet_count":0,"master_deck":["Strike_B","Defend_B+1","Defend_B","Defend_B","Defend_B","Dualcast","Reprogram+1","Gash","Reprogram+1","Sweeping Beam","Steam","Go for the Eyes","Gash","Gash","Reboot+1","Echo Form+1","BootSequence","Leap","Seek","Hologram+1","Buffer+1","Streamline+1"],"relics":["Cracked Core","NeowsBlessing","Meat on the Bone","Lantern","Darkstone Periapt","Nuclear Battery","HornCleat","Cables","Strawberry","Shovel","Singing Bowl","Red Mask","Shuriken","Tiny House","White Beast Statue","Blue Candle","Ice Cream"],"acts_visited":["Exordium","TheCity","TheBeyond","TheEnding"],"potions_floor_usage":[16,16,20,25,35,36,50,50,50,54,55],"damage_taken":[{"damage":0,"enemies":"2 Louse","floor":1,"turns":1},{"damage":0,"enemies":"Jaw Worm","floor":4,"turns":1},{"damage":0,"enemies":"Lagavulin","floor":6,"turns":1},{"damage":3,"enemies":"Small Slimes","floor":8,"turns":4},{"damage":16,"enemies":"2 Fungi Beasts","floor":10,"turns":4},{"damage":8,"enemies":"Large Slime","floor":11,"turns":7},{"damage":0,"enemies":"3 Louse","floor":13,"turns":3},{"damage":0,"enemies":"Exordium Wildlife","floor":14,"turns":2},{"damage":0,"enemies":"Slime Boss","floor":16,"turns":6},{"damage":8,"enemies":"Chosen","floor":18,"turns":5},{"damage":4,"enemies":"Spheric Guardian","floor":20,"turns":4},{"damage":10,"enemies":"Snake Plant","floor":21,"turns":5},{"damage":11,"enemies":"Gremlin Leader","floor":23,"turns":6},{"damage":6,"enemies":"Shelled Parasite and Fungi","floor":25,"turns":5},{"damage":1,"enemies":"Colosseum Slavers","floor":27,"turns":6},{"damage":35,"enemies":"Colosseum Nobs","floor":27,"turns":6},{"damage":13,"enemies":"Masked Bandits","floor":28,"turns":4},{"damage":11,"enemies":"Sentry and Sphere","floor":29,"turns":5},{"damage":8,"enemies":"Book of Stabbing","floor":31,"turns":7},{"damage":29,"enemies":"Collector","floor":33,"turns":10},{"damage":0,"enemies":"3 Darklings","floor":35,"turns":3},{"damage":18,"enemies":"Orb Walker","floor":36,"turns":5},{"damage":0,"enemies":"Jaw Worm Horde","floor":38,"turns":5},{"damage":0,"enemies":"Sphere and 2 Shapes","floor":41,"turns":6},{"damage":4,"enemies":"Maw","floor":45,"turns":8},{"damage":19,"enemies":"Reptomancer","floor":46,"turns":8},{"damage":2,"enemies":"3 Darklings","floor":47,"turns":5},{"damage":0,"enemies":"Spire Growth","floor":48,"turns":6},{"damage":5,"enemies":"Donu and Deca","floor":50,"turns":11},{"damage":40,"enemies":"Shield and Spear","floor":54,"turns":10},{"damage":77,"enemies":"The Heart","floor":55,"turns":6}],"seed_played":"-4418122952373843398","potions_obtained":[{"floor":1,"key":"Swift Potion"},{"floor":11,"key":"LiquidMemories"},{"floor":16,"key":"EssenceOfSteel"},{"floor":18,"key":"Block Potion"},{"floor":28,"key":"SmokeBomb"},{"floor":33,"key":"Weak Potion"},{"floor":34,"key":"BlessingOfTheForge"},{"floor":38,"key":"SneckoOil"},{"floor":45,"key":"GamblersBrew"},{"floor":46,"key":"SkillPotion"},{"floor":54,"key":"FocusPotion"}],"is_trial":false,"path_per_floor":["M","?","?","M","$","E","R","M","T","M","M","$","M","M","R","B",null,"M","?","M","M","$","E","R","M","T","?","?","M","R","E","R","B",null,"M","M","$","M","$","R","M","?","T","?","M","E","M","M","R","B",null,"R","$","E","B"],"character_chosen":"DEFECT","items_purchased":["Gash","Leap","DuplicationPotion","SpeedPotion"],"campfire_rested":0,"item_purchase_floors":[12,22,37,53],"current_hp_per_floor":[75,75,75,75,75,75,75,72,72,56,48,48,48,48,48,48,75,67,67,63,53,53,42,42,48,55,33,32,35,35,41,41,24,95,95,79,79,81,81,81,83,83,83,83,81,62,62,64,64,59,102,102,102,64,0,0],"gold":43,"neow_bonus":"THREE_ENEMY_KILL","is_daily":false,"chose_seed":false,"campfire_upgraded":6,"win_rate":0.0,"timestamp":1612811291,"path_taken":["M","?","?","M","?","E","R","M","T","M","M","$","M","M","R","BOSS","M","?","M","M","$","E","R","M","T","?","?","M","R","E","R","BOSS","M","M","$","M","$","R","M","?","T","?","M","E","M","M","R","BOSS","R","$","E","BOSS"],"items_purchased_type":["Card","Card","Potion","Potion"],"build_version":"2020-12-22","purchased_purges":5,"victory":false,"max_hp_per_floor":[75,75,75,75,75,75,75,75,75,75,75,75,75,75,75,75,75,75,75,75,75,75,75,75,75,82,84,84,86,86,88,88,88,95,95,97,97,99,99,99,101,101,101,96,98,98,100,102,102,102,102,102,102,104,104,104],"card_choices":[{"not_picked":["Aggregate","Conserve Battery"],"picked":"Reprogram","floor":1},{"not_picked":["Undo","Conserve Battery"],"picked":"Gash","floor":4},{"not_picked":["Storm","Reinforced Body"],"picked":"Reprogram","floor":6},{"not_picked":["Biased Cognition","Hologram"],"picked":"Sweeping Beam","floor":8},{"not_picked":["Capacitor","Cold Snap"],"picked":"Steam","floor":10},{"not_picked":["Coolheaded","Reinforced Body"],"picked":"Go for the Eyes","floor":11},{"not_picked":["Chaos","Sweeping Beam"],"picked":"Gash","floor":13},{"not_picked":["Turbo","Leap"],"picked":"Reboot","floor":14},{"not_picked":["Electrodynamics","Meteor Strike"],"picked":"Echo Form","floor":16},{"not_picked":["Steam Power","Redo","Gash+1"],"picked":"SKIP","floor":18},{"not_picked":["Ball Lightning","Barrage","Go for the Eyes"],"picked":"SKIP","floor":20},{"not_picked":["Compile Driver","Sweeping Beam"],"picked":"BootSequence","floor":21},{"not_picked":["Heatsinks","Coolheaded+1","Ball Lightning"],"picked":"SKIP","floor":23},{"not_picked":["Rebound","Coolheaded"],"picked":"Seek","floor":25},{"not_picked":["Stack","Ball Lightning","Capacitor"],"picked":"Singing Bowl","floor":27},{"not_picked":["Leap","Ball Lightning+1"],"picked":"Hologram","floor":28},{"not_picked":["Fusion","Beam Cell","Defragment"],"picked":"Singing Bowl","floor":29},{"not_picked":["Darkness","Chaos","Barrage"],"picked":"Singing Bowl","floor":31},{"not_picked":["Thunder Strike","Biased Cognition"],"picked":"Buffer","floor":33},{"not_picked":["Gash","Redo","Aggregate+1"],"picked":"Singing Bowl","floor":34},{"not_picked":["Hologram","Cold Snap","Auto Shields+1"],"picked":"Singing Bowl","floor":36},{"not_picked":["Turbo+1","Steam","Recycle+1"],"picked":"Singing Bowl","floor":38},{"not_picked":["Aggregate+1","Lockon","Leap+1"],"picked":"Singing Bowl","floor":41},{"not_picked":["Coolheaded","Ball Lightning","Steam Power+1"],"picked":"Singing Bowl","floor":45},{"not_picked":["Hologram","Ball Lightning+1"],"picked":"Streamline+1","floor":46},{"not_picked":["Barrage","Darkness","Sunder+1"],"picked":"Singing Bowl","floor":47},{"not_picked":["Hello World+1","Reinforced Body","Force Field"],"picked":"Singing Bowl","floor":48},{"not_picked":["Loop+1","Genetic Algorithm","Stack+1"],"picked":"Singing Bowl","floor":54}],"player_experience":294441,"relics_obtained":[{"floor":6,"key":"Lantern"},{"floor":9,"key":"Darkstone Periapt"},{"floor":23,"key":"Cables"},{"floor":26,"key":"Strawberry"},{"floor":27,"key":"Shovel"},{"floor":27,"key":"Singing Bowl"},{"floor":28,"key":"Red Mask"},{"floor":31,"key":"Shuriken"},{"floor":46,"key":"White Beast Statue"},{"floor":52,"key":"Blue Candle"},{"floor":54,"key":"Ice Cream"}],"event_choices":[{"damage_healed":0,"gold_gain":0,"player_choice":"Box","damage_taken":0,"relics_obtained":["Meat on the Bone"],"max_hp_gain":0,"max_hp_loss":0,"event_name":"Big Fish","floor":2,"gold_loss":0,"cards_obtained":["Regret"]},{"damage_healed":0,"gold_gain":0,"player_choice":"Ignored","damage_taken":0,"max_hp_gain":0,"max_hp_loss":0,"event_name":"Liars Game","floor":3,"gold_loss":0},{"damage_healed":0,"gold_gain":0,"player_choice":"Obtained Relic","damage_taken":0,"relics_obtained":["HornCleat"],"max_hp_gain":0,"max_hp_loss":0,"event_name":"Addict","floor":19,"gold_loss":85},{"damage_healed":0,"gold_gain":0,"player_choice":"Fight","damage_taken":0,"max_hp_gain":0,"max_hp_loss":0,"event_name":"Colosseum","floor":27,"gold_loss":0},{"damage_healed":0,"gold_gain":0,"player_choice":"Fought Nobs","damage_taken":0,"max_hp_gain":0,"max_hp_loss":0,"event_name":"Colosseum","floor":27,"gold_loss":0},{"damage_healed":0,"gold_gain":0,"player_choice":"Fought Bandits","damage_taken":0,"max_hp_gain":0,"max_hp_loss":0,"event_name":"Masked Bandits","floor":28,"gold_loss":0},{"damage_healed":0,"gold_gain":0,"player_choice":"Ignored","damage_taken":0,"max_hp_gain":0,"max_hp_loss":0,"event_name":"Tomb of Lord Red Mask","floor":42,"gold_loss":0},{"damage_healed":0,"gold_gain":0,"player_choice":"Max HP","damage_taken":0,"max_hp_gain":0,"max_hp_loss":5,"event_name":"Winding Halls","floor":44,"gold_loss":0}],"is_beta":false,"boss_relics":[{"not_picked":["Busted Crown","Fusion Hammer"],"picked":"Nuclear Battery"},{"not_picked":["Runic Dome","Sozu"],"picked":"Tiny House"}],"items_purged_floors":[5,22,37,39,53],"is_endless":false,"potions_floor_spawned":[1,11,16,18,27,28,33,38,45,46,47,48,54],"killed_by":"The Heart","ascension_level":0}}