{"host":"fdq5pmhluajjrf8d","time":1612804790,"event":{"mods":["BaseMod","Minty Spire (QoL Compilation)"],"gold_per_floor":[118,88,103,115,133,159,159,178,204,204,222,222,232,267,267,339,339,354,149,163,181,181,181,181],"floor_reached":23,"language":"ENG","playtime":971,"items_purged":[],"score":410,"play_id":"e1b8090b-79ba-4234-983a-d391c3a6c8b1","local_time":"20210208121950","is_ascension_mode":true,"campfire_choices":[{"data":"Multi-Cast","floor":7,"key":"SMITH"},{"data":"Defragment","floor":10,"key":"SMITH"},{"data":"Zap","floor":12,"key":"SMITH"},{"floor":15,"key":"REST"}],"circlet_count":0,"master_deck":["AscendersBane","Strike_B","Strike_B","Strike_B","Strike_B","Defend_B+1","Defend_B","Defend_B+1","Defend_B","Zap+1","Dualcast","Beam Cell","Coolheaded","Ball Lightning","Multi-Cast+1","Defragment+1","White Noise","Echo Form","Defragment"],"relics":["Cracked Core","Lantern","Akabeko","War Paint","Coffee Dripper","Runic Capacitor"],"acts_visited":["Exordium","TheCity"],"potions_floor_usage":[3,6,6,14,14,21],"damage_taken":[{"damage":4,"enemies":"Small Slimes","floor":1,"turns":3},{"damage":0,"enemies":"Cultist","floor":3,"turns":3},{"damage":0,"enemies":"2 Louse","floor":4,"turns":3},{"damage":6,"enemies":"Blue Slaver","floor":5,"turns":3},{"damage":6,"enemies":"Gremlin Nob","floor":6,"turns":3},{"damage":0,"enemies":"2 Fungi Beasts","floor":8,"turns":2},{"damage":7,"enemies":"Large Slime","floor":11,"turns":3},{"damage":0,"enemies":"Exordium Wildlife","floor":13,"turns":2},{"damage":16,"enemies":"3 Sentries","floor":14,"turns":5},{"damage":4,"enemies":"Slime Boss","floor":16,"turns":7},{"damage":1,"enemies":"Spheric Guardian","floor":18,"turns":4},{"damage":13,"enemies":"Shell Parasite","floor":20,"turns":4},{"damage":40,"enemies":"3 Cultists","floor":21,"turns":5},{"damage":20,"enemies":"Book of Stabbing","floor":23,"turns":4}],"seed_played":"7630063071406581848","potions_obtained":[{"floor":2,"key":"Energy Potion"},{"floor":2,"key":"EssenceOfDarkness"},{"floor":3,"key":"Swift Potion"},{"floor":8,"key":"ColorlessPotion"},{"floor":13,"key":"LiquidBronze"},{"floor":18,"key":"DuplicationPotion"}],"is_trial":false,"path_per_floor":["M","?","M","M","M","E","R","M","T","R","M","R","M","E","R","B",null,"M","$","M","M","?","E"],"character_chosen":"DEFECT","items_purchased":["Runic Capacitor","Defragment"],"campfire_rested":1,"item_purchase_floors":[19,19],"current_hp_per_floor":[67,67,67,67,61,55,55,55,55,55,48,48,48,32,55,51,71,70,70,57,17,17,0,0],"gold":181,"neow_bonus":"TEN_PERCENT_HP_BONUS","is_daily":false,"chose_seed":false,"campfire_upgraded":3,"win_rate":0.0,"timestamp":1612804790,"path_taken":["M","?","?","M","M","E","R","M","T","R","M","R","M","E","R","BOSS","M","$","M","?","?","E"],"items_purchased_type":["Relic","Card"],"build_version":"2020-12-22","purchased_purges":0,"victory":false,"max_hp_per_floor":[78,78,78,78,78,78,78,78,78,78,78,78,78,78,78,78,78,78,78,78,78,78,78,78],"card_choices":[{"not_picked":["Steam","Hello World"],"picked":"Beam Cell","floor":1},{"not_picked":["Steam","Streamline"],"picked":"Coolheaded","floor":3},{"not_picked":["Genetic Algorithm","Steam"],"picked":"Ball Lightning","floor":4},{"not_picked":["Steam","Coolheaded"],"picked":"Multi-Cast","floor":5},{"not_picked":["Rip and Tear","Beam Cell","Scrape"],"picked":"SKIP","floor":6},{"not_picked":["Reprogram","Ball Lightning"],"picked":"Defragment","floor":8},{"not_picked":["Go for the Eyes","Stack","Streamline"],"picked":"SKIP","floor":11},{"not_picked":["Rebound","Go for the Eyes","Scrape"],"picked":"SKIP","floor":13},{"not_picked":["Gash","Coolheaded"],"picked":"White Noise","floor":14},{"not_picked":["Meteor Strike","Buffer"],"picked":"Echo Form","floor":16},{"not_picked":["Go for the Eyes","Turbo+1","Rip and Tear"],"picked":"SKIP","floor":18},{"not_picked":["Static Discharge+1","Cold Snap","Hologram"],"picked":"SKIP","floor":20},{"not_picked":["Melter","Barrage","Hello World"],"picked":"SKIP","floor":21}],"player_experience":1973481,"relics_obtained":[{"floor":6,"key":"Lantern"},{"floor":9,"key":"Akabeko"},{"floor":14,"key":"War Paint"}],"event_choices":[{"damage_healed":0,"gold_gain":0,"player_choice":"Bought 2 Potions","damage_taken":0,"max_hp_gain":0,"max_hp_loss":0,"event_name":"The Woman in Blue","floor":2,"gold_loss":0},{"damage_healed":0,"gold_gain":0,"player_choice":"Ignored","damage_taken":0,"max_hp_gain":0,"max_hp_loss":0,"event_name":"Cursed Tome","floor":22,"gold_loss":0}],"is_beta":false,"boss_relics":[{"not_picked":["Runic Dome","Snecko Eye"],"picked":"Coffee Dripper"}],"items_purged_floors":[],"is_endless":false,"potions_floor_spawned":[3,4,8,13,18],"killed_by":"Book of Stabbing","ascension_level":20}}