{"host":"8ki4rp59nppvqwda","time":1612796265,"event":{"mods":["AlwaysNeverKeys","BaseMod","Hermit","Minty Spire (QoL Compilation)","Robot Space Explorer","SacredBarkPlus","StSLib","The Cursed","The Necromancer","The Trickster"],"gold_per_floor":[117,117,129,143,153,153,179,196,196,208,208,237,237,267,267,267,267],"floor_reached":16,"language":"ENG","playtime":971,"items_purged":[],"score":174,"play_id":"16a894ed-5da8-47d7-ade7-39663db9a9dc","local_time":"20210208095745","is_ascension_mode":true,"campfire_choices":[{"data":"TheCursedMod:SpitefulPlan","floor":11.0,"key":"SMITH"},{"data":"TheCursedMod:CursedBoomerang","floor":13,"key":"SMITH"},{"floor":15,"key":"REST"}],"circlet_count":0,"master_deck":["AscendersBane","TheCursedMod:Strike_TheCursed","TheCursedMod:Strike_TheCursed","TheCursedMod:Strike_TheCursed","TheCursedMod:Strike_TheCursed","TheCursedMod:Defend_TheCursed","TheCursedMod:Defend_TheCursed","TheCursedMod:Defend_TheCursed","TheCursedMod:Defend_TheCursed","TheCursedMod:CursedWand","TheCursedMod:CleanUpWorkshop","TheCursedMod:Dregs","TheCursedMod:SpitefulPray","TheCursedMod:Neurasthenia","TheCursedMod:CleanUpWorkshop","TheCursedMod:CursedBoomerang+1","TheCursedMod:ReleasedKnowledge","TheCursedMod:WearCloak","TheCursedMod:SpitefulPlan+1","Regret","TheCursedMod:ManaCirculation+1","TheCursedMod:SurpriseAttack","TheCursedMod:SurpriseAttack"],"relics":["TheCursedMod:BlackMagic101","Frozen Egg 2","Lantern","TheCursedMod:DemonicMark","Pocketwatch","CeramicFish"],"acts_visited":["Exordium"],"potions_floor_usage":[12,12],"damage_taken":[{"damage":6.0,"enemies":"Jaw Worm","floor":1.0,"turns":5.0},{"damage":0.0,"enemies":"Cultist","floor":3.0,"turns":4.0},{"damage":2.0,"enemies":"2 Louse","floor":4.0,"turns":3.0},{"damage":8.0,"enemies":"Blue Slaver","floor":5.0,"turns":4.0},{"damage":17.0,"enemies":"Lagavulin","floor":7.0,"turns":8.0},{"damage":14.0,"enemies":"Large Slime","floor":8.0,"turns":7.0},{"damage":5.0,"enemies":"2 Fungi Beasts","floor":10.0,"turns":5.0},{"damage":4,"enemies":"3 Sentries","floor":12,"turns":9},{"damage":23,"enemies":"Slime Boss","floor":16,"turns":4}],"seed_played":"-4332625848508552480","potions_obtained":[{"floor":1.0,"key":"SkillPotion"},{"floor":5.0,"key":"CultistPotion"},{"floor":7.0,"key":"Block Potion"},{"floor":12,"key":"GamblersBrew"}],"is_trial":false,"path_per_floor":["M","?","M","M","M","?","E","M","T","M","R","E","R","?","R","B"],"character_chosen":"THE_CURSED","items_purchased":[],"campfire_rested":1,"item_purchase_floors":[],"current_hp_per_floor":[69,69,69,67,59,59,42,28,28,23,23,19,19,19,43,20,20],"gold":267,"neow_bonus":"TEN_PERCENT_HP_BONUS","is_daily":false,"chose_seed":false,"campfire_upgraded":2,"win_rate":0.0,"timestamp":1612796265,"path_taken":["M","?","?","M","M","?","E","M","T","M","R","E","R","?","R","BOSS"],"items_purchased_type":[],"build_version":"2020-12-22","purchased_purges":0,"victory":false,"max_hp_per_floor":[82,82,82,82,82,82,82,82,82,82,82,82,82,82,82,82,82],"card_choices":[{"not_picked":["TheCursedMod:SaltUponWound","TheCursedMod:VitalStrike"],"picked":"TheCursedMod:SpitefulPray","floor":1.0},{"not_picked":["TheCursedMod:SpitefulStrike","TheCursedMod:Mangle"],"picked":"TheCursedMod:ReleasedKnowledge","floor":3.0},{"not_picked":["TheCursedMod:CircleOfFlame","TheCursedMod:CursedMace"],"picked":"TheCursedMod:WearCloak","floor":4.0},{"not_picked":["TheCursedMod:SurpriseAttack","TheCursedMod:PrepareRite"],"picked":"TheCursedMod:SpitefulPlan","floor":5.0},{"not_picked":["TheCursedMod:FuryStrike","TheCursedMod:AshesToAshes"],"picked":"TheCursedMod:ManaCirculation+1","floor":7.0},{"not_picked":["TheCursedMod:Stigma","TheCursedMod:CursedArmor","TheCursedMod:CircleOfWindfury"],"picked":"SKIP","floor":8.0},{"not_picked":["TheCursedMod:Obscuration","TheCursedMod:CursedShiv"],"picked":"TheCursedMod:SurpriseAttack","floor":10.0},{"not_picked":["TheCursedMod:CircleOfAmplification","TheCursedMod:CircleOfFlame"],"picked":"TheCursedMod:SurpriseAttack","floor":12}],"player_experience":1299573,"relics_obtained":[{"floor":7.0,"key":"Lantern"},{"floor":9.0,"key":"TheCursedMod:DemonicMark"},{"floor":12,"key":"Pocketwatch"}],"event_choices":[{"damage_healed":0.0,"max_hp_gain":0.0,"max_hp_loss":0.0,"gold_gain":0.0,"event_name":"Match and Keep!","player_choice":"3 cards matched","floor":2.0,"gold_loss":0.0,"damage_taken":0.0,"cards_obtained":["TheCursedMod:Neurasthenia","TheCursedMod:CleanUpWorkshop","TheCursedMod:CursedBoomerang"]},{"damage_healed":0.0,"max_hp_gain":0.0,"max_hp_loss":0.0,"gold_gain":0.0,"event_name":"Big Fish","player_choice":"Box","floor":6.0,"gold_loss":0.0,"damage_taken":0.0,"relics_obtained":["Frozen Egg 2"],"cards_obtained":["Regret"]},{"damage_healed":0,"gold_gain":30,"player_choice":"Searched \u00273\u0027 times","damage_taken":0,"relics_obtained":["CeramicFish"],"max_hp_gain":0,"max_hp_loss":0,"event_name":"Dead Adventurer","floor":14,"gold_loss":0}],"is_beta":false,"boss_relics":[],"items_purged_floors":[],"is_endless":false,"potions_floor_spawned":[1,5,7,12],"killed_by":"Slime Boss","ascension_level":11}}