{"host":"uv231blk40vjdojr","time":1612808382,"event":{"mods":["BaseMod","Minty Spire (QoL Compilation)","Relic Stats","ojb\u0027s Info Mod"],"gold_per_floor":[114,114,126,136,66,66,98,16,42,68,86,100,25,37,37,133,133,145,160,160,60,71,71,101,116,116,132,132,165,165,40,40,135,135,147,157,0,16,16,16,28,70,82,94,120,132,189,236,248,260,272,284,119,161,161],"floor_reached":56,"language":"ENG","playtime":4311,"items_purged":["Collect","SignatureMove","PathToVictory","BowlingBash"],"score":1491,"play_id":"c8d216ea-68fa-4bcd-b1e4-d4e083d9847a","local_time":"20210208191942","is_ascension_mode":true,"campfire_choices":[{"data":"Eruption","floor":6.0,"key":"SMITH"},{"data":"ReachHeaven","floor":15.0,"key":"SMITH"},{"data":"Vault","floor":23.0,"key":"SMITH"},{"floor":28.0,"key":"DIG"},{"floor":32.0,"key":"DIG"},{"floor":40.0,"key":"DIG"},{"floor":41.0,"key":"DIG"},{"floor":46.0,"key":"RECALL"},{"floor":49.0,"key":"DIG"},{"floor":52.0,"key":"DIG"}],"circlet_count":0,"master_deck":["Eruption+1","Vigilance","InnerPeace","SpiritShield","Blasphemy","Meditate","FlurryOfBlows","Swivel","SpiritShield","Indignation","CutThroughFate","ReachHeaven+1","Halt","CrushJoints","FlurryOfBlows","Vault+1","Wallop+1","Perseverance","Protect","TalkToTheHand","ThirdEye+1","LikeWater+1","Vengeance","FearNoEvil"],"relics":["Pandora\u0027s Box","Orichalcum","Oddly Smooth Stone","Centennial Puzzle","Mummified Hand","Runic Pyramid","Shovel","InkBottle","Strawberry","Nunchaku","FaceOfCleric","WingedGreaves","Coffee Dripper","Red Mask","MawBank","Bottled Lightning","White Beast Statue","CaptainsWheel","CeramicFish","Bronze Scales","Yang","Akabeko"],"acts_visited":["Exordium","TheCity","TheBeyond","TheEnding"],"potions_floor_usage":[55,55,55],"damage_taken":[{"damage":4.0,"enemies":"Small Slimes","floor":1.0,"turns":4.0},{"damage":10.0,"enemies":"Cultist","floor":3.0,"turns":4.0},{"damage":4.0,"enemies":"2 Louse","floor":4.0,"turns":4.0},{"damage":1.0,"enemies":"3 Sentries","floor":7.0,"turns":4.0},{"damage":0.0,"enemies":"Lagavulin","floor":10.0,"turns":3.0},{"damage":4.0,"enemies":"Exordium Thugs","floor":11.0,"turns":4.0},{"damage":2.0,"enemies":"Blue Slaver","floor":12.0,"turns":2.0},{"damage":3.0,"enemies":"3 Louse","floor":14.0,"turns":2.0},{"damage":0.0,"enemies":"Slime Boss","floor":16.0,"turns":3.0},{"damage":2.0,"enemies":"Shell Parasite","floor":18.0,"turns":4.0},{"damage":0.0,"enemies":"Spheric Guardian","floor":19.0,"turns":2.0},{"damage":15.0,"enemies":"Snake Plant","floor":22.0,"turns":2.0},{"damage":11.0,"enemies":"Book of Stabbing","floor":24.0,"turns":4.0},{"damage":0.0,"enemies":"Cultist and Chosen","floor":25.0,"turns":4.0},{"damage":0.0,"enemies":"Chosen and Byrds","floor":27.0,"turns":4.0},{"damage":0.0,"enemies":"Slavers","floor":29.0,"turns":5.0},{"damage":25.0,"enemies":"Collector","floor":33.0,"turns":11.0},{"damage":24.0,"enemies":"3 Shapes","floor":35.0,"turns":2.0},{"damage":0.0,"enemies":"3 Darklings","floor":36.0,"turns":4.0},{"damage":0.0,"enemies":"Spire Growth","floor":38.0,"turns":4.0},{"damage":0.0,"enemies":"Giant Head","floor":42.0,"turns":7.0},{"damage":1.0,"enemies":"Jaw Worm Horde","floor":45.0,"turns":5.0},{"damage":0.0,"enemies":"2 Orb Walkers","floor":47.0,"turns":5.0},{"damage":11.0,"enemies":"Reptomancer","floor":48.0,"turns":5.0},{"damage":2.0,"enemies":"Donu and Deca","floor":50.0,"turns":8.0},{"damage":0.0,"enemies":"Shield and Spear","floor":54.0,"turns":7.0},{"damage":5,"enemies":"The Heart","floor":55,"turns":9}],"seed_played":"8847210106224093435","potions_obtained":[{"floor":2.0,"key":"Ambrosia"},{"floor":2.0,"key":"BottledMiracle"},{"floor":2.0,"key":"SneckoOil"},{"floor":3.0,"key":"AttackPotion"},{"floor":7.0,"key":"SteroidPotion"},{"floor":16.0,"key":"Ancient Potion"},{"floor":19.0,"key":"BlessingOfTheForge"},{"floor":29.0,"key":"SteroidPotion"},{"floor":38.0,"key":"CultistPotion"},{"floor":47.0,"key":"PowerPotion"},{"floor":54.0,"key":"Explosive Potion"}],"is_trial":false,"path_per_floor":["M","?","M","M","$","R","E","?","T","E","M","M","$","M","R","B",null,"M","M","?","$","M","R","E","M","T","M","R","E","?","$","R","B",null,"M","M","?","M","?","R","R","E","T","$","M","R","?","E","R","B",null,"R","$","E","B",null],"character_chosen":"WATCHER","items_purchased":["ReachHeaven","Vengeance"],"campfire_rested":0,"item_purchase_floors":[5,53],"current_hp_per_floor":[68,68,58,54,54,54,53,53,53,53,49,47,47,44,44,44,72,70,70,70,70,55,55,44,44,44,44,51,51,51,51,51,27,80,57,58,58,59,59,59,59,60,60,60,60,60,61,51,51,50,88,88,88,89,85],"gold":161,"neow_bonus":"BOSS_RELIC","is_daily":false,"chose_seed":false,"campfire_upgraded":3,"win_rate":0.0,"timestamp":1612808382,"path_taken":["M","?","M","?","?","R","E","?","T","E","?","M","?","M","R","BOSS","M","M","?","$","?","R","E","?","T","M","R","E","?","?","R","BOSS","BOSS","M","M","?","M","?","R","R","E","T","$","M","R","?","E","R","BOSS","R","$","E","BOSS"],"items_purchased_type":["Card","Card"],"build_version":"2020-12-22","purchased_purges":4,"victory":true,"max_hp_per_floor":[72,72,72,72,72,72,72,72,72,72,72,72,72,72,72,72,72,72,72,72,72,72,72,72,72,72,72,79,79,79,79,79,80,80,81,82,82,83,83,83,83,84,84,84,85,85,86,87,87,88,88,88,88,89,90],"relic_stats":{"counters":[27,122],"CeramicFish":27,"Yang":[51],"Orichalcum":[114],"MawBank":156,"Centennial Puzzle":[36],"Nunchaku":[22],"Shovel":6,"FaceOfCleric":11,"Mummified Hand":[10],"Bronze Scales":[111],"Pandora\u0027s Box":["InnerPeace","SpiritShield","Blasphemy","Meditate","FlurryOfBlows","Collect","Swivel","SpiritShield"],"obtain_stats":[{"CeramicFish":48,"Oddly Smooth Stone":8,"Yang":52,"Orichalcum":7,"MawBank":40,"White Beast Statue":42,"Akabeko":54,"Centennial Puzzle":9,"Nunchaku":29,"CaptainsWheel":47,"Shovel":24,"FaceOfCleric":30,"Mummified Hand":10,"Strawberry":28,"Bronze Scales":49,"Pandora\u0027s Box":0,"WingedGreaves":32,"Coffee Dripper":34,"Red Mask":37,"Bottled Lightning":41,"PureWater":0,"InkBottle":26,"Runic Pyramid":17},{"CeramicFish":24,"Oddly Smooth Stone":4,"Yang":25,"Orichalcum":4,"MawBank":20,"White Beast Statue":21,"Akabeko":26,"Centennial Puzzle":4,"Nunchaku":16,"CaptainsWheel":23,"Shovel":13,"FaceOfCleric":16,"Mummified Hand":5,"Strawberry":15,"Bronze Scales":24,"Pandora\u0027s Box":0,"WingedGreaves":16,"Coffee Dripper":17,"Red Mask":19,"Bottled Lightning":20,"PureWater":0,"InkBottle":14,"Runic Pyramid":9},{"CeramicFish":98,"Oddly Smooth Stone":16,"Yang":106,"Orichalcum":16,"MawBank":76,"White Beast Statue":83,"Akabeko":113,"Centennial Puzzle":16,"Nunchaku":55,"CaptainsWheel":93,"Shovel":42,"FaceOfCleric":55,"Mummified Hand":19,"Strawberry":50,"Bronze Scales":98,"Pandora\u0027s Box":0,"WingedGreaves":55,"Coffee Dripper":66,"Red Mask":72,"Bottled Lightning":76,"PureWater":0,"InkBottle":46,"Runic Pyramid":30}],"InkBottle":[39]},"card_choices":[{"not_picked":["Halt","Perseverance"],"picked":"Indignation","floor":1.0},{"not_picked":["Wireheading","Protect"],"picked":"PathToVictory","floor":3.0},{"not_picked":["EmptyBody","Worship"],"picked":"CutThroughFate","floor":4.0},{"not_picked":["JustLucky","SashWhip"],"picked":"SignatureMove","floor":7.0},{"not_picked":["FlyingSleeves","Omniscience"],"picked":"Halt","floor":10.0},{"not_picked":["EmptyBody","FollowUp"],"picked":"CrushJoints","floor":11.0},{"not_picked":["JustLucky","InnerPeace"],"picked":"FlurryOfBlows","floor":12.0},{"not_picked":["ThirdEye","EmptyBody"],"picked":"BowlingBash","floor":14.0},{"not_picked":["MasterReality","Scrawl"],"picked":"Vault","floor":16.0},{"not_picked":["CarveReality","Evaluate+1"],"picked":"Wallop+1","floor":18.0},{"not_picked":["CrushJoints","ReachHeaven"],"picked":"Perseverance","floor":19.0},{"not_picked":["ClearTheMind","Worship","SashWhip"],"picked":"SKIP","floor":22.0},{"not_picked":["Consecrate","WheelKick+1"],"picked":"Protect","floor":24.0},{"not_picked":["ThirdEye","EmptyMind+1","EmptyFist"],"picked":"SKIP","floor":25.0},{"not_picked":["Prostrate","FlyingSleeves"],"picked":"TalkToTheHand","floor":27.0},{"not_picked":["EmptyFist+1","WheelKick","CutThroughFate"],"picked":"SKIP","floor":29.0},{"not_picked":["SpiritShield","MasterReality"],"picked":"Establishment","floor":33.0},{"not_picked":["Evaluate","Swivel","SashWhip+1"],"picked":"SKIP","floor":35.0},{"not_picked":["EmptyFist+1","CutThroughFate+1"],"picked":"ThirdEye+1","floor":36.0},{"not_picked":["CutThroughFate+1","EmptyFist","BowlingBash"],"picked":"SKIP","floor":38.0},{"not_picked":["ClearTheMind","Fasting2+1","FlyingSleeves"],"picked":"SKIP","floor":42.0},{"not_picked":["ForeignInfluence+1","Crescendo+1","Weave"],"picked":"SKIP","floor":45.0},{"not_picked":["FlyingSleeves","Weave"],"picked":"LikeWater+1","floor":48.0},{"not_picked":["EmptyFist+1","Crescendo+1"],"picked":"FearNoEvil","floor":54.0}],"player_experience":752779,"relics_obtained":[{"floor":7.0,"key":"Orichalcum"},{"floor":9.0,"key":"Centennial Puzzle"},{"floor":10.0,"key":"Mummified Hand"},{"floor":24.0,"key":"Shovel"},{"floor":26.0,"key":"InkBottle"},{"floor":28.0,"key":"Strawberry"},{"floor":29.0,"key":"Nunchaku"},{"floor":32.0,"key":"WingedGreaves"},{"floor":40.0,"key":"MawBank"},{"floor":41.0,"key":"Bottled Lightning"},{"floor":42.0,"key":"White Beast Statue"},{"floor":47.0,"key":"CaptainsWheel"},{"floor":48.0,"key":"CeramicFish"},{"floor":49.0,"key":"Bronze Scales"},{"floor":52.0,"key":"Yang"},{"floor":54.0,"key":"Akabeko"}],"event_choices":[{"damage_healed":0.0,"max_hp_gain":0.0,"max_hp_loss":0.0,"gold_gain":0.0,"event_name":"Lab","player_choice":"Got Potions","floor":2.0,"gold_loss":0.0,"damage_taken":0.0},{"damage_healed":0.0,"max_hp_gain":0.0,"max_hp_loss":0.0,"gold_gain":0.0,"event_name":"WeMeetAgain","player_choice":"Paid Gold","floor":8.0,"gold_loss":82.0,"damage_taken":0.0,"relics_obtained":["Oddly Smooth Stone"]},{"damage_healed":0.0,"max_hp_gain":0.0,"max_hp_loss":0.0,"gold_gain":0.0,"event_name":"The Woman in Blue","player_choice":"Bought 0 Potions","floor":20.0,"gold_loss":0.0,"damage_taken":0.0},{"damage_healed":0.0,"max_hp_gain":0.0,"max_hp_loss":0.0,"gold_gain":0.0,"event_name":"FaceTrader","player_choice":"Trade","floor":30.0,"gold_loss":0.0,"damage_taken":0.0,"relics_obtained":["FaceOfCleric"]},{"damage_healed":0.0,"max_hp_gain":0.0,"max_hp_loss":0.0,"gold_gain":0.0,"event_name":"Tomb of Lord Red Mask","player_choice":"Paid","floor":37.0,"gold_loss":157.0,"damage_taken":0.0,"relics_obtained":["Red Mask"]},{"cards_removed":["Establishment"],"damage_healed":0.0,"max_hp_gain":0.0,"max_hp_loss":0.0,"gold_gain":0.0,"event_name":"Falling","player_choice":"Removed Power","floor":39.0,"gold_loss":0.0,"damage_taken":0.0},{"damage_healed":0.0,"max_hp_gain":0.0,"max_hp_loss":0.0,"gold_gain":0.0,"event_name":"Mysterious Sphere","player_choice":"Fight","floor":47.0,"gold_loss":0.0,"damage_taken":0.0}],"is_beta":false,"boss_relics":[{"not_picked":["Astrolabe","Tiny House"],"picked":"Runic Pyramid"},{"not_picked":["Velvet Choker","Snecko Eye"],"picked":"Coffee Dripper"}],"items_purged_floors":[13,21,31,53],"is_endless":false,"potions_floor_spawned":[3,7,16,19,25,29,35,36,38,42,45,47,48,54],"ascension_level":2}}