{"host":"vyiqbz5w606ur92t","time":1612802374,"event":{"mods":["BaseMod","Downfall","Minty Spire (QoL Compilation)","StSLib"],"gold_per_floor":[99,115,115,115,126,151,151,61,81,93,93,122,122,156,174,277,277,277,294,314,314,19,46,46,46,46,46],"floor_reached":25,"language":"ENG","playtime":2528,"items_purged":["Guardian:Defend_Guardian"],"score":328,"play_id":"90570fbb-2f3b-4d43-ab4a-104d8e4e2b8a","local_time":"20210208163934","is_ascension_mode":true,"campfire_choices":[{"floor":1,"key":"RECALL"},{"data":"Guardian:TemporalShield","floor":11,"key":"SMITH"},{"data":"Guardian:DonusPower","floor":13,"key":"SMITH"},{"data":"Guardian:TimeSifter","floor":18,"key":"SMITH"}],"circlet_count":0,"master_deck":["Guardian:CurlUp","Guardian:TwinSlam","Guardian:Planning","Guardian:DonusPower+1","Guardian:TemporalShield+1","Guardian:StasisField","Guardian:DonusPower","Guardian:ShieldSpikes","Guardian:TimeBomb","Guardian:ChargeCore","Guardian:StasisStrike","Guardian:Reroute","Guardian:FuturePlans","Guardian:TimeSifter+1","Guardian:GemFinder","Guardian:Suspension","Guardian:Gem_Green","Guardian:Gem_Lightblue","Guardian:Gem_Green","Guardian:ArmoredProtocol","Guardian:Gem_Red","Guardian:Incinerate+1","Guardian:Gem_Synthetic","Guardian:TimeSifter","Guardian:Recover","Guardian:BodySlam"],"relics":["Guardian:ModeShifter","WingedGreaves","downfall:ExtraCursedKey","White Beast Statue","Odd Mushroom","Nunchaku","Bag of Preparation","Pandora\u0027s Box","Dream Catcher"],"acts_visited":["Exordium","TheCity"],"potions_floor_usage":[12,12,15,16,16,23,23,25,25],"damage_taken":[{"damage":1,"enemies":"Cultist","floor":2,"turns":4},{"damage":0,"enemies":"Jaw Worm","floor":5,"turns":5},{"damage":15,"enemies":"Lagavulin","floor":6,"turns":8},{"damage":0,"enemies":"downfall:FleeingMerchant","floor":8,"turns":4},{"damage":6,"enemies":"The Mushroom Lair","floor":9,"turns":5},{"damage":1,"enemies":"2 Louse","floor":10,"turns":3},{"damage":0,"enemies":"Gremlin Nob","floor":12,"turns":3},{"damage":8,"enemies":"3 Sentries","floor":14,"turns":11},{"damage":6,"enemies":"Exordium Thugs","floor":15,"turns":5},{"damage":9,"enemies":"IC_STATUS_ARCHETYPE","floor":16,"turns":7},{"damage":9,"enemies":"Shell Parasite","floor":19,"turns":5},{"damage":11,"enemies":"3 Byrds","floor":20,"turns":4},{"damage":15,"enemies":"downfall:FleeingMerchant","floor":22,"turns":4},{"damage":15,"enemies":"Book of Stabbing","floor":23,"turns":6},{"damage":14,"enemies":"Slavers","floor":25,"turns":1}],"seed_played":"-954825165669040527","potions_obtained":[{"floor":5,"key":"LiquidBronze"},{"floor":8,"key":"Energy Potion"},{"floor":9,"key":"BlessingOfTheForge"},{"floor":12,"key":"Energy Potion"},{"floor":14,"key":"CultistPotion"},{"floor":15,"key":"hexamod:SoulburnPotion"},{"floor":16,"key":"Explosive Potion"},{"floor":19,"key":"Strength Potion"},{"floor":20,"key":"sneckomod:MuddlingPotion"},{"floor":22,"key":"DistilledChaos"},{"floor":23,"key":"Energy Potion"}],"is_trial":false,"path_per_floor":["R","M","?","?","M","E","T","$","?","M","R","E","R","E","M","B",null,"R","M","M","?","$","E","T","E"],"character_chosen":"GUARDIAN","items_purchased":["Guardian:Gem_Synthetic","Guardian:TimeSifter","Guardian:Recover"],"campfire_rested":0,"item_purchase_floors":[22,22,22],"current_hp_per_floor":[72,71,71,71,71,56,56,56,50,49,49,49,49,41,35,26,61,61,52,41,41,26,11,11,0,0,0],"gold":46,"neow_bonus":"ONE_RARE_RELIC","is_daily":false,"chose_seed":false,"campfire_upgraded":3,"win_rate":0.0,"timestamp":1612802374,"path_taken":["R","?","?","?","M","E","T","$","?","M","R","E","R","E","M","BOSS","R","M","M","?","$","E","T","E"],"items_purchased_type":["Card","Card","Card"],"build_version":"2020-12-22","purchased_purges":1,"victory":false,"max_hp_per_floor":[72,72,72,72,72,72,72,72,72,72,72,72,72,72,72,72,72,72,72,72,72,72,72,72,72,72,72],"card_choices":[{"not_picked":["Guardian:Gem_Cyan","Guardian:TemporalStrike"],"picked":"Guardian:Planning","floor":2},{"not_picked":["Guardian:Gem_Green","Guardian:Orbwalk"],"picked":"Guardian:DonusPower","floor":5},{"not_picked":["Guardian:Gem_Red","Guardian:WalkerClaw"],"picked":"Guardian:TemporalShield","floor":6},{"not_picked":["Guardian:CrystalBeam","Guardian:FloatingOrbs"],"picked":"Guardian:Gem_Crimson","floor":8},{"not_picked":["Guardian:Gem_Green","Guardian:ShieldCharger"],"picked":"Guardian:StasisField","floor":9},{"not_picked":["Guardian:PiercingHide","Guardian:TemporalStrike"],"picked":"Guardian:DonusPower","floor":10},{"not_picked":["Guardian:PrimingBeam","Guardian:BronzeOrb"],"picked":"Guardian:ShieldSpikes","floor":12},{"not_picked":["Guardian:FloatingOrbs","Guardian:TemporalStrike"],"picked":"Guardian:TimeBomb","floor":14},{"not_picked":["Guardian:BaubleBeam","Guardian:Gem_Lightblue"],"picked":"Guardian:ChargeCore","floor":15},{"not_picked":["Guardian:AncientConstruct","Guardian:GemFinder"],"picked":"Guardian:StasisStrike","floor":16},{"not_picked":["Guardian:Gem_Red","Guardian:Gem_Cyan"],"picked":"Guardian:Gem_Green","floor":19},{"not_picked":["Guardian:Suspension","Guardian:WalkerClaw"],"picked":"Guardian:Gem_Lightblue","floor":19},{"not_picked":["Guardian:Gem_Lightblue","Guardian:Gem_Red"],"picked":"Guardian:Gem_Green","floor":20},{"not_picked":["Guardian:Gem_Green","Guardian:Gem_Red"],"picked":"Guardian:ArmoredProtocol","floor":20},{"not_picked":["Guardian:Gem_Cyan","Guardian:Gem_Green"],"picked":"Guardian:Gem_Red","floor":22},{"not_picked":["Guardian:Gem_Cyan","Guardian:Reroute+1"],"picked":"Guardian:Incinerate+1","floor":22},{"not_picked":["Guardian:BronzeOrb+1","Guardian:Gem_Cyan"],"picked":"Guardian:BodySlam","floor":23}],"player_experience":1646977,"relics_obtained":[{"floor":6,"key":"White Beast Statue"},{"floor":9,"key":"Odd Mushroom"},{"floor":12,"key":"Nunchaku"},{"floor":14,"key":"Bag of Preparation"},{"floor":23,"key":"Dream Catcher"}],"event_choices":[{"cards_removed":["Guardian:Strike_Guardian"],"damage_healed":0,"gold_gain":0,"player_choice":"Card Removal","damage_taken":0,"max_hp_gain":0,"max_hp_loss":0,"event_name":"The Cleric","floor":3,"gold_loss":0},{"damage_healed":0,"gold_gain":0,"player_choice":"Fought Mushrooms","damage_taken":0,"max_hp_gain":0,"max_hp_loss":0,"event_name":"Mushrooms","floor":9,"gold_loss":0}],"is_beta":false,"boss_relics":[{"not_picked":["Runic Dome","Fusion Hammer"],"picked":"Pandora\u0027s Box"}],"items_purged_floors":[8],"is_endless":false,"potions_floor_spawned":[5,8,9,10,12,14,15,16,19,20,22,23],"killed_by":"Slavers","ascension_level":5}}