{"host":"v3qphhcqhwfpabne","time":1612811980,"event":{"mods":["100% Spire Juice","2.2 Compatiblity","AchievementEnabler","BaseMod","CapriCore","DeckTracker","KinomotoSakuraMod(ÙÊñýÜâ?)","Koishi","Marisa£¨Ùöéë¡¡Øª×âÞÞ£©","Minty Spire (QoL Compilation)","Permanent Neow","Prisma Mod","StSLib","Td1madao Mod","The Bug Knight","The Cursed","The Immortal","The Runesmith","WarShipGirlsR/??á´Ò³R mod"],"gold_per_floor":[15,34,51,71,128,155,175,193,239,258,272,301,316,331,331,426,426,441,461,481,481,406,406,406],"floor_reached":23,"language":"KOR","playtime":1310,"items_purged":["Rage"],"score":232,"play_id":"b1a1a5c7-9a4b-4317-ba35-1c77a0f2a09e","local_time":"20210209041940","is_ascension_mode":true,"campfire_choices":[{"data":"Armaments","floor":15,"key":"SMITH"}],"circlet_count":0,"master_deck":["Strike_R","Strike_R","Strike_R","Strike_R","Defend_R","Defend_R+1","Defend_R","Defend_R","Bash","True Grit","Armaments+1","Power Through","Infernal Blade","Offering","Immolate","Burning Pact+1","Impervious","Dark Embrace","Shrug It Off","Seeing Red","Ghostly Armor","Impervious"],"relics":["Black Blood","Charon\u0027s Ashes","HollowMod:PaleOreRelic","War Paint","Centennial Puzzle"],"acts_visited":["Exordium","TheCity"],"potions_floor_usage":[23,23],"damage_taken":[{"damage":6,"enemies":"Cultist","floor":1,"turns":4},{"damage":3,"enemies":"2 Louse","floor":2,"turns":3},{"damage":1,"enemies":"Small Slimes","floor":3,"turns":5},{"damage":7,"enemies":"3 Louse","floor":4,"turns":6},{"damage":7,"enemies":"Gremlin Nob","floor":6,"turns":3},{"damage":7,"enemies":"Exordium Thugs","floor":7,"turns":3},{"damage":14,"enemies":"Red Slaver","floor":8,"turns":2},{"damage":0,"enemies":"2 Fungi Beasts","floor":10,"turns":2},{"damage":5,"enemies":"Exordium Wildlife","floor":11,"turns":3},{"damage":14,"enemies":"3 Sentries","floor":12,"turns":5},{"damage":4,"enemies":"Lots of Slimes","floor":13,"turns":2},{"damage":0,"enemies":"3 Louse","floor":14,"turns":3},{"damage":54,"enemies":"The Guardian","floor":16,"turns":14},{"damage":7,"enemies":"2 Thieves","floor":18,"turns":2},{"damage":10,"enemies":"Spheric Guardian","floor":19,"turns":4},{"damage":47,"enemies":"Cultist and Chosen","floor":20,"turns":8},{"damage":47,"enemies":"HollowMod:Nosk","floor":23,"turns":13}],"seed_played":"-6681567554833102941","potions_obtained":[{"floor":3,"key":"SkillPotion"},{"floor":4,"key":"SteroidPotion"},{"floor":6,"key":"Strength Potion"},{"floor":7,"key":"LiquidMemories"}],"is_trial":false,"path_per_floor":["M","M","M","M","$","E","M","M","T","M","M","E","M","M","R","B",null,"M","M","M","?","?","E"],"character_chosen":"IRONCLAD","items_purchased":["Rage","Offering","Immolate"],"campfire_rested":0,"item_purchase_floors":[5,5,5],"current_hp_per_floor":[80,80,80,79,79,78,77,69,69,75,76,68,70,76,76,28,80,80,80,45,45,45,0,0],"gold":406,"neow_bonus":"ONE_RARE_RELIC","is_daily":false,"chose_seed":false,"campfire_upgraded":1,"win_rate":0.0,"timestamp":1612811980,"path_taken":["M","M","M","M","$","E","M","M","T","M","M","E","M","M","R","BOSS","M","M","M","?","?","E"],"items_purchased_type":["Card","Card","Card"],"build_version":"2020-12-22","purchased_purges":1,"victory":false,"max_hp_per_floor":[80,80,80,80,80,80,80,80,80,80,80,80,80,80,80,80,80,80,80,80,80,80,80,80],"card_choices":[{"not_picked":["Twin Strike","Flex"],"picked":"True Grit","floor":1},{"not_picked":["Combust","Dropkick"],"picked":"Armaments","floor":2},{"not_picked":["Rage","Anger"],"picked":"Power Through","floor":3},{"not_picked":["Iron Wave","Flex"],"picked":"Infernal Blade","floor":4},{"not_picked":["Rage","Disarm","Searing Blow"],"picked":"SKIP","floor":6},{"not_picked":["Heavy Blade","Inflame"],"picked":"Burning Pact","floor":7},{"not_picked":["Headbutt","Rampage"],"picked":"Impervious","floor":8},{"not_picked":["Shrug It Off","Clash"],"picked":"Dark Embrace","floor":10},{"not_picked":["Iron Wave","Entrench"],"picked":"Shrug It Off","floor":11},{"not_picked":["Battle Trance","Clothesline"],"picked":"Seeing Red","floor":12},{"not_picked":["Sword Boomerang","Inflame"],"picked":"Ghostly Armor","floor":13},{"not_picked":["Clothesline","Searing Blow","Hemokinesis"],"picked":"SKIP","floor":14},{"not_picked":["Barricade","Offering"],"picked":"Impervious","floor":16},{"not_picked":["Sword Boomerang","Armaments","Metallicize+1"],"picked":"SKIP","floor":18},{"not_picked":["Twin Strike","Anger","Sword Boomerang+1"],"picked":"SKIP","floor":19},{"not_picked":["Iron Wave","Dropkick","Double Tap"],"picked":"SKIP","floor":20}],"player_experience":126962,"relics_obtained":[{"floor":6,"key":"HollowMod:PaleOreRelic"},{"floor":9,"key":"War Paint"},{"floor":12,"key":"Centennial Puzzle"}],"event_choices":[{"damage_healed":0,"gold_gain":0,"player_choice":"Ignored","damage_taken":0,"max_hp_gain":0,"max_hp_loss":0,"event_name":"Vampires","floor":21,"gold_loss":0},{"cards_removed":["Strike_R"],"damage_healed":0,"gold_gain":0,"player_choice":"Gave Gold","damage_taken":0,"max_hp_gain":0,"max_hp_loss":0,"event_name":"Beggar","floor":22,"gold_loss":75}],"is_beta":false,"boss_relics":[{"not_picked":["SacredBark","Snecko Eye"],"picked":"Black Blood"}],"items_purged_floors":[5],"is_endless":false,"potions_floor_spawned":[3,4,6,7,13,14,19],"killed_by":"HollowMod:Nosk","ascension_level":2}}