{"host":"665g8wmplxs7g59h","time":1612802329,"event":{"mods":["AchievementEnabler","BaseMod","Colored Map","DeckTracker","Minty Spire (QoL Compilation)","Permanent Neow","SuperFastMode"],"gold_per_floor":[115,115,16,29,29,29,44,44,126,126,126,126,126,151,151,280,280,295,315,26,26,44,78,78,93,117,117,117,117,117,131,131,228,228,248,298,312,312,326,326,358,358,408,418,63,63,76,101,101,101,101],"floor_reached":50,"language":"KOR","playtime":2250,"items_purged":["Strike_G","Strike_G","Predator"],"score":583,"play_id":"4d296e91-c3dc-4aa4-a992-c87878d19279","local_time":"20210209013849","is_ascension_mode":false,"campfire_choices":[{"data":"Deadly Poison","floor":6,"key":"SMITH"},{"floor":8,"key":"RECALL"},{"data":"Survivor","floor":15,"key":"SMITH"},{"data":"Prepared","floor":28,"key":"SMITH"},{"data":"Corpse Explosion","floor":30,"key":"SMITH"},{"data":"Acrobatics","floor":32,"key":"SMITH"},{"data":"Sadistic Nature","floor":40,"key":"SMITH"},{"floor":42,"key":"REST"},{"data":"Concentrate","floor":46,"key":"SMITH"},{"data":"Reflex","floor":49,"key":"SMITH"}],"circlet_count":0,"master_deck":["Survivor+1","Neutralize","Deadly Poison+1","Acrobatics+1","Quick Slash","Prepared+1","Corpse Explosion+1","Sadistic Nature+1","Decay","Prepared+1","Bane","Dodge and Roll","Reflex+1","Concentrate+1","Concentrate"],"relics":["Ring of the Snake","White Beast Statue","Thread and Needle","Bloody Idol","Busted Crown","Centennial Puzzle","Art of War","Pandora\u0027s Box","Tingsha","CaptainsWheel","Orichalcum","DollysMirror","Calipers"],"acts_visited":["Exordium","TheCity","TheBeyond"],"potions_floor_usage":[16,16,19,25,33,41,41,48,50,50],"damage_taken":[{"damage":2,"enemies":"2 Louse","floor":1,"turns":3},{"damage":0,"enemies":"Cultist","floor":4,"turns":3},{"damage":0,"enemies":"Jaw Worm","floor":7,"turns":4},{"damage":0,"enemies":"Looter","floor":14,"turns":3},{"damage":8,"enemies":"Hexaghost","floor":16,"turns":10},{"damage":0,"enemies":"Shell Parasite","floor":18,"turns":5},{"damage":13,"enemies":"Spheric Guardian","floor":19,"turns":4},{"damage":0,"enemies":"Snecko","floor":22,"turns":5},{"damage":22,"enemies":"Slavers","floor":23,"turns":3},{"damage":0,"enemies":"Shelled Parasite and Fungi","floor":25,"turns":4},{"damage":0,"enemies":"Chosen and Byrds","floor":31,"turns":3},{"damage":38,"enemies":"Automaton","floor":33,"turns":7},{"damage":2,"enemies":"3 Shapes","floor":35,"turns":2},{"damage":21,"enemies":"Mind Bloom Boss Battle","floor":36,"turns":5},{"damage":2,"enemies":"3 Darklings","floor":37,"turns":2},{"damage":0,"enemies":"Writhing Mass","floor":39,"turns":4},{"damage":31,"enemies":"Nemesis","floor":41,"turns":5},{"damage":1,"enemies":"Maw","floor":44,"turns":5},{"damage":11,"enemies":"Spire Growth","floor":47,"turns":3},{"damage":0,"enemies":"Reptomancer","floor":48,"turns":3},{"damage":56,"enemies":"Time Eater","floor":50,"turns":8}],"seed_played":"-3945411207557127711","potions_obtained":[{"floor":2,"key":"DistilledChaos"},{"floor":7,"key":"PowerPotion"},{"floor":14,"key":"FairyPotion"},{"floor":16,"key":"Strength Potion"},{"floor":18,"key":"AttackPotion"},{"floor":19,"key":"Strength Potion"},{"floor":22,"key":"BlessingOfTheForge"},{"floor":23,"key":"Fire Potion"},{"floor":25,"key":"EssenceOfSteel"},{"floor":33,"key":"Explosive Potion"},{"floor":35,"key":"Energy Potion"},{"floor":37,"key":"Swift Potion"},{"floor":41,"key":"Energy Potion"},{"floor":44,"key":"Fire Potion"},{"floor":48,"key":"AttackPotion"}],"is_trial":false,"path_per_floor":["M","?","$","M","?","R","M","R","T","T","?","?","?","M","R","B",null,"M","M","$","?","M","E","T","M","T","$","R","?","R","M","R","B",null,"M","?","M","?","M","R","E","R","T","M","$","R","M","E","R","B"],"character_chosen":"THE_SILENT","items_purchased":["Deadly Poison","Sadistic Nature","Concentrate","DollysMirror"],"campfire_rested":1,"item_purchase_floors":[3,20,45,45],"current_hp_per_floor":[61,61,61,61,54,54,54,54,54,54,59,59,59,59,59,51,63,63,50,50,50,50,28,28,28,28,28,28,28,28,33,33,23,63,63,47,50,50,55,55,29,47,52,56,56,56,50,55,55,0,0],"gold":101,"neow_bonus":"REMOVE_TWO","is_daily":false,"chose_seed":false,"campfire_upgraded":8,"win_rate":0.0,"timestamp":1612802329,"path_taken":["M","?","$","?","?","R","M","R","T","?","?","?","?","M","R","BOSS","M","?","$","?","?","E","?","?","T","$","R","?","R","M","R","BOSS","M","?","M","?","M","R","E","R","T","M","$","R","M","E","R","BOSS"],"items_purchased_type":["Card","Card","Card","Relic"],"build_version":"2020-12-22","purchased_purges":3,"victory":false,"max_hp_per_floor":[63,63,63,63,63,63,63,63,63,63,68,63,63,63,63,63,63,63,63,63,63,63,63,63,63,63,63,63,63,63,63,63,63,63,63,63,63,60,60,60,60,60,60,60,60,60,60,60,60,60,60],"card_choices":[{"not_picked":["Flying Knee","Bane","Dagger Spray"],"picked":"SKIP","floor":1},{"not_picked":["Envenom","Leg Sweep","Choke"],"picked":"SKIP","floor":4},{"not_picked":["Bane","Dash"],"picked":"Acrobatics","floor":7},{"not_picked":["Setup","Flying Knee"],"picked":"Prepared","floor":14},{"not_picked":["Venomology","Phantasmal Killer"],"picked":"Corpse Explosion","floor":16},{"not_picked":["Dagger Spray+1"],"picked":"SKIP","floor":18},{"not_picked":["PiercingWail+1"],"picked":"SKIP","floor":19},{"not_picked":["Quick Slash"],"picked":"SKIP","floor":22},{"not_picked":["Caltrops"],"picked":"SKIP","floor":23},{"not_picked":["Skewer+1"],"picked":"SKIP","floor":25},{"not_picked":[],"picked":"Prepared+1","floor":31},{"not_picked":["Endless Agony"],"picked":"SKIP","floor":35},{"not_picked":["Blade Dance+1"],"picked":"SKIP","floor":37},{"not_picked":["Footwork"],"picked":"SKIP","floor":39},{"not_picked":["All Out Attack+1"],"picked":"SKIP","floor":41},{"not_picked":["Blade Dance"],"picked":"SKIP","floor":44},{"not_picked":["Dodge and Roll+1"],"picked":"SKIP","floor":47},{"not_picked":["Concentrate"],"picked":"SKIP","floor":48}],"player_experience":69636,"relics_obtained":[{"floor":9,"key":"White Beast Statue"},{"floor":10,"key":"Thread and Needle"},{"floor":23,"key":"Centennial Puzzle"},{"floor":26,"key":"Art of War"},{"floor":36,"key":"Tingsha"},{"floor":41,"key":"CaptainsWheel"},{"floor":43,"key":"Orichalcum"},{"floor":48,"key":"Calipers"}],"event_choices":[{"damage_healed":0,"gold_gain":0,"player_choice":"Got Potions","damage_taken":0,"max_hp_gain":0,"max_hp_loss":0,"event_name":"Lab","floor":2,"gold_loss":0},{"cards_removed":["Strike_G"],"damage_healed":0,"gold_gain":0,"player_choice":"Card Removal","damage_taken":7,"max_hp_gain":0,"max_hp_loss":0,"event_name":"Golden Wing","floor":5,"gold_loss":0},{"damage_healed":0,"gold_gain":0,"player_choice":"Donut","damage_taken":0,"max_hp_gain":5,"max_hp_loss":0,"event_name":"Big Fish","floor":11,"gold_loss":0},{"damage_healed":0,"gold_gain":0,"player_choice":"Lose Max HP","damage_taken":0,"relics_obtained":["Golden Idol"],"max_hp_gain":0,"max_hp_loss":5,"event_name":"Golden Idol","floor":12,"gold_loss":0},{"damage_healed":0,"gold_gain":0,"cards_transformed":["Strike_G"],"player_choice":"Transformed","damage_taken":0,"max_hp_gain":0,"max_hp_loss":0,"event_name":"Transmorgrifier","floor":13,"gold_loss":0,"cards_obtained":["Quick Slash"]},{"damage_healed":0,"gold_gain":0,"player_choice":"Cursed","damage_taken":0,"max_hp_gain":0,"max_hp_loss":0,"event_name":"Wheel of Change","floor":21,"gold_loss":0,"cards_obtained":["Decay"]},{"damage_healed":0,"gold_gain":0,"player_choice":"Gave Idol","damage_taken":0,"relics_obtained":["Bloody Idol"],"max_hp_gain":0,"max_hp_loss":0,"event_name":"Forgotten Altar","floor":29,"relics_lost":["Golden Idol"],"gold_loss":0},{"damage_healed":0,"gold_gain":0,"player_choice":"Fight","damage_taken":0,"max_hp_gain":0,"max_hp_loss":0,"event_name":"MindBloom","floor":36,"gold_loss":0},{"damage_healed":0,"gold_gain":0,"player_choice":"Max HP","damage_taken":0,"max_hp_gain":0,"max_hp_loss":3,"event_name":"Winding Halls","floor":38,"gold_loss":0}],"is_beta":false,"boss_relics":[{"not_picked":["Cursed Key","Velvet Choker"],"picked":"Busted Crown"},{"not_picked":["Black Star","Ring of the Serpent"],"picked":"Pandora\u0027s Box"}],"items_purged_floors":[3,20,45],"is_endless":false,"potions_floor_spawned":[7,14,16,18,19,22,23,25,31,33,35,36,37,39,41,44,47,48],"killed_by":"Time Eater","ascension_level":0}}