{"host":"ek3xvuouaw6vk9if","time":1612757362,"event":{"mods":["BaseMod","BetterRewards","Curses Come First","Dark Map","Hubris","Minty Spire (QoL Compilation)","Permanent Neow","Quick Restart","Relic Stats","Replay The Spire","Spire Arcade","StSLib","The Runesmith"],"gold_per_floor":[112,112,127,138,155,186,206,206,206],"floor_reached":8,"language":"ENG","playtime":495,"items_purged":[],"score":60,"play_id":"7f7f7767-a742-4626-a1b1-ec7a22826378","local_time":"20210207230922","is_ascension_mode":false,"campfire_choices":[],"circlet_count":0,"master_deck":["Runesmith:Strike_RS","Runesmith:Strike_RS","Runesmith:Strike_RS","Runesmith:Strike_RS","Runesmith:Defend_RS","Runesmith:Defend_RS","Runesmith:Defend_RS","Runesmith:Defend_RS","Runesmith:CraftFirestone","Runesmith:Fortify","Runesmith:EarthShield","Runesmith:Firewall","Runesmith:ChiselStab","Runesmith:UnstableHammer","Runesmith:Superposition","Runesmith:Grindstone"],"relics":["Runesmith:BrokenRuby","Incense Burner","Mirror","Orichalcum"],"acts_visited":["Exordium"],"potions_floor_usage":[5],"damage_taken":[{"damage":0,"enemies":"Cultist","floor":1,"turns":4},{"damage":2,"enemies":"Jaw Worm","floor":3,"turns":4},{"damage":0,"enemies":"2 Louse","floor":4,"turns":4},{"damage":12,"enemies":"Exordium Thugs","floor":5,"turns":5},{"damage":11,"enemies":"Lagavulin","floor":6,"turns":6},{"damage":0,"enemies":"Looter","floor":7,"turns":3},{"damage":21,"enemies":"Gremlin Nob","floor":8,"turns":3}],"seed_played":"5119023704114430777","potions_obtained":[{"floor":1,"key":"Venom Potion"},{"floor":4,"key":"AttackPotion"},{"floor":5,"key":"Dexterity Potion"}],"is_trial":false,"path_per_floor":["M","?","M","M","M","E","M","E"],"character_chosen":"RUNESMITH_CLASS","items_purchased":[],"campfire_rested":0,"item_purchase_floors":[],"current_hp_per_floor":[63,38,36,36,24,13,13,0,0],"gold":206,"neow_bonus":"ONE_RARE_RELIC","is_daily":false,"chose_seed":false,"campfire_upgraded":0,"win_rate":0.0,"timestamp":1612757362,"path_taken":["M","?","M","M","M","E","M","E"],"items_purchased_type":[],"build_version":"2020-12-22","purchased_purges":0,"victory":false,"max_hp_per_floor":[63,63,63,63,63,63,63,63,63],"relic_stats":{"counters":[7,29],"Orichalcum":[12],"obtain_stats":[{"Runesmith:BrokenRuby":0,"Incense Burner":0,"Orichalcum":6,"Mirror":2},{"Runesmith:BrokenRuby":0,"Incense Burner":0,"Orichalcum":5,"Mirror":1},{"Runesmith:BrokenRuby":0,"Incense Burner":0,"Orichalcum":23,"Mirror":4}]},"card_choices":[{"not_picked":["Runesmith:Retool","Runesmith:UnstableHammer"],"picked":"Runesmith:EarthShield","floor":1},{"not_picked":["Runesmith:PoweredAnvil","Runesmith:GoWithTheFlow"],"picked":"Runesmith:Firewall","floor":3},{"not_picked":["Runesmith:StaticCage","Runesmith:Grindstone"],"picked":"Runesmith:ChiselStab","floor":4},{"not_picked":["Runesmith:Overpower","Runesmith:EarthShield"],"picked":"Runesmith:UnstableHammer","floor":5},{"not_picked":["Runesmith:CraftPrismatica","Runesmith:FrozenChisel"],"picked":"Runesmith:Superposition","floor":6},{"not_picked":["Runesmith:ShiftingStrike","Runesmith:PoweredAnvil"],"picked":"Runesmith:Grindstone","floor":7}],"player_experience":520443,"relics_obtained":[{"floor":6,"key":"Orichalcum"}],"event_choices":[{"damage_healed":0,"gold_gain":0,"player_choice":"Success","damage_taken":25,"relics_obtained":["Mirror"],"max_hp_gain":0,"max_hp_loss":0,"event_name":"Scrap Ooze","floor":2,"gold_loss":0}],"is_beta":false,"boss_relics":[],"items_purged_floors":[],"is_endless":false,"potions_floor_spawned":[1,4,5],"killed_by":"Gremlin Nob","ascension_level":0}}