{"host":"q349ucdsdrgdzjwk","time":1612745683,"event":{"mods":["2.2 Compatiblity","A Penny For Your Troubles","AchievementEnabler","BaseMod","Beaked The Cultist","Better Altar","Better Match","Better Note","Better Skull","Better Third Choice","BetterRewards","Displayed Cursed Tome","Downfall","Friendly Minions","Googly Eyes","Gremlin Mod","Hermit","Hubris","Marisa????????","Minty Spire (QoL Compilation)","Permanent Neow","Relic Filter Mod","Reliquary","Robot Space Explorer","Shop Mod","Spire Arcade","StSLib","The Construct","The Cursed","The Disciple","The Marked","The Necromancer","The Servant 0.9.4","TheVacant","Transform Curses"],"gold_per_floor":[111,127,77,77,77,108,108,120,147,172,172,190,207,242,242,347,347,359,15,33,33,33,62,62,62,62,62,97,97,130,145,145,248,248,265,365,382,402,421,421,446,458,513,546,562,573,589,624,624,625],"floor_reached":51,"language":"ENG","playtime":2232,"items_purged":["Strike_R","Defend_R"],"score":1657,"play_id":"2eff0e41-25ca-493e-ab4e-30386885a028","local_time":"20210208005443","is_ascension_mode":true,"campfire_choices":[{"data":"Flash of Steel","floor":7,"key":"SMITH"},{"data":"Iron Wave","floor":11,"key":"SMITH"},{"data":"Thunderclap","floor":15,"key":"SMITH"},{"data":"Rage","floor":25,"key":"SMITH"},{"data":"Iron Wave","floor":27,"key":"SMITH"},{"data":"Clash","floor":29,"key":"SMITH"},{"data":"Anger","floor":32,"key":"SMITH"},{"data":"Anger","floor":40,"key":"SMITH"},{"data":"Bash","floor":49,"key":"SMITH"}],"circlet_count":0,"master_deck":["Strike_R","Strike_R","Strike_R","Strike_R","Defend_R","Defend_R","Bash+1","Flash of Steel+1","Clash+1","Iron Wave+1","Dropkick","Cleave+1","Iron Wave+1","Thunderclap+1","Offering","Berserk+1","hubris:CleavingFinish","Flash of Steel+1","Rage+1","Clash","Anger+1","Anger+1","Anger+1","Bloodletting+1","Anger","Intimidate","Warcry+1"],"relics":["Burning Blood","Shuriken","Charon\u0027s Ashes","hubris:MysteriousPyramids","Unceasing Top","MerchantsRug","hubris:Towel","Ancient Tea Set","Oddly Smooth Stone","Nunchaku","sneckomod:BlankCard","reliquary:WeakTea","reliquary:RedCape","construct:FoamFinger","reliquary:BoilingFlask","reliquary:Buckler","reliquary:TuningFork","Paper Frog","construct:WeddingRing","Blood Vial","Bag of Marbles","StrikeDummy","reliquary:SharkskinSheath"],"acts_visited":["Exordium","TheCity","TheBeyond"],"potions_floor_usage":[14,14,16,50,50],"damage_taken":[{"damage":0,"enemies":"Small Slimes","floor":1,"turns":2},{"damage":2,"enemies":"Jaw Worm","floor":2,"turns":3},{"damage":30,"enemies":"Lagavulin","floor":6,"turns":4},{"damage":0,"enemies":"Cultist","floor":8,"turns":2},{"damage":16,"enemies":"3 Sentries","floor":10,"turns":5},{"damage":0,"enemies":"Blue Slaver","floor":12,"turns":2},{"damage":2,"enemies":"Red Slaver","floor":13,"turns":2},{"damage":0,"enemies":"Gremlin Nob","floor":14,"turns":2},{"damage":16,"enemies":"Hexaghost","floor":16,"turns":4},{"damage":6,"enemies":"Shell Parasite","floor":18,"turns":2},{"damage":9,"enemies":"2 Thieves","floor":20,"turns":2},{"damage":30,"enemies":"Book of Stabbing","floor":23,"turns":3},{"damage":6,"enemies":"Slavers","floor":28,"turns":2},{"damage":6,"enemies":"Book of Stabbing","floor":30,"turns":2},{"damage":6,"enemies":"Centurion and Healer","floor":31,"turns":1},{"damage":6,"enemies":"Collector","floor":33,"turns":2},{"damage":0,"enemies":"3 Darklings","floor":35,"turns":2},{"damage":6,"enemies":"3 Shapes","floor":37,"turns":1},{"damage":6,"enemies":"3 Darklings","floor":38,"turns":2},{"damage":6,"enemies":"Maw","floor":39,"turns":2},{"damage":12,"enemies":"Nemesis","floor":41,"turns":1},{"damage":9,"enemies":"Writhing Mass","floor":42,"turns":2},{"damage":9,"enemies":"Reptomancer","floor":44,"turns":2},{"damage":0,"enemies":"Jaw Worm Horde","floor":45,"turns":1},{"damage":6,"enemies":"Sphere and 2 Shapes","floor":46,"turns":2},{"damage":15,"enemies":"Transient","floor":47,"turns":4},{"damage":7,"enemies":"Giant Head","floor":48,"turns":2},{"damage":6,"enemies":"hubris:GrandSnecko","floor":50,"turns":2}],"seed_played":"3931514429634249954","potions_obtained":[{"floor":1,"key":"LiquidMemories"},{"floor":8,"key":"hexamod:SoulburnPotion"},{"floor":13,"key":"DistilledChaos"},{"floor":14,"key":"DistilledChaos"},{"floor":31,"key":"Regen Potion"},{"floor":33,"key":"SmokeBomb"},{"floor":35,"key":"Swift Potion"},{"floor":38,"key":"Fire Potion"},{"floor":42,"key":"BloodPotion"},{"floor":45,"key":"Strength Potion"},{"floor":46,"key":"Guardian:BlockOnCardUsePotion"}],"is_trial":false,"path_per_floor":["M","M","?","?","?","E","R","M","T","E","R","M","M","E","R","B",null,"M","$","M","?","$","E","?","R","T","R","E","R","E","M","R","B",null,"M","?","M","M","M","R","E","M","T","E","M","M","M","E","R","B",null],"character_chosen":"IRONCLAD","items_purchased":["Shuriken","Flash of Steel","hubris:MysteriousPyramids","MerchantsRug","construct:FoamFinger"],"campfire_rested":0,"item_purchase_floors":[0,0,0,0,19],"current_hp_per_floor":[78,80,80,80,80,56,56,62,62,52,52,58,62,68,68,58,75,75,75,72,72,72,48,48,48,48,48,48,48,48,48,48,48,72,78,78,78,80,80,80,74,75,75,77,80,80,71,79,79,80],"gold":625,"neow_bonus":"","is_daily":false,"chose_seed":false,"campfire_upgraded":9,"win_rate":0.0,"timestamp":1612745683,"path_taken":["M","M","?","?","?","E","R","M","T","E","R","M","?","E","R","BOSS","M","$","M","?","$","E","?","R","T","R","E","R","E","M","R","BOSS","M","?","M","M","M","R","E","?","T","E","?","M","M","E","R","BOSS"],"items_purchased_type":["Relic","Card","Relic","Relic","Relic"],"build_version":"2020-12-22","purchased_purges":2,"victory":true,"max_hp_per_floor":[80,80,80,80,80,80,80,80,80,80,80,80,80,80,80,80,80,80,80,80,80,80,80,80,80,80,80,80,80,80,80,80,80,80,80,80,80,80,80,80,80,80,80,80,80,80,80,80,80,80],"card_choices":[{"not_picked":["Combust","Body Slam"],"picked":"Clash","floor":1},{"not_picked":["Shrug It Off","Headbutt"],"picked":"Iron Wave","floor":2},{"not_picked":["Evolve","Whirlwind","Sentinel"],"picked":"SKIP","floor":6},{"not_picked":["Reckless Charge","Infernal Blade","Shockwave"],"picked":"SKIP","floor":8},{"not_picked":["Ghostly Armor","Havoc"],"picked":"Dropkick","floor":10},{"not_picked":["Perfected Strike","Intimidate"],"picked":"Cleave","floor":12},{"not_picked":["Shrug It Off","Cleave"],"picked":"Iron Wave","floor":13},{"not_picked":["Second Wind","Shockwave"],"picked":"Thunderclap","floor":14},{"not_picked":["Bludgeon","Impervious"],"picked":"Offering","floor":16},{"not_picked":["Shrug It Off","Pommel Strike","Berserk"],"picked":"SKIP","floor":18},{"not_picked":["Shrug It Off","Pommel Strike"],"picked":"Berserk","floor":18},{"not_picked":["Shockwave","True Grit"],"picked":"hubris:CleavingFinish","floor":20},{"not_picked":["Exhume","Searing Blow+1"],"picked":"Rage","floor":23},{"not_picked":["Disarm","Wild Strike","hubris:CleavingFinish"],"picked":"SKIP","floor":28},{"not_picked":["Clothesline","Uppercut+1"],"picked":"Clash","floor":30},{"not_picked":["Shockwave","Sentinel"],"picked":"Anger","floor":31},{"not_picked":["Ghostly Armor","Pommel Strike+1"],"picked":"Anger+1","floor":35},{"not_picked":["Offering","Wild Strike+1","Iron Wave+1"],"picked":"SKIP","floor":37},{"not_picked":["Warcry","Armaments"],"picked":"Anger","floor":38},{"not_picked":["Cleave","Sword Boomerang"],"picked":"Bloodletting+1","floor":39},{"not_picked":["Pummel+1","Twin Strike+1"],"picked":"Anger","floor":41},{"not_picked":["Entrench","Blood for Blood+1","Thunderclap"],"picked":"SKIP","floor":42},{"not_picked":["Warcry","Heavy Blade+1","Shrug It Off"],"picked":"SKIP","floor":44},{"not_picked":["Havoc","Uppercut"],"picked":"Intimidate","floor":45},{"not_picked":["Pommel Strike+1","Rupture","Whirlwind+1"],"picked":"SKIP","floor":46},{"not_picked":["Burning Pact","Pommel Strike+1","Searing Blow+1"],"picked":"SKIP","floor":47},{"not_picked":["Fiend Fire","Rampage+1"],"picked":"Warcry+1","floor":48}],"player_experience":452527,"relics_obtained":[{"floor":6,"key":"Oddly Smooth Stone"},{"floor":9,"key":"Nunchaku"},{"floor":10,"key":"sneckomod:BlankCard"},{"floor":14,"key":"reliquary:WeakTea"},{"floor":23,"key":"reliquary:BoilingFlask"},{"floor":26,"key":"reliquary:Buckler"},{"floor":28,"key":"reliquary:TuningFork"},{"floor":30,"key":"Paper Frog"},{"floor":41,"key":"Blood Vial"},{"floor":43,"key":"Bag of Marbles"},{"floor":44,"key":"StrikeDummy"},{"floor":48,"key":"reliquary:SharkskinSheath"}],"event_choices":[{"cards_removed":["Defend_R"],"damage_healed":0,"gold_gain":0,"player_choice":"Card Removal","damage_taken":0,"max_hp_gain":0,"max_hp_loss":0,"event_name":"The Cleric","floor":3,"gold_loss":50},{"damage_healed":0,"gold_gain":0,"player_choice":"Gave Potion","damage_taken":0,"relics_obtained":["Ancient Tea Set"],"max_hp_gain":0,"max_hp_loss":0,"event_name":"WeMeetAgain","floor":5,"gold_loss":0},{"cards_removed":["Offering"],"damage_healed":0,"gold_gain":0,"player_choice":"Take \u0026 Give","damage_taken":0,"max_hp_gain":0,"max_hp_loss":0,"event_name":"betterNote:BetterNote","floor":21,"gold_loss":0,"cards_obtained":["Flash of Steel"]},{"damage_healed":0,"gold_gain":0,"player_choice":"Ignored","damage_taken":0,"max_hp_gain":0,"max_hp_loss":0,"event_name":"Vampires","floor":24,"gold_loss":0},{"damage_healed":0,"gold_gain":100,"player_choice":"Pray","damage_taken":0,"max_hp_gain":0,"max_hp_loss":0,"event_name":"Golden Shrine","floor":36,"gold_loss":0}],"is_beta":false,"boss_relics":[{"not_picked":["Ectoplasm","Mark of Pain"],"picked":"reliquary:RedCape"},{"not_picked":["hubris:BlackHole","beaked:MawFillet"],"picked":"construct:WeddingRing"}],"items_purged_floors":[0,19],"is_endless":false,"potions_floor_spawned":[1,8,13,14,31,33,35,38,42,45,46,47],"ascension_level":6}}