{"host":"5ddwedapke4fsx0r","time":1612827118,"event":{"mods":["BaseMod","Downfall","Infinite Spire","Minty Spire (QoL Compilation)","Reliquary","Shade Mod","StSLib","The Clintock","The Construct","The Forsaken","The Gatherer","The Hierophant","The Servant 0.9.4","TheSurvivalist"],"gold_per_floor":[99,114,129,129,129,159,159,159,159],"floor_reached":8,"language":"ENG","playtime":1308,"items_purged":[],"score":54,"play_id":"f3aca71b-d4f3-481c-8115-d1f21178a35b","local_time":"20210209003158","daily_mods":["Heirloom","downfall:Jewelcrafting","Elite Swarm"],"is_ascension_mode":false,"campfire_choices":[],"circlet_count":0,"master_deck":["construct:Strike_Gold","construct:Strike_Gold","construct:Strike_Gold","construct:Strike_Gold","construct:Strike_Gold","construct:Defend_Gold","construct:Defend_Gold","construct:Defend_Gold","construct:Defend_Gold","construct:Defend_Gold","construct:AttackMode","construct:DefenseMode","Guardian:ExploitGems","Guardian:ExploitGems","Guardian:Gem_Purple","Guardian:Gem_Fragmented","construct:Reinforce","construct:Autoturret","CurseOfTheBell","CurseOfTheBell","Regret","construct:Reserves"],"relics":["construct:Cogwheel","Guardian:PickAxe","Mango","downfall:ExtraCursedBell","Tiny Chest","Matryoshka","Guardian:GemstoneGun","reliquary:PrincelyHelmet","reliquary:HotPoker","Omamori","Pen Nib"],"acts_visited":["Exordium"],"potions_floor_usage":[6],"damage_taken":[{"damage":1,"enemies":"Small Slimes","floor":2,"turns":3},{"damage":4,"enemies":"2 Louse","floor":3,"turns":3},{"damage":75,"enemies":"3 Sentries","floor":6,"turns":13},{"damage":25,"enemies":"Gremlin Nob","floor":8,"turns":2}],"seed_played":"-2425098010432476902","potions_obtained":[{"floor":2,"key":"Explosive Potion"}],"is_trial":false,"path_per_floor":["R","M","M","?","?","E","T","E"],"character_chosen":"THE_CONSTRUCT_MOD","items_purchased":[],"campfire_rested":0,"item_purchase_floors":[],"current_hp_per_floor":[99,98,94,94,94,19,19,0,0],"gold":159,"neow_bonus":"","is_daily":true,"chose_seed":false,"campfire_upgraded":0,"win_rate":0.0,"timestamp":1612827118,"path_taken":["R","M","M","?","?","E","T","E"],"items_purchased_type":[],"build_version":"2020-12-22","purchased_purges":0,"victory":false,"max_hp_per_floor":[99,99,99,99,99,99,99,99,99],"card_choices":[{"not_picked":["construct:VentSteam","construct:SyphonStrike"],"picked":"construct:Reinforce","floor":2},{"not_picked":["construct:SyphonStrike","construct:ScrapCannon"],"picked":"construct:Autoturret","floor":3},{"not_picked":["construct:ShiftingStance","construct:ClockworkEgg"],"picked":"construct:Reserves","floor":6}],"player_experience":554219,"relics_obtained":[{"floor":4,"key":"Tiny Chest"},{"floor":4,"key":"Matryoshka"},{"floor":4,"key":"Guardian:GemstoneGun"},{"floor":6,"key":"reliquary:HotPoker"},{"floor":7,"key":"Omamori"},{"floor":7,"key":"Pen Nib"}],"event_choices":[{"damage_healed":0,"gold_gain":0,"player_choice":"Box","damage_taken":0,"relics_obtained":["reliquary:PrincelyHelmet"],"max_hp_gain":0,"max_hp_loss":0,"event_name":"Big Fish","floor":5,"gold_loss":0,"cards_obtained":["Regret"]}],"is_beta":false,"boss_relics":[],"items_purged_floors":[],"is_endless":false,"potions_floor_spawned":[2],"killed_by":"Gremlin Nob","ascension_level":0}}