{"host":"gk9qdtkqd8dwfeg2","time":1612794385,"event":{"mods":["Act Like it!","Aspiration","BaseMod","Colored Powertips","Gensokyo","Minty Spire (QoL Compilation)","Quick Restart","Replay The Spire","Shop Mod","StSLib","TestMod","The Servant 0.9.4","Waifu the Spire","WarShipGirlsR/战舰少女R mod"],"gold_per_floor":[116,116,116,129,1,31,31,65,113,113,146,157,175,175,175,252,252,266,266,286,296,307,341,341,90,90,119,119,119,132,132,132,132,132],"floor_reached":33,"language":"ZHS","playtime":922,"items_purged":["Strike_R","Injury"],"score":611,"play_id":"ee8912f7-3cc3-4225-b78e-5d464a8af8dd","local_time":"20210208222625","is_ascension_mode":true,"campfire_choices":[{"data":"Armaments","floor":7.0,"key":"SMITH"},{"data":"Body Slam","floor":10.0,"key":"SMITH"},{"data":"Distraction","floor":15.0,"key":"SMITH"},{"data":"ReplayReversal","floor":29,"key":"SMITH"},{"floor":32,"key":"REST"}],"circlet_count":0,"master_deck":["AscendersBane","Bash","Glass Knife","Distraction+1","Body Slam+1","Armaments+1","Power Through","Clumsy","Gensokyo:AllTheWorldsEvil","ReplayReversal+1","Burst","Dark Embrace","Defy Death+1","Pot Of Greed","Concentrate","Dagger Spray","Underhanded Strike","Battle Trance","Gensokyo:FourOfAKind","Gensokyo:FourOfAKind","Gensokyo:FourOfAKind","Gensokyo:FourOfAKind"],"relics":["Burning Blood","testmod-TestBox","testmod-RealStoneCalender","NeowsBlessing","Replay:Wax Seal","Ice Cream","aspiration:FrozenJewel","Gensokyo:NagashiBinaDoll","Replay:Rubber Ducky","Membership Card","MerchantsRug","Tiny Chest","Grinning Jar"],"acts_visited":["Exordium","Gensokyo:Gensokyo"],"potions_floor_usage":[],"damage_taken":[{"damage":0.0,"enemies":"Gensokyo:Gryphon","floor":1.0,"turns":1.0},{"damage":0.0,"enemies":"Gensokyo:3_Fairies","floor":4.0,"turns":1.0},{"damage":0.0,"enemies":"Gensokyo:Aya","floor":6.0,"turns":1.0},{"damage":20.0,"enemies":"Gensokyo:Mamizou","floor":8.0,"turns":5.0},{"damage":12.0,"enemies":"Gensokyo:Aya","floor":11.0,"turns":4.0},{"damage":0.0,"enemies":"Gensokyo:2_Kodama","floor":12.0,"turns":3.0},{"damage":0.0,"enemies":"Gensokyo:Gryphon_and_Rabbit","floor":13.0,"turns":4.0},{"damage":10.0,"enemies":"Gensokyo:Reimu","floor":16.0,"turns":7.0},{"damage":14.0,"enemies":"Gensokyo:Chomper","floor":18.0,"turns":3.0},{"damage":0.0,"enemies":"Gensokyo:2_Gloops","floor":20.0,"turns":4.0},{"damage":2.0,"enemies":"Gensokyo:Mirror_and_Dog","floor":21.0,"turns":4.0},{"damage":28.0,"enemies":"Gensokyo:Chomper_and_Gloop","floor":22.0,"turns":6.0},{"damage":23.0,"enemies":"Gensokyo:Reisen","floor":23.0,"turns":5.0},{"damage":22.0,"enemies":"Gensokyo:Koishi","floor":27.0,"turns":7.0},{"damage":19,"enemies":"Gensokyo:Swordslinger","floor":30,"turns":3},{"damage":29,"enemies":"Gensokyo:Kaguya","floor":33,"turns":5}],"seed_played":"-3222729289082901516","potions_obtained":[{"floor":6.0,"key":"FearPotion"},{"floor":11.0,"key":"BlessingOfTheForge"},{"floor":16.0,"key":"LiquidMemories"},{"floor":22.0,"key":"SkillPotion"},{"floor":27.0,"key":"testmod-EscapePotion"}],"is_trial":false,"path_per_floor":["M","?","?","M","$","E","R","E","T","R","E","M","M","?","R","B",null,"M","?","M","M","M","E","?","$","T","E","?","R","M","?","R","B"],"character_chosen":"IRONCLAD","items_purchased":["Armaments","Membership Card","MerchantsRug","Dark Embrace","Defy Death+1"],"campfire_rested":1,"item_purchase_floors":[5,25,25,25,25],"current_hp_per_floor":[74,74,74,75,75,75,75,61,61,61,55,61,67,67,67,63,72,64,68,74,75,53,36,36,36,36,20,20,20,7,7,21,0,0],"gold":132,"neow_bonus":"THREE_ENEMY_KILL","is_daily":false,"chose_seed":false,"campfire_upgraded":4,"win_rate":0.0,"timestamp":1612794385,"path_taken":["M","?","?","?","$","E","R","E","T","R","E","M","M","?","R","BOSS","M","?","M","?","M","E","?","?","T","E","?","R","?","?","R","BOSS"],"items_purchased_type":["Card","Relic","Relic","Card","Card"],"build_version":"2020-12-22","purchased_purges":2,"victory":false,"max_hp_per_floor":[75,75,75,75,75,75,75,75,75,75,75,75,75,75,75,75,75,75,75,75,75,75,75,75,75,75,75,75,75,75,49,49,49,49],"card_choices":[{"not_picked":["Sword Boomerang","Thunderclap"],"picked":"Anger","floor":1.0},{"not_picked":["Havoc","True Grit"],"picked":"Body Slam","floor":4.0},{"not_picked":["True Grit","Clash","Dropkick"],"picked":"SKIP","floor":6.0},{"not_picked":["Fire Breathing","Replay:Undeath\u0027s Touch"],"picked":"Power Through","floor":8.0},{"not_picked":["Havoc","Wild Strike","Heavy Blade"],"picked":"SKIP","floor":11.0},{"not_picked":["True Grit","Pommel Strike","Searing Blow"],"picked":"SKIP","floor":12.0},{"not_picked":["Infernal Blade","Spot Weakness","Flame Barrier"],"picked":"SKIP","floor":13.0},{"not_picked":["Brutality","Hemogenesis"],"picked":"Replay:Many Hands","floor":16.0},{"not_picked":["Headbutt","Clothesline","Cleave"],"picked":"SKIP","floor":18.0},{"not_picked":["Iron Wave","Run Through","Wild Strike"],"picked":"SKIP","floor":20.0},{"not_picked":["Heavy Blade+1","Bludgeon"],"picked":"ReplayReversal","floor":21.0},{"not_picked":["Headbutt","Metallicize","ReplayTheSpireMod:Muscle Training"],"picked":"SKIP","floor":22.0},{"not_picked":["ReplayReversal","Pommel Strike","Blood for Blood"],"picked":"SKIP","floor":23.0},{"not_picked":["Carnage","Replay:Undeath\u0027s Touch","Searing Blow"],"picked":"SKIP","floor":27.0},{"not_picked":["Disarm","Twin Strike+1"],"picked":"Battle Trance","floor":30}],"player_experience":717476,"relics_obtained":[{"floor":6.0,"key":"Replay:Wax Seal"},{"floor":8.0,"key":"Ice Cream"},{"floor":11.0,"key":"aspiration:FrozenJewel"},{"floor":23.0,"key":"Replay:Rubber Ducky"},{"floor":26.0,"key":"Tiny Chest"},{"floor":27.0,"key":"Grinning Jar"}],"event_choices":[{"damage_healed":0.0,"max_hp_gain":0.0,"max_hp_loss":0.0,"gold_gain":0.0,"event_name":"给自己的盒子","player_choice":"Swap Relic","floor":2.0,"relics_lost":["Bottled Flame"],"gold_loss":0.0,"damage_taken":0.0,"relics_obtained":["Bottled Flame"]}],"is_beta":false,"boss_relics":[{"not_picked":["Snecko Heart","Painkiller Herb"],"picked":"Kintsugi"}],"items_purged_floors":[5,25],"is_endless":false,"potions_floor_spawned":[6,11,12,16,21,22,27],"killed_by":"Gensokyo:Kaguya","ascension_level":20}}