{"host":"aapp7ew3jk5k1bvd","time":1612768975,"event":{"mods":["AchievementEnabler","BaseMod","Colored Map","Custom Start","Minty Spire (QoL Compilation)","Permanent Neow","StSLib","SuperFastMode"],"gold_per_floor":[113,113,124,49,63,63,96,96,122,297,33,52,114,143,143,245,245,265,275,127,144,163,198,218,247,247,247,262,137,137,152,152,249,249,261,273,283,297,307,335,345,170,220,45,45,45,45,45,45,45],"floor_reached":51,"language":"KOR","playtime":1098,"items_purged":["Defend_B","Doubt","Dualcast+1","Redo+1","Zap+1"],"score":1079,"play_id":"bf015d63-735c-4b9f-b390-842d85abe998","local_time":"20210208162255","is_ascension_mode":false,"campfire_choices":[{"data":"Redo","floor":6,"key":"SMITH"},{"floor":8,"key":"REST"},{"data":"Panache","floor":15,"key":"SMITH"},{"data":"Gash","floor":30,"key":"SMITH"},{"floor":32,"key":"REST"},{"data":"Gash","floor":45,"key":"SMITH"},{"floor":49,"key":"REST"}],"circlet_count":0,"master_deck":["Panache+1","Gash+1","Gash+1"],"relics":["Unceasing Top"],"acts_visited":["Exordium","TheCity","TheBeyond"],"potions_floor_usage":[],"damage_taken":[{"damage":1,"enemies":"Jaw Worm","floor":1,"turns":3},{"damage":1,"enemies":"Cultist","floor":3,"turns":3},{"damage":0,"enemies":"Small Slimes","floor":5,"turns":2},{"damage":0,"enemies":"3 Sentries","floor":7,"turns":1},{"damage":0,"enemies":"3 Louse","floor":12,"turns":1},{"damage":0,"enemies":"3 Sentries","floor":13,"turns":1},{"damage":0,"enemies":"Lagavulin","floor":14,"turns":1},{"damage":0,"enemies":"The Guardian","floor":16,"turns":2},{"damage":0,"enemies":"3 Byrds","floor":18,"turns":1},{"damage":0,"enemies":"Chosen","floor":19,"turns":1},{"damage":0,"enemies":"Snake Plant","floor":21,"turns":1},{"damage":0,"enemies":"Snecko","floor":22,"turns":1},{"damage":0,"enemies":"Gremlin Leader","floor":23,"turns":1},{"damage":0,"enemies":"Centurion and Healer","floor":24,"turns":1},{"damage":0,"enemies":"Book of Stabbing","floor":25,"turns":1},{"damage":0,"enemies":"Cultist and Chosen","floor":28,"turns":1},{"damage":0,"enemies":"3 Cultists","floor":31,"turns":1},{"damage":0,"enemies":"Champ","floor":33,"turns":1},{"damage":0,"enemies":"3 Darklings","floor":35,"turns":1},{"damage":0,"enemies":"Orb Walker","floor":36,"turns":1},{"damage":0,"enemies":"Writhing Mass","floor":37,"turns":1},{"damage":0,"enemies":"Maw","floor":38,"turns":1},{"damage":0,"enemies":"3 Darklings","floor":39,"turns":1},{"damage":0,"enemies":"Nemesis","floor":40,"turns":1},{"damage":0,"enemies":"Jaw Worm Horde","floor":41,"turns":1},{"damage":0,"enemies":"Donu and Deca","floor":50,"turns":1}],"seed_played":"5831961894937097253","potions_obtained":[{"floor":3,"key":"Ancient Potion"},{"floor":12,"key":"Weak Potion"},{"floor":18,"key":"Regen Potion"},{"floor":21,"key":"AttackPotion"},{"floor":23,"key":"GamblersBrew"}],"is_trial":false,"path_per_floor":["M","?","M","$","M","R","E","R","T","?","$","M","?","E","R","B",null,"M","M","$","M","M","E","M","E","T","?","M","$","R","M","R","B",null,"M","M","M","M","M","E","M","$","T","$","R","$","?","?","R","B",null],"character_chosen":"DEFECT","items_purchased":["Panache","Vajra","Gash"],"campfire_rested":3,"item_purchase_floors":[11,20,42],"current_hp_per_floor":[74,74,73,73,73,73,73,75,75,75,75,75,75,75,75,75,75,75,75,75,75,75,89,89,89,89,89,89,89,89,89,89,89,89,89,89,89,89,89,89,89,89,89,89,89,89,85,85,85,85],"gold":45,"neow_bonus":"THREE_ENEMY_KILL","is_daily":false,"chose_seed":false,"campfire_upgraded":4,"win_rate":0.0,"timestamp":1612768975,"path_taken":["M","?","?","$","M","R","E","R","T","?","$","M","?","E","R","BOSS","M","M","$","M","M","E","M","E","T","?","M","$","R","?","R","BOSS","M","M","M","M","M","E","M","$","T","$","R","$","?","?","R","BOSS"],"items_purchased_type":["Card","Relic","Card"],"build_version":"2020-12-22","purchased_purges":5,"victory":true,"max_hp_per_floor":[75,75,75,75,75,75,75,75,75,75,75,75,75,75,75,75,75,75,75,75,75,75,89,89,89,89,89,89,89,89,89,89,89,89,89,89,89,89,89,89,89,89,89,89,89,89,85,85,85,85],"card_choices":[{"not_picked":["Leap","Force Field"],"picked":"Redo","floor":1},{"not_picked":["Genetic Algorithm","Undo","Go for the Eyes"],"picked":"SKIP","floor":3},{"not_picked":["Compile Driver","Leap","Turbo"],"picked":"SKIP","floor":5},{"not_picked":["Streamline","Capacitor","Ball Lightning"],"picked":"SKIP","floor":7},{"not_picked":["Turbo","Heatsinks","Undo"],"picked":"SKIP","floor":12},{"not_picked":["Redo","Double Energy","Creative AI"],"picked":"SKIP","floor":14},{"not_picked":["Ball Lightning","Coolheaded","Leap"],"picked":"SKIP","floor":18},{"not_picked":["Sweeping Beam","Scrape","Steam"],"picked":"SKIP","floor":19},{"not_picked":["Conserve Battery","Steam Power","Beam Cell"],"picked":"SKIP","floor":21},{"not_picked":["Rip and Tear","Skim","Coolheaded"],"picked":"SKIP","floor":22},{"not_picked":["Steam","Tempest+1","Ball Lightning"],"picked":"SKIP","floor":23},{"not_picked":["Compile Driver","Consume"],"picked":"Gash","floor":24},{"not_picked":["Amplify","Barrage","Hologram"],"picked":"SKIP","floor":25},{"not_picked":["Redo+1","Storm","Self Repair"],"picked":"SKIP","floor":28},{"not_picked":["Compile Driver","Hologram","Coolheaded"],"picked":"SKIP","floor":31},{"not_picked":["Stack","Ball Lightning+1","Go for the Eyes"],"picked":"SKIP","floor":35},{"not_picked":["Ball Lightning","Fusion","Cold Snap+1"],"picked":"SKIP","floor":36},{"not_picked":["Fusion+1","Sunder","Sweeping Beam"],"picked":"SKIP","floor":37},{"not_picked":["Streamline","Rebound+1","Stack"],"picked":"SKIP","floor":38},{"not_picked":["Ball Lightning+1","Thunder Strike","Barrage+1"],"picked":"SKIP","floor":39},{"not_picked":["Self Repair+1","Streamline","Doom and Gloom"],"picked":"SKIP","floor":40},{"not_picked":["Hologram","Streamline+1","Blizzard+1"],"picked":"SKIP","floor":41},{"not_picked":["Hologram","Streamline+1","Blizzard+1"],"picked":"SKIP","floor":41}],"player_experience":1347211,"relics_obtained":[{"floor":7,"key":"Potion Belt"},{"floor":9,"key":"Happy Flower"},{"floor":23,"key":"Mango"}],"event_choices":[{"cards_removed":["Strike_B"],"damage_healed":0,"gold_gain":0,"player_choice":"Purged","damage_taken":0,"max_hp_gain":0,"max_hp_loss":0,"event_name":"Purifier","floor":2,"gold_loss":0},{"damage_healed":0,"gold_gain":175,"player_choice":"AGREE","damage_taken":0,"max_hp_gain":0,"max_hp_loss":0,"event_name":"Liars Game","floor":10,"gold_loss":0,"cards_obtained":["Doubt"]},{"damage_healed":0,"gold_gain":30,"player_choice":"Searched \u00272\u0027 times","damage_taken":0,"max_hp_gain":0,"max_hp_loss":0,"event_name":"Dead Adventurer","floor":13,"gold_loss":0},{"damage_healed":0,"gold_gain":0,"player_choice":"Ignored","damage_taken":0,"max_hp_gain":0,"max_hp_loss":0,"event_name":"WeMeetAgain","floor":27,"gold_loss":0},{"damage_healed":0,"gold_gain":0,"player_choice":"Max HP","damage_taken":0,"max_hp_gain":0,"max_hp_loss":4,"event_name":"Winding Halls","floor":47,"gold_loss":0},{"damage_healed":0,"gold_gain":0,"player_choice":"Memory 1","damage_taken":0,"max_hp_gain":0,"max_hp_loss":0,"event_name":"SensoryStone","floor":48,"gold_loss":0}],"is_beta":false,"boss_relics":[{"not_picked":["Black Star","Cursed Key","Ectoplasm"]},{"not_picked":["Philosopher\u0027s Stone","Coffee Dripper","Calling Bell"]}],"items_purged_floors":[4,11,29,42,44],"is_endless":false,"potions_floor_spawned":[3,12,18,21,23,24,25,35,38,39],"ascension_level":0}}