{"host":"knk89g45d3vzr5fm","time":1612782186,"event":{"mods":["2.2 Compatiblity","BaseMod","Downfall","Minty Spire (QoL Compilation)","Relic Stats","Reliquary","Replay The Spire","StSLib","The Marked"],"gold_per_floor":[99,113,123,123,133,133,133,133,160,160,179,189,215,0,0,25,36,133,133,133,133,152,152,152,152,178,278,289,317,327,362,362,379,394,498,498,498,508,527,527,527,542,542,707,721,754,767,767,767,767],"floor_reached":48,"language":"FRA","playtime":5421,"items_purged":["Clumsy","Slimebound:CheckThePlaybook"],"score":588,"play_id":"6bcddc3e-3cb2-4b4b-af30-b72da4ec9891","local_time":"20210208120306","is_ascension_mode":true,"campfire_choices":[{"data":"bronze:NullPointer","floor":6.0,"key":"SMITH"},{"data":"Pot Of Greed","floor":10.0,"key":"SMITH"},{"data":"bronze:Library","floor":15.0,"key":"SMITH"},{"data":"bronze:TinkerersToolbox","floor":20.0,"key":"SMITH"},{"data":"bronze:Terminator","floor":25.0,"key":"SMITH"},{"floor":32.0,"key":"REST"},{"floor":37,"key":"RECALL"}],"circlet_count":0,"master_deck":["bronze:Replicate","bronze:Goto","Pot Of Greed+1","bronze:GetLatest","bronze:NullPointer+1","Pot Of Greed+1","bronze:Library+1","bronze:Branch","bronze:FindAndReplace+1","bronze:Shell","bronze:Frontload","bronze:DelayedGuard","bronze:TinkerersToolbox+1","bronze:MaxOutput","bronze:CleanCode","bronze:Terminator+1","Pot Of Greed+1","bronze:Branch+1","bronze:AlphaBuild","bronze:BugBarrage","J.A.X.","bronze:BugBarrage+1","bronze:BronzeOrb","bronze:Frontload+1","bronze:Repulsor+1","bronze:Optimize","bronze:SpaghettiCode","Pot Of Greed","bronze:ItsAFeature","expansioncontent:AwakenDeath","bronze:Flail+1","bronze:FineTuning","bronze:Boost"],"relics":["bronze:BronzeCore","Grinning Jar","Replay:Baseball","Pocketwatch","Sundial","Pandora\u0027s Box","reliquary:TatteredRug","Replay:Wax Seal","MutagenicStrength","reliquary:JackalopeAntler","reliquary:QuartzCube","reliquary:WritOfMandamus","ReplayTheSpireMod:TigerMarble"],"acts_visited":["Exordium","TheCity","TheBeyond"],"potions_floor_usage":[35,46],"damage_taken":[{"damage":5.0,"enemies":"Small Slimes","floor":2.0,"turns":5.0},{"damage":0.0,"enemies":"Cultist","floor":3.0,"turns":3.0},{"damage":1.0,"enemies":"Jaw Worm","floor":5.0,"turns":2.0},{"damage":0.0,"enemies":"2 Fungi Beasts","floor":11.0,"turns":4.0},{"damage":0.0,"enemies":"Large Slime","floor":12.0,"turns":6.0},{"damage":9.0,"enemies":"3 Sentries","floor":13.0,"turns":7.0},{"damage":0.0,"enemies":"downfall:FleeingMerchant","floor":14.0,"turns":4.0},{"damage":3.0,"enemies":"Replay:BlueRogue","floor":16.0,"turns":8.0},{"damage":5.0,"enemies":"Exordium Thugs","floor":17.0,"turns":4.0},{"damage":4.0,"enemies":"SI_SHIV_ARCHETYPE","floor":18.0,"turns":10.0},{"damage":10.0,"enemies":"3 Byrds","floor":22.0,"turns":4.0},{"damage":0.0,"enemies":"downfall:Augmenter","floor":27.0,"turns":4.0},{"damage":0.0,"enemies":"Spheric Guardian","floor":28.0,"turns":1.0},{"damage":31.0,"enemies":"Gremlin Leader","floor":29.0,"turns":6.0},{"damage":0.0,"enemies":"Snecko","floor":30.0,"turns":2.0},{"damage":7.0,"enemies":"Slavers","floor":31.0,"turns":4.0},{"damage":0.0,"enemies":"Centurion and Healer","floor":33.0,"turns":5.0},{"damage":3,"enemies":"3 Cultists","floor":34,"turns":4},{"damage":28,"enemies":"IC_MUSHROOM_ARCHETYPE","floor":35,"turns":6},{"damage":9,"enemies":"Orb Walker","floor":38,"turns":2},{"damage":0,"enemies":"3 Darklings","floor":39,"turns":7},{"damage":11,"enemies":"Jaw Worm Horde","floor":42,"turns":6},{"damage":0,"enemies":"downfall:FleeingMerchant","floor":44,"turns":4},{"damage":0,"enemies":"Maw","floor":45,"turns":6},{"damage":77,"enemies":"Nemesis","floor":46,"turns":7},{"damage":10,"enemies":"4 Shapes","floor":47,"turns":14},{"damage":32,"enemies":"Giant Head","floor":48,"turns":5}],"seed_played":"-3446994077540069625","potions_obtained":[{"floor":3.0,"key":"Explosive Potion"},{"floor":12.0,"key":"Guardian:BlockOnCardUsePotion"},{"floor":13.0,"key":"Elixir"},{"floor":17.0,"key":"Strength Potion"},{"floor":34,"key":"sneckomod:MuddlingPotion"},{"floor":35,"key":"SpeedPotion"},{"floor":46,"key":"Explosive Potion"}],"is_trial":false,"path_per_floor":["R","M","M","?","M","R","PTL","PTL","T","R","M","M","E","$","R","E","M","B",null,"R","?","M","T","?","R","T","?","M","E","M","E","R","M","M","B",null,"R","M","M","?","?","M","T","$","M","E","M","E"],"character_chosen":"THE_AUTOMATON","items_purchased":["bronze:Shell","bronze:Frontload","bronze:FineTuning"],"campfire_rested":1,"item_purchase_floors":[14,14,44],"current_hp_per_floor":[70,65,65,65,64,64,64,64,64,64,64,64,55,55,55,52,47,43,70,70,63,53,53,53,53,53,53,53,22,22,15,33,33,30,2,63,63,54,54,54,46,35,35,35,35,20,10,0,0,0],"gold":767,"neow_bonus":"RANDOM_COMMON_RELIC","is_daily":false,"chose_seed":false,"campfire_upgraded":5,"win_rate":0.0,"timestamp":1612782186,"path_taken":["R","M","M","?","M","R","PTL","PTL","T","R","?","M","E","?","R","E","M","BOSS","R","?","M","?","?","R","T","?","M","E","M","E","R","M","M","BOSS","R","M","M","?","?","M","T","$","M","E","M","E"],"items_purchased_type":["Card","Card","Card"],"build_version":"2020-12-22","purchased_purges":2,"victory":false,"max_hp_per_floor":[70,70,70,70,70,70,70,70,70,70,70,70,70,70,70,70,70,70,70,70,63,63,63,63,63,63,63,63,63,63,63,63,63,63,63,63,63,63,63,63,63,63,63,63,63,63,63,63,63,63],"relic_stats":{"counters":[27,140],"Sundial":[26],"Pandora\u0027s Box":["bronze:MaxOutput","bronze:CleanCode","bronze:CutThrough","bronze:Separator","bronze:Terminator"],"obtain_stats":[{"bronze:BronzeCore":0,"reliquary:TatteredRug":23,"reliquary:QuartzCube":31,"reliquary:JackalopeAntler":29,"Replay:Baseball":9,"Sundial":16,"MutagenicStrength":27,"Pandora\u0027s Box":19,"ReplayTheSpireMod:TigerMarble":46,"Grinning Jar":0,"Replay:Wax Seal":26,"reliquary:WritOfMandamus":36,"Pocketwatch":13},{"bronze:BronzeCore":0,"reliquary:TatteredRug":11,"reliquary:QuartzCube":16,"reliquary:JackalopeAntler":14,"Replay:Baseball":3,"Sundial":8,"MutagenicStrength":12,"Pandora\u0027s Box":10,"ReplayTheSpireMod:TigerMarble":25,"Grinning Jar":0,"Replay:Wax Seal":11,"reliquary:WritOfMandamus":19,"Pocketwatch":6},{"bronze:BronzeCore":0,"reliquary:TatteredRug":57,"reliquary:QuartzCube":74,"reliquary:JackalopeAntler":68,"Replay:Baseball":10,"Sundial":39,"MutagenicStrength":61,"Pandora\u0027s Box":53,"ReplayTheSpireMod:TigerMarble":121,"Grinning Jar":0,"Replay:Wax Seal":57,"reliquary:WritOfMandamus":89,"Pocketwatch":27}],"Pocketwatch":[50]},"card_choices":[{"not_picked":["bronze:Constructor","bronze:Deprecate"],"picked":"bronze:GetLatest","floor":2.0},{"not_picked":["bronze:Frontload","bronze:DelayedGuard"],"picked":"bronze:NullPointer","floor":3.0},{"not_picked":["bronze:Deprecate","bronze:BronzeArmor","bronze:OilSpill"],"picked":"SKIP","floor":5.0},{"not_picked":["bronze:Branch","bronze:BuggyMess"],"picked":"bronze:Library","floor":11.0},{"not_picked":["bronze:CutThrough","bronze:Shell"],"picked":"bronze:Branch","floor":12.0},{"not_picked":["bronze:CloningBeam","bronze:Turbo"],"picked":"bronze:FindAndReplace","floor":13.0},{"not_picked":["bronze:Branch","bronze:Invalidate","bronze:Terminator"],"picked":"SKIP","floor":14.0},{"not_picked":["bronze:Turbo","bronze:Frontload","bronze:Library"],"picked":"SKIP","floor":16.0},{"not_picked":["bronze:BuggyMess","bronze:Backtrace"],"picked":"bronze:DelayedGuard","floor":17.0},{"not_picked":["bronze:InfiniteLoop","bronze:Library"],"picked":"bronze:TinkerersToolbox","floor":18.0},{"not_picked":["bronze:MaxOutput","bronze:Invalidate"],"picked":"bronze:Branch+1","floor":22.0},{"not_picked":[],"picked":"J.A.X.","floor":27.0},{"not_picked":["bronze:DelayedGuard","bronze:Frontload"],"picked":"bronze:BugBarrage+1","floor":27.0},{"not_picked":["bronze:FollowUp","bronze:FindAndReplace"],"picked":"bronze:BronzeOrb","floor":28.0},{"not_picked":["bronze:ClassDefault","bronze:Overheat+1"],"picked":"bronze:Frontload+1","floor":29.0},{"not_picked":["bronze:Constructor","bronze:Backtrace","bronze:CloningBeam"],"picked":"SKIP","floor":30.0},{"not_picked":["bronze:Virus","bronze:Safeguard"],"picked":"bronze:Repulsor+1","floor":31.0},{"not_picked":["bronze:Constructor","bronze:Iterate+1"],"picked":"bronze:Optimize","floor":33},{"not_picked":["bronze:DelayedSlice","bronze:Separator+1","bronze:Frontload"],"picked":"SKIP","floor":34},{"not_picked":["bronze:HyperBeam","bronze:Break"],"picked":"bronze:SpaghettiCode","floor":35},{"not_picked":["bronze:Frontload+1","bronze:OilSpill+1","bronze:WhirlingStrike+1"],"picked":"SKIP","floor":38},{"not_picked":["bronze:OilSpill","bronze:Deprecate"],"picked":"bronze:ItsAFeature","floor":39},{"not_picked":["expansioncontent:LastStand","expansioncontent:GuardianWhirl"],"picked":"expansioncontent:AwakenDeath","floor":40},{"not_picked":["bronze:Iterate","bronze:Hardcode"],"picked":"bronze:Flail+1","floor":42},{"not_picked":["bronze:BuggyMess","bronze:OilSpill+1","bronze:Deprecate+1"],"picked":"SKIP","floor":44},{"not_picked":["bronze:DigitalCarnage","bronze:Frontload"],"picked":"bronze:Boost","floor":45},{"not_picked":["bronze:BurnOut","bronze:Turbo","bronze:OilSpill+1"],"picked":"SKIP","floor":46},{"not_picked":["bronze:Turbo","bronze:WildBeam","bronze:BugBarrage"],"picked":"SKIP","floor":47}],"player_experience":2080268,"relics_obtained":[{"floor":9.0,"key":"Replay:Baseball"},{"floor":13.0,"key":"Pocketwatch"},{"floor":16.0,"key":"Sundial"},{"floor":23.0,"key":"reliquary:TatteredRug"},{"floor":26.0,"key":"Replay:Wax Seal"},{"floor":27.0,"key":"MutagenicStrength"},{"floor":29.0,"key":"reliquary:JackalopeAntler"},{"floor":31.0,"key":"reliquary:QuartzCube"},{"floor":46,"key":"ReplayTheSpireMod:TigerMarble"}],"event_choices":[{"damage_healed":0.0,"max_hp_gain":0.0,"max_hp_loss":0.0,"gold_gain":0.0,"event_name":"Ghosts","player_choice":"Ignored","floor":24.0,"gold_loss":0.0,"damage_taken":0.0}],"is_beta":false,"boss_relics":[{"not_picked":["Runic Pyramid","Replay:Bronze Core"],"picked":"Pandora\u0027s Box"},{"not_picked":["Cursed Key","Philosopher\u0027s Stone"],"picked":"reliquary:WritOfMandamus"}],"items_purged_floors":[14,44],"is_endless":false,"potions_floor_spawned":[3,12,13,17,22,28,29,34,35,38,39,45,46],"killed_by":"Giant Head","ascension_level":1}}