{"host":"22ezjknwheybwqtz","time":1612794152,"event":{"mods":["BaseMod","Downfall","Minty Spire (QoL Compilation)","Shop Mod","StSLib","The Necromancer","The Poker Player"],"gold_per_floor":[117,117,129,40,56,56,72,72,72,135,185,212,274,324,324,423,423,436,448,498,498],"floor_reached":20,"language":"ENG","playtime":910,"items_purged":[],"score":176,"play_id":"5f03573b-fd53-4a7e-80ee-84056639018c","local_time":"20210208222232","is_ascension_mode":false,"campfire_choices":[{"data":"Detonate_Bones","floor":6,"key":"SMITH"},{"floor":8,"key":"REST"},{"data":"Blood_for_Blood","floor":15,"key":"SMITH"}],"circlet_count":0,"master_deck":["Strike_W","Strike_W","Strike_W","Strike_W","Defend_W","Defend_W","Defend_W","Defend_W","Negative_Energy_Arrows","Bone_Wall","Bone_Armor","Blood_for_Blood+1","Bone_Armory","Detonate_Bones+1","Thousand_Bone_Knives","Flesh_Made_Foul","Bone_Bullets","Negative_Energy_Arrows","Blood_Whip","Spectral_Walk","Skeleton_Dragon","Summon_Vampire_Lady","Consume_Illness+1","Bone_Armor+1"],"relics":["Vampire_Amulet","NeowsBlessing","SsserpentHead","Meat on the Bone","Torii","Sozu"],"acts_visited":["Exordium","TheCity"],"potions_floor_usage":[12,12,16,20],"damage_taken":[{"damage":0,"enemies":"2 Louse","floor":1,"turns":1},{"damage":0,"enemies":"Cultist","floor":3,"turns":1},{"damage":0,"enemies":"Small Slimes","floor":5,"turns":1},{"damage":65,"enemies":"Gremlin Gang","floor":7,"turns":6},{"damage":11,"enemies":"Looter","floor":10,"turns":4},{"damage":27,"enemies":"3 Sentries","floor":12,"turns":6},{"damage":10,"enemies":"3 Louse","floor":13,"turns":5},{"damage":25,"enemies":"The Guardian","floor":16,"turns":10},{"damage":26,"enemies":"Shell Parasite","floor":18,"turns":9},{"damage":27,"enemies":"Spheric Guardian","floor":19,"turns":5},{"damage":57,"enemies":"Masked Bandits","floor":20,"turns":3}],"seed_played":"-2705556420180947231","potions_obtained":[{"floor":5,"key":"EssenceOfSteel"},{"floor":7,"key":"SteroidPotion"},{"floor":13,"key":"LiquidMemories"},{"floor":16,"key":"LiquidBronze"}],"is_trial":false,"path_per_floor":["M","?","M","$","M","R","M","R","T","M","?","E","M","?","R","B",null,"M","M","?"],"character_chosen":"NECROMANCER","items_purchased":["Bone_Armory","Detonate_Bones"],"campfire_rested":1,"item_purchase_floors":[4,4],"current_hp_per_floor":[75,75,75,75,75,75,18,40,40,43,43,34,42,47,47,36,80,59,46,0,0],"gold":498,"neow_bonus":"THREE_ENEMY_KILL","is_daily":false,"chose_seed":false,"campfire_upgraded":2,"win_rate":0.0,"timestamp":1612794152,"path_taken":["M","?","M","?","M","R","M","R","T","?","?","E","?","?","R","BOSS","M","M","?"],"items_purchased_type":["Card","Card"],"build_version":"2020-12-22","purchased_purges":0,"victory":false,"max_hp_per_floor":[75,75,75,75,75,75,75,75,75,75,75,75,75,80,80,80,80,80,80,80,80],"card_choices":[{"not_picked":["Negative_Energy_Mist","Life_Drain"],"picked":"Bone_Armor","floor":1},{"not_picked":["Bone_Armor","Negative_Energy_Sphere"],"picked":"Blood_for_Blood","floor":3},{"not_picked":["Shackles_Of_Pain","Blood_Curse"],"picked":"Thousand_Bone_Knives","floor":5},{"not_picked":["Pandemic","Bone_Armory"],"picked":"Flesh_Made_Foul","floor":7},{"not_picked":["Bone_Armor","Shackles_Of_Pain"],"picked":"Bone_Bullets","floor":10},{"not_picked":["Negative_Energy_Shield","Shackles_Of_Pain"],"picked":"Spectral_Walk","floor":12},{"not_picked":["Flesh_Made_Foul","Scare"],"picked":"Skeleton_Dragon","floor":13},{"not_picked":["Negative_Energy_Bomb","Blood_Magic"],"picked":"Summon_Vampire_Lady","floor":16},{"not_picked":["Acid_Javelin","Finger_Of_Death"],"picked":"Consume_Illness+1","floor":18},{"not_picked":["Bone_Armory","Blood_for_Blood"],"picked":"Bone_Armor+1","floor":19}],"player_experience":101355,"relics_obtained":[{"floor":9,"key":"Meat on the Bone"},{"floor":12,"key":"Torii"}],"event_choices":[{"damage_healed":0,"gold_gain":0,"player_choice":"Trade","damage_taken":0,"relics_obtained":["SsserpentHead"],"max_hp_gain":0,"max_hp_loss":0,"event_name":"FaceTrader","floor":2,"gold_loss":0},{"damage_healed":0,"gold_gain":0,"player_choice":"2 cards matched","damage_taken":0,"max_hp_gain":0,"max_hp_loss":0,"event_name":"Match and Keep!","floor":11,"gold_loss":0,"cards_obtained":["Negative_Energy_Arrows","Blood_Whip"]},{"damage_healed":0,"gold_gain":0,"player_choice":"Donut","damage_taken":0,"max_hp_gain":5,"max_hp_loss":0,"event_name":"Big Fish","floor":14,"gold_loss":0},{"damage_healed":0,"gold_gain":0,"player_choice":"Fought Bandits","damage_taken":0,"max_hp_gain":0,"max_hp_loss":0,"event_name":"Masked Bandits","floor":20,"gold_loss":0}],"is_beta":false,"boss_relics":[{"not_picked":["Runic Dome","SacredBark"],"picked":"Sozu"}],"items_purged_floors":[],"is_endless":false,"potions_floor_spawned":[5,7,13,16],"killed_by":"Masked Bandits","ascension_level":0}}