{"host":"cfcn10u57yqishn5","time":1612752296,"event":{"mods":["2.2 Compatiblity","BaseMod","Block Reminder","Curses Come First","GifTheSpireLib","Minty Spire (QoL Compilation)","Reliquary","StSLib","The Animator","The Blue Laboratory","The Cursed","The Judge"],"gold_per_floor":[114,132,150,150,167,167,167],"floor_reached":6,"language":"ENG","playtime":736,"items_purged":[],"score":38,"play_id":"0613078e-62a6-46c4-935f-c7f3e2dc9e14","local_time":"20210207214456","is_ascension_mode":false,"campfire_choices":[],"circlet_count":0,"master_deck":["TheCursedMod:Strike_TheCursed","TheCursedMod:Strike_TheCursed","TheCursedMod:Strike_TheCursed","TheCursedMod:Strike_TheCursed","TheCursedMod:Defend_TheCursed","TheCursedMod:Defend_TheCursed","TheCursedMod:Defend_TheCursed","TheCursedMod:Defend_TheCursed","TheCursedMod:CursedWand","TheCursedMod:CleanUpWorkshop","TheCursedMod:Dregs","TheCursedMod:FleshFromBone","TheCursedMod:Obscuration","TheCursedMod:AbyssShockwave"],"relics":["TheCursedMod:BlackMagic101","NeowsBlessing","reliquary:Aerogel"],"acts_visited":["Exordium"],"potions_floor_usage":[6,6],"damage_taken":[{"damage":0,"enemies":"Cultist","floor":1,"turns":1},{"damage":0,"enemies":"Small Slimes","floor":2,"turns":1},{"damage":0,"enemies":"Jaw Worm","floor":3,"turns":1},{"damage":9,"enemies":"2 Fungi Beasts","floor":5,"turns":5},{"damage":51,"enemies":"3 Sentries","floor":6,"turns":12}],"seed_played":"-3254133124909485908","potions_obtained":[{"floor":1,"key":"SkillPotion"},{"floor":2,"key":"Weak Potion"}],"is_trial":false,"path_per_floor":["M","M","M","?","M","E"],"character_chosen":"THE_CURSED","items_purchased":[],"campfire_rested":0,"item_purchase_floors":[],"current_hp_per_floor":[75,75,75,57,48,0,0],"gold":167,"neow_bonus":"THREE_ENEMY_KILL","is_daily":false,"chose_seed":false,"campfire_upgraded":0,"win_rate":0.0,"timestamp":1612752296,"path_taken":["M","?","M","?","M","E"],"items_purchased_type":[],"build_version":"2020-12-22","purchased_purges":0,"victory":false,"max_hp_per_floor":[75,75,75,75,75,75,75],"card_choices":[{"not_picked":["TheCursedMod:PrepareRite","TheCursedMod:EmpowerCircles"],"picked":"TheCursedMod:FleshFromBone","floor":1},{"not_picked":["TheCursedMod:CircleOfAmplification","TheCursedMod:SaltUponWound","TheCursedMod:WearCloak"],"picked":"SKIP","floor":2},{"not_picked":["TheCursedMod:CursedBoomerang","TheCursedMod:SurpriseAttack"],"picked":"TheCursedMod:Obscuration","floor":3},{"not_picked":["TheCursedMod:AshesToAshes","TheCursedMod:Grudge"],"picked":"TheCursedMod:AbyssShockwave","floor":5}],"player_experience":232226,"relics_obtained":[],"event_choices":[{"damage_healed":0,"gold_gain":0,"player_choice":"Success","damage_taken":18,"relics_obtained":["reliquary:Aerogel"],"max_hp_gain":0,"max_hp_loss":0,"event_name":"Scrap Ooze","floor":4,"gold_loss":0}],"is_beta":false,"boss_relics":[],"items_purged_floors":[],"is_endless":false,"potions_floor_spawned":[1,2,3],"killed_by":"3 Sentries","ascension_level":0}}