{"host":"wppa8gky53tnknhf","time":1612780028,"event":{"mods":["AchievementEnabler","Act Like it!","BaseMod","Better Third Choice","BetterRewards","Card Forge","Colored Powertips","Energized Spire","Hubris","Infinite Spire","Marked Mod","Minty Spire (QoL Compilation)","Permanent Neow","Quick Restart","Rare Cards Sparkle","Relic Stats","Reliquary","Remove Card Discount Mod","Replay The Spire","Spikes Relics","Spire Birthday Party","StSLib","Wandering Minibosses"],"gold_per_floor":[111,131,131,146,166,166,197,197,224,256,279,306,318,345,345,443,443,457,472,483,493,510,549,549,549,549,592,792,868,893,928,1260,1272,1272],"floor_reached":33,"language":"ENG","playtime":1262,"items_purged":[],"score":400,"play_id":"44ea3a84-958a-43eb-84ca-2a9c8a7ad429","local_time":"20210208102708","is_ascension_mode":true,"campfire_choices":[{"floor":6.0,"key":"RECALL"},{"floor":8.0,"key":"REST"},{"data":"infinitespire:OneForAll","floor":15.0,"key":"SMITH"},{"floor":25.0,"key":"REST"}],"circlet_count":0,"master_deck":["Strike_R+1","Strike_R+1","Strike_R+1","Strike_R+1","Strike_R+1","Defend_R+1","Defend_R+1","Defend_R+1","Defend_R+1","Bash+1","Berserk+1","Body Slam+1","Shrug It Off+1","Sword Boomerang+1","Rage+1","Twin Strike+1","Clash+1","Cleave+1","infinitespire:OneForAll+1","Demon Form+1","BarbarianYell+1","Metallicize+1","Heavy Blade+1","Infernal Blade+1","Rampage+1","infinitespire:Starlight+1","infinitespire:Starlight+1","infinitespire:Starlight+1","infinitespire:Starlight+1"],"relics":["Burning Blood","Hammer of Thor","Seething Fire","Anvil of the Gods","ReplayFunnel","reliquary:TatteredRug","Blue Doll","Black Star","reliquary:Knoch","CeramicFish","reliquary:RoseTintedGlasses","Bottled Tornado","MawBank"],"acts_visited":["Exordium","TheCity"],"potions_floor_usage":[],"damage_taken":[{"damage":0.0,"enemies":"2 Louse","floor":1.0,"turns":3.0},{"damage":0.0,"enemies":"Cultist","floor":2.0,"turns":3.0},{"damage":0.0,"enemies":"Small Slimes","floor":4.0,"turns":4.0},{"damage":5.0,"enemies":"3 Louse","floor":5.0,"turns":4.0},{"damage":28.0,"enemies":"Gremlin Nob","floor":7.0,"turns":4.0},{"damage":20.0,"enemies":"Lagavulin","floor":10.0,"turns":6.0},{"damage":8.0,"enemies":"Large Slime","floor":11.0,"turns":6.0},{"damage":6.0,"enemies":"3 Sentries","floor":12.0,"turns":7.0},{"damage":2.0,"enemies":"Looter","floor":13.0,"turns":2.0},{"damage":3.0,"enemies":"2 Fungi Beasts","floor":14.0,"turns":4.0},{"damage":24.0,"enemies":"The Guardian","floor":16.0,"turns":10.0},{"damage":19.0,"enemies":"2 Thieves","floor":18.0,"turns":4.0},{"damage":3.0,"enemies":"3 Byrds","floor":19.0,"turns":4.0},{"damage":28.0,"enemies":"Sentry and Sphere","floor":20.0,"turns":7.0},{"damage":13.0,"enemies":"Centurion and Healer","floor":21.0,"turns":6.0},{"damage":11.0,"enemies":"Cultist and Chosen","floor":22.0,"turns":6.0},{"damage":7.0,"enemies":"Slavers","floor":23.0,"turns":5.0},{"damage":11.0,"enemies":"Replay:Snechameleon","floor":27.0,"turns":5.0},{"damage":37.0,"enemies":"Shelled Parasite and Fungi","floor":29.0,"turns":7.0},{"damage":23.0,"enemies":"Gremlin Leader","floor":30.0,"turns":5.0},{"damage":10.0,"enemies":"3 Cultists","floor":31.0,"turns":5.0},{"damage":32,"enemies":"Collector","floor":33,"turns":3}],"seed_played":"-8987864905062179006","potions_obtained":[{"floor":5.0,"key":"DuplicationPotion"},{"floor":7.0,"key":"FearPotion"},{"floor":10.0,"key":"Explosive Potion"},{"floor":11.0,"key":"FearPotion"},{"floor":12.0,"key":"EntropicBrew"},{"floor":18.0,"key":"Fruit Juice"},{"floor":20.0,"key":"Adrenaline Potion"},{"floor":21.0,"key":"Fire Potion"},{"floor":23.0,"key":"Ancient Potion"},{"floor":30.0,"key":"Weak Potion"}],"is_trial":false,"path_per_floor":["M","M","?","M","M","R","E","R","T","E","M","E","M","M","R","B",null,"M","M","M","M","M","E","T","R","T","E","?","M","E","M","R","B"],"character_chosen":"IRONCLAD","items_purchased":[],"campfire_rested":2,"item_purchase_floors":[],"current_hp_per_floor":[80,80,80,80,80,80,58,80,80,66,64,64,68,71,71,53,80,67,75,53,46,41,40,40,65,65,60,60,29,12,8,8,6,6],"gold":1272,"neow_bonus":"THREE_RARE_CARDS","is_daily":false,"chose_seed":false,"campfire_upgraded":1,"win_rate":0.0,"timestamp":1612780028,"path_taken":["M","M","?","M","M","R","E","R","T","E","M","E","M","M","R","BOSS","M","M","M","M","M","E","?","R","T","E","?","M","E","M","R","BOSS"],"items_purchased_type":[],"build_version":"2020-12-22","purchased_purges":0,"victory":false,"max_hp_per_floor":[80,80,80,80,80,80,80,80,80,80,80,80,80,80,80,80,80,80,85,85,85,85,85,85,85,85,85,85,85,85,85,85,85,85],"relic_stats":{"counters":[22,110],"CeramicFish":72,"Black Star":3,"MawBank":36,"obtain_stats":[{"ReplayFunnel":7,"CeramicFish":23,"Blue Doll":12,"Hammer of Thor":0,"reliquary:TatteredRug":10,"Seething Fire":0,"Bottled Tornado":27,"MawBank":30,"Burning Blood":0,"Anvil of the Gods":0,"reliquary:RoseTintedGlasses":24,"Black Star":17,"reliquary:Knoch":23},{"ReplayFunnel":5,"CeramicFish":17,"Blue Doll":8,"Hammer of Thor":0,"reliquary:TatteredRug":6,"Seething Fire":0,"Bottled Tornado":18,"MawBank":20,"Burning Blood":0,"Anvil of the Gods":0,"reliquary:RoseTintedGlasses":17,"Black Star":11,"reliquary:Knoch":17},{"ReplayFunnel":18,"CeramicFish":85,"Blue Doll":37,"Hammer of Thor":0,"reliquary:TatteredRug":24,"Seething Fire":0,"Bottled Tornado":90,"MawBank":102,"Burning Blood":0,"Anvil of the Gods":0,"reliquary:RoseTintedGlasses":85,"Black Star":53,"reliquary:Knoch":85}],"Burning Blood":107},"card_choices":[{"not_picked":["Immolate","Barricade"],"picked":"Berserk","floor":0.0},{"not_picked":["Pommel Strike","True Grit"],"picked":"Body Slam","floor":1.0},{"not_picked":["Rupture","Sword Boomerang"],"picked":"Shrug It Off","floor":2.0},{"not_picked":["ReplayTheSpireMod:Stacked","Havoc"],"picked":"Sword Boomerang","floor":4.0},{"not_picked":["Run Through","Flex","Absolvement"],"picked":"SKIP","floor":5.0},{"not_picked":["True Grit","Shrug It Off"],"picked":"Rage","floor":7.0},{"not_picked":["Demonic Infusion","Feel No Pain"],"picked":"Twin Strike","floor":10.0},{"not_picked":["Warcry","True Grit","Havoc"],"picked":"SKIP","floor":11.0},{"not_picked":["Headbutt","Defy Death"],"picked":"Clash","floor":12.0},{"not_picked":["Ghostly Armor","True Grit"],"picked":"Cleave","floor":13.0},{"not_picked":["Perfected Strike","Run Through"],"picked":"infinitespire:OneForAll","floor":14.0},{"not_picked":["Replay:Many Hands","Eclipse"],"picked":"Demon Form","floor":16.0},{"not_picked":["Run Through","Havoc","Seeing Red"],"picked":"SKIP","floor":18.0},{"not_picked":["Anger","Warcry+1","Hemokinesis"],"picked":"SKIP","floor":19.0},{"not_picked":["Infernal Blade","Inflame+1"],"picked":"BarbarianYell+1","floor":20.0},{"not_picked":["Battle Trance+1","Heavy Blade"],"picked":"Metallicize+1","floor":21.0},{"not_picked":["Dark Embrace","hubris:ReadiedAction","Life Link+1"],"picked":"SKIP","floor":22.0},{"not_picked":["Pommel Strike","Reckless Charge"],"picked":"Heavy Blade","floor":23.0},{"not_picked":["Battle Trance","hubris:CleavingFinish"],"picked":"Infernal Blade","floor":27.0},{"not_picked":["Sword Boomerang","Run Through+1","ReplayTheSpireMod:Muscle Training"],"picked":"SKIP","floor":29.0},{"not_picked":["Pommel Strike","Wild Strike","Flex"],"picked":"SKIP","floor":30.0},{"not_picked":["ReplayTheSpireMod:Muscle Training","Pommel Strike+1"],"picked":"Rampage","floor":31.0}],"player_experience":718331,"relics_obtained":[{"floor":7.0,"key":"ReplayFunnel"},{"floor":10.0,"key":"reliquary:TatteredRug"},{"floor":12.0,"key":"Blue Doll"},{"floor":23.0,"key":"reliquary:Knoch"},{"floor":23.0,"key":"CeramicFish"},{"floor":24.0,"key":"reliquary:RoseTintedGlasses"},{"floor":27.0,"key":"Bottled Tornado"},{"floor":30.0,"key":"MawBank"}],"event_choices":[{"damage_healed":0.0,"max_hp_gain":0.0,"max_hp_loss":0.0,"gold_gain":0.0,"event_name":"NoteForYourself","player_choice":"Ignored","floor":3.0,"gold_loss":0.0,"damage_taken":0.0},{"damage_healed":0.0,"max_hp_gain":0.0,"max_hp_loss":0.0,"gold_gain":250.0,"event_name":"The Joust","player_choice":"Bet on Owner","floor":28.0,"gold_loss":50.0,"damage_taken":0.0},{"damage_healed":0.0,"max_hp_gain":0.0,"max_hp_loss":0.0,"gold_gain":275.0,"event_name":"Golden Shrine","player_choice":"Desecrate","floor":32.0,"gold_loss":0.0,"damage_taken":0.0,"cards_obtained":["Regret"]}],"is_beta":false,"boss_relics":[{"not_picked":["Busted Crown","HailfireSword"],"picked":"Black Star"}],"items_purged_floors":[],"is_endless":false,"potions_floor_spawned":[5,7,10,11,12,18,20,21,23,30],"killed_by":"Collector","ascension_level":1}}