{"host":"0ssbae92yp6998o9","time":1612755566,"event":{"mods":["ATMod(°¢èªMod)","BaseMod","Marisa£¨ìFÓê¡¡Ä§ÀíÉ³£©","Minty Spire (QoL Compilation)","READ ME - Guardian Mod","Shop Mod","Spicy Shops","StSLib","Waifu the Spire"],"gold_per_floor":[111,111,111,129,99,128,128,156,156,6,32,44,44,44,44],"floor_reached":14,"language":"ZHT","playtime":728,"items_purged":["Strike_MRS"],"score":123,"play_id":"2d3242de-d5f3-4bcc-a3a4-2323c3da60b9","local_time":"20210208113926","is_ascension_mode":true,"campfire_choices":[{"data":"AT_EssenceShift","floor":7,"key":"SMITH"},{"data":"OneTimeOff","floor":13,"key":"SMITH"}],"circlet_count":0,"master_deck":["Strike_MRS","Strike_MRS","Strike_MRS","Defend_MRS","Defend_MRS","Defend_MRS","Defend_MRS","MasterSpark","UpSweep","AT_EssenceShift+1","FairyDestructionRay","SprinkleStarSeal","Acceleration","ChargingUp","EscapeVelocity","WitchOfGreed","OneTimeOff+1"],"relics":["MiniHakkero","AT_ATBox","Peace Pipe","Tiny Chest","AT_DeathDance"],"acts_visited":["Exordium"],"potions_floor_usage":[6,8,14],"damage_taken":[{"damage":2.0,"enemies":"2 Louse","floor":1.0,"turns":2.0},{"damage":7,"enemies":"Jaw Worm","floor":4,"turns":3},{"damage":10,"enemies":"Lagavulin","floor":6,"turns":5},{"damage":14,"enemies":"Gremlin Nob","floor":8,"turns":4},{"damage":0,"enemies":"Cultist","floor":11,"turns":4},{"damage":0,"enemies":"2 Fungi Beasts","floor":12,"turns":2},{"damage":36,"enemies":"3 Sentries","floor":14,"turns":5}],"seed_played":"-7487424817474707579","potions_obtained":[{"floor":1.0,"key":"DistilledChaos"},{"floor":5,"key":"Energy Potion"},{"floor":5,"key":"FearPotion"},{"floor":8,"key":"Dexterity Potion"},{"floor":11,"key":"BottledSpark"}],"is_trial":false,"path_per_floor":["M","?","?","M","?","E","R","E","T","$","M","M","R","E"],"character_chosen":"MARISA","items_purchased":["WitchOfGreed"],"campfire_rested":0,"item_purchase_floors":[10],"current_hp_per_floor":[73,73,78,71,71,61,61,47,47,47,47,47,47,11,11],"gold":44,"neow_bonus":"THREE_CARDS","is_daily":false,"chose_seed":false,"campfire_upgraded":2,"win_rate":0.0,"timestamp":1612755566,"path_taken":["M","?","?","M","?","E","R","E","T","$","M","?","R","E"],"items_purchased_type":["Card"],"build_version":"2020-12-22","purchased_purges":1,"victory":false,"max_hp_per_floor":[75,75,80,80,80,80,80,80,80,80,80,80,80,80,80],"card_choices":[{"not_picked":["AsteroidBelt","Acceleration"],"picked":"FairyDestructionRay","floor":0.0},{"not_picked":["EventHorizon","Acceleration"],"picked":"SprinkleStarSeal","floor":1.0},{"not_picked":["DoubleSpark","DarkMatter"],"picked":"Acceleration","floor":4},{"not_picked":["SporeBomb","ChargeUpSpray"],"picked":"ChargingUp","floor":6},{"not_picked":["Acceleration","EnergyFlow"],"picked":"EscapeVelocity","floor":8},{"not_picked":["Orbital","WitchLeyline"],"picked":"OneTimeOff","floor":11},{"not_picked":["ShootingEcho","MysteriousBeam","UnstableBomb"],"picked":"SKIP","floor":12}],"player_experience":258223,"relics_obtained":[{"floor":6,"key":"Peace Pipe"},{"floor":8,"key":"Tiny Chest"},{"floor":9,"key":"AT_DeathDance"}],"event_choices":[{"damage_healed":0.0,"max_hp_gain":0.0,"max_hp_loss":0.0,"gold_gain":0.0,"event_name":"Liars Game","player_choice":"Ignored","floor":2.0,"gold_loss":0.0,"damage_taken":0.0},{"damage_healed":0,"gold_gain":0,"player_choice":"Donut","damage_taken":0,"max_hp_gain":5,"max_hp_loss":0,"event_name":"Big Fish","floor":3,"gold_loss":0},{"damage_healed":0,"gold_gain":0,"player_choice":"Bought 2 Potions","damage_taken":0,"max_hp_gain":0,"max_hp_loss":0,"event_name":"The Woman in Blue","floor":5,"gold_loss":0}],"is_beta":false,"boss_relics":[],"items_purged_floors":[10],"is_endless":false,"potions_floor_spawned":[1,8,11],"killed_by":"3 Sentries","ascension_level":5}}