{"host":"md0dejzd6k70gl1f","time":1612816564,"event":{"mods":["BaseMod","Bestiary","Minty Spire (QoL Compilation)","Quick Restart"],"gold_per_floor":[116,116,133,133,152,186,186,201,201,234,234,77,40,101,101,202,202,221,221,221,48,48,48,58,58,83,83,99,198,198,218,218,218,218],"floor_reached":33,"language":"ENG","playtime":863,"items_purged":["Strike_B","Reprogram+1"],"score":389,"play_id":"2581822f-3f8a-441d-a367-b0a681ae1b59","local_time":"20210208213604","is_ascension_mode":true,"campfire_choices":[{"data":"Sunder","floor":7,"key":"SMITH"},{"floor":11,"key":"REST"},{"data":"Defragment","floor":15,"key":"SMITH"},{"data":"Zap","floor":23,"key":"SMITH"},{"data":"Streamline","floor":25,"key":"SMITH"},{"data":"Dualcast","floor":32,"key":"SMITH"}],"circlet_count":0,"master_deck":["AscendersBane","Defend_B","Defend_B","Defend_B","Defend_B","Zap+1","Dualcast+1","Streamline+1","Tempest","Sunder+1","Steam","Stack+1","Conserve Battery+1","Coolheaded+1","Genetic Algorithm+1","Defragment+1","Biased Cognition+1","Ball Lightning+1","Coolheaded+1","Necronomicurse","Tempest+1","Cold Snap+1","Redo+1","Writhe","Rebound"],"relics":["Cracked Core","Dream Catcher","Juzu Bracelet","Torii","Toxic Egg 2","Boot","Astrolabe","Necronomicon","Potion Belt"],"acts_visited":["Exordium","TheCity"],"potions_floor_usage":[10,33],"damage_taken":[{"damage":9,"enemies":"Jaw Worm","floor":1,"turns":4},{"damage":6,"enemies":"Cultist","floor":3,"turns":3},{"damage":1,"enemies":"Small Slimes","floor":5,"turns":3},{"damage":35,"enemies":"Lagavulin","floor":6,"turns":5},{"damage":12,"enemies":"Looter","floor":8,"turns":3},{"damage":16,"enemies":"Gremlin Nob","floor":10,"turns":3},{"damage":25,"enemies":"Slime Boss","floor":16,"turns":12},{"damage":1,"enemies":"Shell Parasite","floor":18,"turns":5},{"damage":6,"enemies":"3 Byrds","floor":24,"turns":4},{"damage":1,"enemies":"Shelled Parasite and Fungi","floor":28,"turns":5},{"damage":10,"enemies":"3 Cultists","floor":31,"turns":4},{"damage":61,"enemies":"Collector","floor":33,"turns":8}],"seed_played":"8615497522899578359","potions_obtained":[{"floor":5,"key":"Ancient Potion"},{"floor":6,"key":"Explosive Potion"},{"floor":16,"key":"Strength Potion"}],"is_trial":false,"path_per_floor":["M","?","M","?","M","E","R","M","T","E","R","$","$","?","R","B",null,"M","?","?","$","?","R","M","R","T","?","M","?","?","M","R","B"],"character_chosen":"DEFECT","items_purchased":["Coolheaded+1","Genetic Algorithm+1","Defragment","Tempest+1"],"campfire_rested":1,"item_purchase_floors":[12,12,13,21],"current_hp_per_floor":[59,52,46,71,70,35,35,23,23,7,29,29,29,29,29,4,57,56,40,65,65,65,65,59,59,59,59,58,58,58,48,48,0,0],"gold":218,"neow_bonus":"RANDOM_COMMON_RELIC","is_daily":false,"chose_seed":false,"campfire_upgraded":5,"win_rate":0.0,"timestamp":1612816564,"path_taken":["M","?","M","?","M","E","R","M","T","E","R","?","$","?","R","BOSS","M","?","?","$","?","R","M","R","T","?","M","?","?","M","R","BOSS"],"items_purchased_type":["Card","Card","Card","Card"],"build_version":"2020-12-22","purchased_purges":2,"victory":false,"max_hp_per_floor":[75,75,75,75,75,75,75,75,75,75,75,75,75,75,75,75,75,75,75,75,75,75,75,75,75,75,75,75,75,75,75,75,75,75],"card_choices":[{"not_picked":["Rebound","Conserve Battery"],"picked":"Streamline","floor":1},{"not_picked":["Melter","Scrape"],"picked":"Tempest","floor":3},{"not_picked":["Scrape","White Noise"],"picked":"Sunder","floor":5},{"not_picked":["Consume","Compile Driver"],"picked":"Steam","floor":6},{"not_picked":["Compile Driver","Rip and Tear","Skim"],"picked":"SKIP","floor":8},{"not_picked":["Cold Snap","Gash"],"picked":"Stack+1","floor":10},{"not_picked":["Gash","Rip and Tear"],"picked":"Conserve Battery+1","floor":11},{"not_picked":["Multi-Cast+1","Machine Learning"],"picked":"Biased Cognition","floor":16},{"not_picked":["Fusion+1","Cold Snap","Hello World"],"picked":"SKIP","floor":18},{"not_picked":["FTL","Conserve Battery+1"],"picked":"Cold Snap+1","floor":24},{"not_picked":["Stack+1","Beam Cell"],"picked":"Redo+1","floor":28},{"not_picked":["Beam Cell","Barrage+1"],"picked":"Rebound","floor":31}],"player_experience":499648,"relics_obtained":[{"floor":6,"key":"Torii"},{"floor":9,"key":"Toxic Egg 2"},{"floor":10,"key":"Boot"},{"floor":19,"key":"Necronomicon"}],"event_choices":[{"damage_healed":0,"gold_gain":0,"player_choice":"Success","damage_taken":7,"relics_obtained":["Juzu Bracelet"],"max_hp_gain":0,"max_hp_loss":0,"event_name":"Scrap Ooze","floor":2,"gold_loss":0},{"damage_healed":25,"gold_gain":0,"player_choice":"Banana","damage_taken":0,"max_hp_gain":0,"max_hp_loss":0,"event_name":"Big Fish","floor":4,"gold_loss":0},{"damage_healed":0,"gold_gain":61,"player_choice":"Gained Gold","damage_taken":0,"max_hp_gain":0,"max_hp_loss":0,"event_name":"Golden Wing","floor":14,"gold_loss":0},{"damage_healed":0,"gold_gain":0,"player_choice":"Obtained Book","damage_taken":16,"max_hp_gain":0,"max_hp_loss":0,"event_name":"Cursed Tome","floor":19,"gold_loss":0},{"damage_healed":25,"gold_gain":0,"player_choice":"Heal","damage_taken":0,"max_hp_gain":0,"max_hp_loss":0,"event_name":"The Library","floor":20,"gold_loss":0},{"damage_healed":0,"gold_gain":0,"player_choice":"Forge","damage_taken":0,"max_hp_gain":0,"max_hp_loss":0,"event_name":"Accursed Blacksmith","floor":22,"gold_loss":0,"cards_upgraded":["Biased Cognition"]},{"damage_healed":0,"gold_gain":99,"player_choice":"Stole From Cult","damage_taken":0,"max_hp_gain":0,"max_hp_loss":0,"event_name":"Nest","floor":29,"gold_loss":0},{"damage_healed":0,"gold_gain":0,"player_choice":"Opened","damage_taken":0,"relics_obtained":["Potion Belt"],"max_hp_gain":0,"max_hp_loss":0,"event_name":"The Mausoleum","floor":30,"gold_loss":0,"cards_obtained":["Writhe"]}],"is_beta":false,"boss_relics":[{"not_picked":["Empty Cage","Runic Pyramid"],"picked":"Astrolabe"}],"items_purged_floors":[12,21],"is_endless":false,"potions_floor_spawned":[5,6,16,24,28],"killed_by":"Collector","ascension_level":11}}