{"host":"v3qphhcqhwfpabne","time":1612765971,"event":{"mods":["100% Spire Juice","2.2 Compatiblity","BaseMod","CapriCore","KinomotoSakuraMod(ÙÊñýÜâ?)","Koishi","Marisa£¨Ùöéë¡¡Øª×âÞÞ£©","Minty Spire (QoL Compilation)","Permanent Neow","Prisma Mod","StSLib","Td1madao Mod","The Bug Knight","The Cursed","The Immortal","The Runesmith","WarShipGirlsR/??á´Ò³R mod"],"gold_per_floor":[109,119,119,130,4,4,0,13,58,74,85,85,103,103,103,200,200,213,228,245,0,0,25,25,55,79,92,110,110,127,52,52,150,150,167,167,167,157,78,104,114,141,141,141,171,171,183,11,11,11,11,11,11,42,42],"floor_reached":56,"language":"KOR","playtime":2941,"items_purged":["Regret","Koishi:BasicStrike","Koishi:BasicStrike"],"score":1445,"play_id":"fdaea452-01ab-4b45-8696-2bc99c042223","local_time":"20210208153251","is_ascension_mode":true,"campfire_choices":[{"data":"Koishi:VengefulSpirit","floor":6,"key":"SMITH"},{"data":"Koishi:ReleaseOfTheId","floor":12,"key":"SMITH"},{"floor":15,"key":"REST"},{"floor":29,"key":"REST"},{"data":"Koishi:Untouchable","floor":32,"key":"SMITH"},{"floor":44,"key":"REST"},{"data":"Koishi:FormlessExistence","floor":46,"key":"SMITH"},{"floor":49,"key":"RECALL"},{"data":"Koishi:Bloodlust","floor":52,"key":"SMITH"}],"circlet_count":0,"master_deck":["Koishi:BasicDefend","Koishi:BasicDefend","Koishi:BasicDefend","Koishi:BasicDefend","Koishi:Provoke","Koishi:HauntingSlash","Koishi:BramblyRoseGarden","Koishi:SubterraneanRose","Koishi:Bloodlust+1","Koishi:VengefulSpirit+1","Koishi:UnconsciousUprising","Koishi:ReleaseOfTheId+1","Koishi:SubterraneanRose","Koishi:HeartAttack","Koishi:FadingMemory","Koishi:IdleWhim+1","Koishi:UnconsciousUprising","Koishi:UnconsciousUprising","Koishi:MassHysteria","Koishi:Untouchable+1","Koishi:FormlessExistence+1","Purity","Koishi:LastRemote","Koishi:FreudianInstinct","Koishi:Prune+1","Koishi:UnconsciousUprising","Koishi:HeartfeltFancy"],"relics":["Koishi:ImaginaryFriend","PreservedInsect","Runesmith:UraniumAnvil","Toolbox","Juzu Bracelet","Regal Pillow","Koishi:AHoleWhereASisterShouldBe","Koishi:LettersToReimu","Blood Vial","Dream Catcher","HollowMod:PaleOreRelic"],"acts_visited":["Exordium","TheCity","TheBeyond","TheEnding"],"potions_floor_usage":[16,16,25,25,40,40,42,45,55,55],"damage_taken":[{"damage":8,"enemies":"2 Louse","floor":1,"turns":4},{"damage":9,"enemies":"Cultist","floor":2,"turns":6},{"damage":7,"enemies":"Small Slimes","floor":4,"turns":4},{"damage":6,"enemies":"Looter","floor":7,"turns":5},{"damage":6,"enemies":"Large Slime","floor":8,"turns":10},{"damage":7,"enemies":"Blue Slaver","floor":10,"turns":4},{"damage":5,"enemies":"Gremlin Gang","floor":11,"turns":3},{"damage":18,"enemies":"Lots of Slimes","floor":13,"turns":4},{"damage":23,"enemies":"Slime Boss","floor":16,"turns":12},{"damage":25,"enemies":"2 Thieves","floor":18,"turns":4},{"damage":6,"enemies":"Shell Parasite","floor":19,"turns":5},{"damage":1,"enemies":"Snecko","floor":20,"turns":5},{"damage":19,"enemies":"Slavers","floor":23,"turns":4},{"damage":7,"enemies":"Gremlin Leader","floor":25,"turns":3},{"damage":0,"enemies":"3 Cultists","floor":27,"turns":5},{"damage":0,"enemies":"Chosen and Byrds","floor":28,"turns":4},{"damage":1,"enemies":"Snecko","floor":30,"turns":5},{"damage":0,"enemies":"Collector","floor":33,"turns":7},{"damage":1,"enemies":"Orb Walker","floor":35,"turns":4},{"damage":2,"enemies":"Giant Head","floor":40,"turns":9},{"damage":8,"enemies":"3 Darklings","floor":41,"turns":6},{"damage":55,"enemies":"Reptomancer","floor":42,"turns":7},{"damage":0,"enemies":"Nemesis","floor":45,"turns":9},{"damage":4,"enemies":"Writhing Mass","floor":47,"turns":7},{"damage":10,"enemies":"Donu and Deca","floor":50,"turns":8},{"damage":27,"enemies":"Shield and Spear","floor":54,"turns":6},{"damage":0,"enemies":"The Heart","floor":55,"turns":10}],"seed_played":"1884848407707512140","potions_obtained":[{"floor":8,"key":"FearPotion"},{"floor":10,"key":"Strength Potion"},{"floor":16,"key":"FearPotion"},{"floor":20,"key":"ColorlessPotion"},{"floor":23,"key":"BlessingOfTheForge"},{"floor":30,"key":"Energy Potion"},{"floor":33,"key":"SneckoOil"},{"floor":40,"key":"Weak Potion"},{"floor":42,"key":"ColorlessPotion"},{"floor":47,"key":"Swift Potion"},{"floor":54,"key":"LiquidBronze"}],"is_trial":false,"path_per_floor":["M","M","?","M","$","R","M","M","T","M","M","R","M","?","R","B",null,"M","M","M","$","?","E","$","E","T","M","M","R","M","$","R","B",null,"M","?","?","?","$","E","M","E","T","R","E","R","M","$","R","B",null,"R","$","E","B",null],"character_chosen":"KOISHI","items_purchased":["Koishi:UnconsciousUprising","Toolbox","Koishi:Untouchable","Koishi:LastRemote","Koishi:UnconsciousUprising"],"campfire_rested":3,"item_purchase_floors":[5,21,31,39,48],"current_hp_per_floor":[64,57,57,52,52,52,46,43,43,37,32,32,15,15,36,13,72,47,41,40,40,40,21,21,14,14,14,16,52,52,52,52,52,72,71,71,82,82,82,80,72,24,24,63,65,65,63,63,63,55,82,82,82,55,58],"gold":42,"neow_bonus":"TWENTY_PERCENT_HP_BONUS","is_daily":false,"chose_seed":false,"campfire_upgraded":5,"win_rate":0.0,"timestamp":1612765971,"path_taken":["M","M","?","M","$","R","M","?","T","M","M","R","M","?","R","BOSS","M","M","M","$","?","E","$","E","T","M","M","R","M","$","R","BOSS","M","?","?","?","$","E","M","E","T","R","E","R","M","$","R","BOSS","R","$","E","BOSS"],"items_purchased_type":["Card","Relic","Card","Card","Card"],"build_version":"2020-12-22","purchased_purges":3,"victory":true,"max_hp_per_floor":[72,72,72,72,72,72,72,72,72,72,72,72,72,72,72,72,72,72,72,72,72,72,72,72,72,72,72,72,72,72,72,72,72,72,72,72,82,82,82,82,82,82,82,82,82,82,82,82,82,82,82,82,82,82,82],"card_choices":[{"not_picked":["Koishi:Jaunt","Koishi:DanmakuParanoia"],"picked":"Koishi:BramblyRoseGarden","floor":1},{"not_picked":["Koishi:Vanish","Koishi:JumpScare"],"picked":"Koishi:SubterraneanRose","floor":2},{"not_picked":["Koishi:Prune","Koishi:FleetingPhantom"],"picked":"Koishi:VengefulSpirit","floor":4},{"not_picked":["Koishi:Jaunt","Koishi:FleetingPhantom","Koishi:TremblingHands"],"picked":"SKIP","floor":7},{"not_picked":["Koishi:StingingMind","Koishi:Heartbroken"],"picked":"Koishi:ReleaseOfTheId","floor":8},{"not_picked":["Koishi:Prune","Koishi:JumpScare"],"picked":"Koishi:SubterraneanRose","floor":10},{"not_picked":["Koishi:Vanish","Koishi:Jaunt","Koishi:PhantomStrike"],"picked":"SKIP","floor":11},{"not_picked":["Koishi:UnconsciousUprising","Koishi:SubterraneanRose"],"picked":"Koishi:HeartAttack","floor":13},{"not_picked":["Koishi:TerrifyingSpectre","Koishi:SuperEgo"],"picked":"Koishi:FadingMemory","floor":16},{"not_picked":["Koishi:TraumaticStroke","Koishi:FleetingPhantom"],"picked":"Koishi:IdleWhim+1","floor":18},{"not_picked":["Koishi:StingingMind+1","Koishi:PhantomBarrier"],"picked":"Koishi:UnconsciousUprising","floor":19},{"not_picked":["Koishi:Prune+1","Koishi:Possession"],"picked":"Koishi:UnconsciousUprising","floor":20},{"not_picked":["Koishi:DNAsFlaw","Koishi:JumpScare+1","Koishi:CatchAndRose"],"picked":"SKIP","floor":23},{"not_picked":["Koishi:Jaunt","Koishi:PerfectMindControl"],"picked":"Koishi:RollingInRichesHeart","floor":25},{"not_picked":["Koishi:SpiritedAway+1","Koishi:ParalyzingFear","Koishi:Catatonia"],"picked":"SKIP","floor":27},{"not_picked":["Koishi:DanmakuParanoia","Koishi:CatchAndRose"],"picked":"Koishi:MassHysteria","floor":28},{"not_picked":["Koishi:SpiritedAway+1","Koishi:Jaunt+1","Koishi:FourthEye"],"picked":"SKIP","floor":30},{"not_picked":["Koishi:ConditionedTeleport","Koishi:ImGoingToCallYouNow"],"picked":"Koishi:FormlessExistence","floor":33},{"not_picked":["Koishi:JumpScare+1","Koishi:PhantomStrike","Koishi:UnansweredLove+1"],"picked":"SKIP","floor":35},{"not_picked":["Chrysalis","Bandage Up"],"picked":"Purity","floor":36},{"not_picked":["Koishi:RacingHeart+1","Koishi:MindNumbingTerror"],"picked":"Koishi:FreudianInstinct","floor":40},{"not_picked":["Koishi:CatchAndRose+1","Koishi:MindNumbingTerror+1","Koishi:SpiritedAway"],"picked":"SKIP","floor":41},{"not_picked":["Koishi:Jaunt","Koishi:SpiritedAway","Koishi:Prune"],"picked":"SKIP","floor":42},{"not_picked":["Koishi:UnansweredLove+1","Koishi:RoseHell","Koishi:FormlessExistence"],"picked":"SKIP","floor":45},{"not_picked":["Koishi:StingingMind+1","Koishi:BramblyRoseGarden+1"],"picked":"Koishi:Prune+1","floor":47},{"not_picked":["Koishi:ParalyzingFear+1","Koishi:SubconsciousSweep+1"],"picked":"Koishi:HeartfeltFancy","floor":54}],"player_experience":106741,"relics_obtained":[{"floor":9,"key":"PreservedInsect"},{"floor":23,"key":"Juzu Bracelet"},{"floor":25,"key":"Regal Pillow"},{"floor":26,"key":"Koishi:AHoleWhereASisterShouldBe"},{"floor":40,"key":"Koishi:LettersToReimu"},{"floor":42,"key":"Blood Vial"},{"floor":45,"key":"Dream Catcher"},{"floor":54,"key":"HollowMod:PaleOreRelic"}],"event_choices":[{"damage_healed":0,"gold_gain":0,"cards_transformed":["Koishi:BasicStrike"],"player_choice":"Transformed","damage_taken":0,"max_hp_gain":0,"max_hp_loss":0,"event_name":"Transmorgrifier","floor":3,"gold_loss":0,"cards_obtained":["Koishi:Bloodlust"]},{"cards_removed":["Koishi:BasicStrike"],"damage_healed":0,"gold_gain":0,"player_choice":"Forget","damage_taken":0,"max_hp_gain":0,"max_hp_loss":0,"event_name":"Living Wall","floor":14,"gold_loss":0},{"damage_healed":0,"gold_gain":0,"player_choice":"Ignored","damage_taken":0,"max_hp_gain":0,"max_hp_loss":0,"event_name":"Vampires","floor":22,"gold_loss":0},{"damage_healed":0,"gold_gain":0,"player_choice":"Memory 1","damage_taken":0,"max_hp_gain":0,"max_hp_loss":0,"event_name":"SensoryStone","floor":36,"gold_loss":0},{"cards_removed":["Koishi:RollingInRichesHeart"],"damage_healed":1,"gold_gain":0,"player_choice":"Offered Rare","damage_taken":0,"max_hp_gain":10,"max_hp_loss":0,"event_name":"Bonfire Elementals","floor":37,"gold_loss":0}],"is_beta":false,"boss_relics":[{"not_picked":["SlaversCollar","Fusion Hammer"],"picked":"Runesmith:UraniumAnvil"},{"not_picked":["Snecko Eye","Koishi:ColorfulDays","Busted Crown"]}],"items_purged_floors":[5,21,48],"is_endless":false,"potions_floor_spawned":[8,10,16,20,23,30,33,40,42,47,54],"ascension_level":1}}