{"host":"xp27heuvanyklt0b","time":1612787664,"event":{"mods":["100% Spire Juice","BaseMod","CapriCore","Koishi","Lobotomy","Minty Spire (QoL Compilation)","StSLib","The Immortal"],"gold_per_floor":[109,126,126,140,154,189,189,189,189],"floor_reached":8,"language":"KOR","playtime":645,"items_purged":[],"score":58,"play_id":"4a514a47-4546-4895-b8e2-0964f854da61","local_time":"20210208213424","is_ascension_mode":false,"campfire_choices":[{"data":"Slice","floor":7,"key":"SMITH"}],"circlet_count":0,"master_deck":["Strike_G","Strike_G","Strike_G","Strike_G","Strike_G","Defend_G","Defend_G","Defend_G","Defend_G","Defend_G","Survivor","Neutralize","Funeral","HeroicMonk","Deflect","DespairKnight","Slice+1","Underhanded Strike","Backflip"],"relics":["Ring of the Snake","CogitoBucket","Shuriken"],"acts_visited":["Exordium"],"potions_floor_usage":[6],"damage_taken":[{"damage":0,"enemies":"Jaw Worm","floor":1,"turns":8},{"damage":0,"enemies":"Small Slimes","floor":2,"turns":6},{"damage":0,"enemies":"2 Louse","floor":4,"turns":3},{"damage":4,"enemies":"Large Slime","floor":5,"turns":7},{"damage":26,"enemies":"Lagavulin","floor":6,"turns":8},{"damage":46,"enemies":"Gremlin Nob","floor":8,"turns":5}],"seed_played":"7928493009620867655","potions_obtained":[{"floor":4,"key":"Fire Potion"}],"is_trial":false,"path_per_floor":["M","M","?","M","M","E","R","E"],"character_chosen":"THE_SILENT","items_purchased":[],"campfire_rested":0,"item_purchase_floors":[],"current_hp_per_floor":[70,70,70,70,68,44,44,0,0],"gold":189,"neow_bonus":"","is_daily":false,"chose_seed":false,"campfire_upgraded":1,"win_rate":0.0,"timestamp":1612787664,"path_taken":["M","M","?","M","M","E","R","E"],"items_purchased_type":[],"build_version":"2020-12-22","purchased_purges":0,"victory":false,"max_hp_per_floor":[70,70,70,70,70,70,70,70,70],"card_choices":[{"not_picked":["CherryBlossoms","DespairKnight"],"picked":"Funeral","floor":1},{"not_picked":["Flying Knee","Choke"],"picked":"Terror","floor":1},{"not_picked":["DespairKnight","ShyLook"],"picked":"HeroicMonk","floor":2},{"not_picked":["Dodge and Roll","Malaise"],"picked":"Deflect","floor":2},{"not_picked":["Variant","DreamingCurrent"],"picked":"DespairKnight","floor":4},{"not_picked":["Dagger Throw","Underhanded Strike"],"picked":"Slice","floor":4},{"not_picked":["CherryBlossoms","UniverseFragment"],"picked":"BeautyBeast","floor":5},{"not_picked":["Terror","Caltrops"],"picked":"Underhanded Strike","floor":5},{"not_picked":["Bullet Time","Setup"],"picked":"Backflip","floor":6}],"player_experience":181157,"relics_obtained":[{"floor":6,"key":"Shuriken"}],"event_choices":[{"damage_healed":0,"gold_gain":0,"player_choice":"Grow","damage_taken":0,"max_hp_gain":0,"max_hp_loss":0,"event_name":"Living Wall","floor":3,"gold_loss":0,"cards_upgraded":["Terror"]}],"is_beta":false,"boss_relics":[],"items_purged_floors":[],"is_endless":false,"potions_floor_spawned":[4],"killed_by":"Gremlin Nob","ascension_level":0}}