{"host":"tetq3wi5anb97imq","time":1612813014,"event":{"mods":["BaseMod","Block Reminder","Minty Spire (QoL Compilation)","Quick Restart","StSLib","SuperFastMode"],"gold_per_floor":[119,133,133,283,558,593,355,375,375,399,399,442,442,442,442,540,540,563,563,847,881,908,908,908,908,987,1028,1028,1068,1091,1100,1100,1187,1187,1209,1235,555,555,12,12,46,73,100,142,151,175,175,194,194,194,194,194],"floor_reached":51,"language":"ENG","playtime":1220,"items_purged":["Regret","Pain","Regret"],"score":1577,"play_id":"f376f412-298f-4076-8226-0973133f307e","local_time":"20210208173654","is_ascension_mode":true,"campfire_choices":[{"data":"Malaise","floor":11.0,"key":"SMITH"},{"data":"Noxious Fumes","floor":13.0,"key":"SMITH"},{"data":"Dash","floor":15.0,"key":"SMITH"},{"floor":23.0,"key":"REST"},{"data":"Malaise","floor":25.0,"key":"SMITH"},{"data":"Flying Knee","floor":28.0,"key":"SMITH"},{"data":"Die Die Die","floor":32.0,"key":"SMITH"},{"floor":40.0,"key":"RECALL"},{"floor":47.0,"key":"REST"},{"floor":49.0,"key":"REST"}],"circlet_count":0,"master_deck":["AscendersBane","Strike_G+1","Strike_G+1","Strike_G+1","Strike_G+1","Strike_G+1","Defend_G+1","Defend_G+1","Defend_G+1","Defend_G+1","Defend_G+1","Survivor","Neutralize","All Out Attack","Noxious Fumes+1","Doubt","Malaise+1","Dash+1","Bullet Time","Malaise+1","Dodge and Roll","Dodge and Roll","Dagger Throw+1","Flying Knee+1","Dodge and Roll","Die Die Die+1","Corpse Explosion","Dodge and Roll","PiercingWail+1","Adrenaline","Footwork","Sadistic Nature","Dramatic Entrance","Catalyst","PiercingWail","Predator+1","Deadly Poison","Writhe","Sucker Punch+1","Backstab"],"relics":["Ring of the Snake","NeowsBlessing","Bloody Idol","Paper Crane","PreservedInsect","Blue Candle","CeramicFish","SlaversCollar","Mercury Hourglass","Smiling Mask","Bottled Tornado","WarpedTongs","Fusion Hammer","Bottled Lightning","Juzu Bracelet","Anchor","Frozen Egg 2","Regal Pillow"],"acts_visited":["Exordium","TheCity","TheBeyond"],"potions_floor_usage":[],"damage_taken":[{"damage":0.0,"enemies":"Cultist","floor":1.0,"turns":1.0},{"damage":0.0,"enemies":"Small Slimes","floor":2.0,"turns":1.0},{"damage":0.0,"enemies":"3 Sentries","floor":6.0,"turns":1.0},{"damage":0.0,"enemies":"2 Louse","floor":8.0,"turns":3.0},{"damage":4.0,"enemies":"Lots of Slimes","floor":10.0,"turns":3.0},{"damage":14.0,"enemies":"Gremlin Nob","floor":12.0,"turns":4.0},{"damage":5.0,"enemies":"The Guardian","floor":16.0,"turns":9.0},{"damage":1.0,"enemies":"Chosen","floor":18.0,"turns":8.0},{"damage":28.0,"enemies":"3 Byrds","floor":21.0,"turns":6.0},{"damage":9.0,"enemies":"Centurion and Healer","floor":22.0,"turns":8.0},{"damage":4.0,"enemies":"Book of Stabbing","floor":27.0,"turns":6.0},{"damage":4.0,"enemies":"Gremlin Leader","floor":29.0,"turns":6.0},{"damage":16.0,"enemies":"Sentry and Sphere","floor":30.0,"turns":6.0},{"damage":28.0,"enemies":"Collector","floor":33.0,"turns":12.0},{"damage":1.0,"enemies":"3 Shapes","floor":35.0,"turns":4.0},{"damage":23.0,"enemies":"3 Darklings","floor":36.0,"turns":5.0},{"damage":19.0,"enemies":"Nemesis","floor":41.0,"turns":7.0},{"damage":1.0,"enemies":"Writhing Mass","floor":42.0,"turns":6.0},{"damage":36.0,"enemies":"Reptomancer","floor":44.0,"turns":4.0},{"damage":1.0,"enemies":"Transient","floor":46.0,"turns":6.0},{"damage":6.0,"enemies":"Sphere and 2 Shapes","floor":48.0,"turns":4.0},{"damage":46.0,"enemies":"Donu and Deca","floor":50.0,"turns":6.0},{"damage":0,"enemies":"Time Eater","floor":51,"turns":1}],"seed_played":"-992314365469822930","potions_obtained":[{"floor":2.0,"key":"SpeedPotion"},{"floor":6.0,"key":"Ancient Potion"},{"floor":8.0,"key":"PowerPotion"},{"floor":18.0,"key":"Block Potion"},{"floor":22.0,"key":"ColorlessPotion"},{"floor":29.0,"key":"DuplicationPotion"},{"floor":36.0,"key":"Fruit Juice"},{"floor":42.0,"key":"Poison Potion"},{"floor":48.0,"key":"GamblersBrew"}],"is_trial":false,"path_per_floor":["M","M","?","?","?","E","$","M","T","M","R","E","R","?","R","B",null,"M","?","?","M","M","R","?","R","T","E","R","E","M","?","R","B",null,"M","M","$","?","$","R","E","M","T","E","?","M","R","M","R","B","B"],"character_chosen":"THE_SILENT","items_purchased":["PreservedInsect","Adrenaline","Footwork","Bottled Lightning","PowerPotion","Sadistic Nature","Juzu Bracelet","Anchor","Dramatic Entrance","Catalyst"],"campfire_rested":3,"item_purchase_floors":[7,37,37,37,37,37,39,39,39,39],"current_hp_per_floor":[59,59,36,36,36,36,36,36,36,32,32,18,18,18,18,13,53,52,52,52,24,15,34,34,34,39,45,45,51,45,50,50,32,58,66,58,71,71,71,71,62,71,71,45,64,71,71,71,71,25,25,25],"gold":194,"neow_bonus":"THREE_ENEMY_KILL","is_daily":false,"chose_seed":false,"campfire_upgraded":6,"win_rate":0.0,"timestamp":1612813014,"path_taken":["M","M","?","?","?","E","$","M","T","?","R","E","R","?","R","BOSS","M","?","?","?","M","R","?","R","T","E","R","E","M","?","R","BOSS","M","?","$","?","$","R","E","M","T","E","?","M","R","M","R","BOSS","BOSS"],"items_purchased_type":["Relic","Card","Card","Relic","Potion","Card","Relic","Relic","Card","Card"],"build_version":"2020-12-22","purchased_purges":3,"victory":false,"max_hp_per_floor":[66,66,66,66,66,66,66,66,66,66,66,66,66,66,66,66,66,66,66,66,66,66,66,66,66,66,66,66,66,66,66,66,66,66,66,71,71,71,71,71,71,71,71,71,71,71,71,71,71,71,71,71],"card_choices":[{"not_picked":["Dagger Throw","Heel Hook"],"picked":"All Out Attack","floor":1.0},{"not_picked":["Deadly Poison","Deflect"],"picked":"Noxious Fumes","floor":2.0},{"not_picked":["Quick Slash","Finisher"],"picked":"Malaise","floor":6.0},{"not_picked":["Dagger Throw","Skewer"],"picked":"Backstab","floor":8.0},{"not_picked":["Escape Plan","Underhanded Strike"],"picked":"Dash","floor":10.0},{"not_picked":["Poisoned Stab","Underhanded Strike"],"picked":"Bullet Time","floor":12.0},{"not_picked":["Unload","Tools of the Trade"],"picked":"Malaise","floor":16.0},{"not_picked":["Underhanded Strike","Dagger Throw"],"picked":"Dodge and Roll","floor":18.0},{"not_picked":["Quick Slash","Riddle With Holes"],"picked":"Dodge and Roll","floor":21.0},{"not_picked":["Quick Slash","Reflex+1"],"picked":"Dagger Throw+1","floor":22.0},{"not_picked":["Underhanded Strike","Blade Dance"],"picked":"Flying Knee","floor":27.0},{"not_picked":["Expertise+1","Endless Agony"],"picked":"Dodge and Roll","floor":29.0},{"not_picked":["Quick Slash","Poisoned Stab"],"picked":"Die Die Die","floor":30.0},{"not_picked":["Storm of Steel","A Thousand Cuts"],"picked":"Corpse Explosion","floor":33.0},{"not_picked":["Sucker Punch","Flechettes+1"],"picked":"Dodge and Roll","floor":35.0},{"not_picked":["Slice","Backflip"],"picked":"PiercingWail+1","floor":36.0},{"not_picked":["Quick Slash+1","Flying Knee"],"picked":"PiercingWail","floor":41.0},{"not_picked":["Accuracy+1","Dagger Throw"],"picked":"Predator+1","floor":42.0},{"not_picked":["Cloak And Dagger","Choke"],"picked":"Deadly Poison","floor":44.0},{"not_picked":["Underhanded Strike","Glass Knife"],"picked":"Sucker Punch+1","floor":46.0},{"not_picked":["Acrobatics","Flechettes+1"],"picked":"Backstab","floor":48.0}],"player_experience":1650854,"relics_obtained":[{"floor":6.0,"key":"Paper Crane"},{"floor":9.0,"key":"Blue Candle"},{"floor":12.0,"key":"CeramicFish"},{"floor":26.0,"key":"Mercury Hourglass"},{"floor":27.0,"key":"Smiling Mask"},{"floor":29.0,"key":"Bottled Tornado"},{"floor":41.0,"key":"Frozen Egg 2"},{"floor":44.0,"key":"Regal Pillow"}],"event_choices":[{"damage_healed":0.0,"max_hp_gain":0.0,"max_hp_loss":0.0,"gold_gain":0.0,"event_name":"Golden Idol","player_choice":"Take Damage","floor":3.0,"gold_loss":0.0,"damage_taken":23.0,"relics_obtained":["Golden Idol"]},{"damage_healed":0.0,"max_hp_gain":0.0,"max_hp_loss":0.0,"gold_gain":150.0,"event_name":"Liars Game","player_choice":"AGREE","floor":4.0,"gold_loss":0.0,"damage_taken":0.0,"cards_obtained":["Doubt"]},{"damage_healed":0.0,"max_hp_gain":0.0,"max_hp_loss":0.0,"gold_gain":275.0,"event_name":"Golden Shrine","player_choice":"Desecrate","floor":5.0,"gold_loss":0.0,"damage_taken":0.0,"cards_obtained":["Regret"]},{"damage_healed":0.0,"max_hp_gain":0.0,"max_hp_loss":0.0,"gold_gain":0.0,"event_name":"Shining Light","player_choice":"Ignored","floor":14.0,"gold_loss":0.0,"damage_taken":0.0},{"damage_healed":0.0,"max_hp_gain":0.0,"max_hp_loss":0.0,"gold_gain":0.0,"event_name":"Back to Basics","player_choice":"Simplicity","floor":19.0,"gold_loss":0.0,"damage_taken":0.0,"cards_upgraded":["Strike_G","Strike_G","Strike_G","Strike_G","Strike_G","Defend_G","Defend_G","Defend_G","Defend_G","Defend_G"]},{"damage_healed":0.0,"max_hp_gain":0.0,"max_hp_loss":0.0,"gold_gain":275.0,"event_name":"Golden Shrine","player_choice":"Desecrate","floor":20.0,"gold_loss":0.0,"damage_taken":0.0,"cards_obtained":["Regret"]},{"damage_healed":0.0,"max_hp_gain":0.0,"max_hp_loss":0.0,"gold_gain":0.0,"event_name":"Forgotten Altar","player_choice":"Gave Idol","floor":24.0,"relics_lost":["Golden Idol"],"gold_loss":0.0,"damage_taken":0.0,"relics_obtained":["Bloody Idol"]},{"damage_healed":0.0,"max_hp_gain":0.0,"max_hp_loss":0.0,"gold_gain":0.0,"event_name":"Accursed Blacksmith","player_choice":"Rummage","floor":31.0,"gold_loss":0.0,"damage_taken":0.0,"relics_obtained":["WarpedTongs"],"cards_obtained":["Pain"]},{"cards_removed":["Backstab"],"damage_healed":0.0,"max_hp_gain":0.0,"max_hp_loss":0.0,"gold_gain":0.0,"event_name":"Falling","player_choice":"Removed Attack","floor":38.0,"gold_loss":0.0,"damage_taken":0.0},{"damage_healed":14.0,"max_hp_gain":0.0,"max_hp_loss":0.0,"gold_gain":0.0,"event_name":"Winding Halls","player_choice":"Writhe","floor":45.0,"gold_loss":0.0,"damage_taken":0.0,"cards_obtained":["Writhe"]}],"is_beta":false,"boss_relics":[{"not_picked":["Runic Pyramid","Tiny House"],"picked":"SlaversCollar"},{"not_picked":["Empty Cage","Busted Crown"],"picked":"Fusion Hammer"}],"items_purged_floors":[7,37,39],"is_endless":false,"potions_floor_spawned":[2,6,8,12,18,22,29,36,42,48],"killed_by":"Time Eater","ascension_level":20}}