{"host":"04x9isxu4s2lvye3","time":1612749166,"event":{"mods":["BaseMod","Colored Powertips","Highlight Path","Minty Spire (QoL Compilation)"],"gold_per_floor":[113,133,133,153,163,163,197,197,197,217,102,121,140,140,140],"floor_reached":14,"language":"ENG","playtime":601,"items_purged":["Shame"],"score":120,"play_id":"5ad5bd0a-494b-4421-9c01-e18e69dca4fd","local_time":"20210207205246","is_ascension_mode":true,"campfire_choices":[{"data":"Distraction","floor":6,"key":"SMITH"},{"floor":8,"key":"REST"}],"circlet_count":0,"master_deck":["Strike_G","Strike_G","Strike_G","Strike_G","Strike_G","Defend_G","Defend_G","Defend_G","Defend_G","Defend_G","Survivor","Neutralize","Poisoned Stab","Acrobatics","Distraction+1","Prepared","Infinite Blades","Dodge and Roll","Blur","PiercingWail","Deadly Poison"],"relics":["Cursed Key","Shuriken","Ginger","Odd Mushroom"],"acts_visited":["Exordium"],"potions_floor_usage":[7],"damage_taken":[{"damage":1,"enemies":"2 Louse","floor":1,"turns":3},{"damage":0,"enemies":"Small Slimes","floor":2,"turns":3},{"damage":0,"enemies":"Jaw Worm","floor":4,"turns":3},{"damage":13,"enemies":"Large Slime","floor":5,"turns":3},{"damage":29,"enemies":"Gremlin Nob","floor":7,"turns":4},{"damage":15,"enemies":"The Mushroom Lair","floor":10,"turns":5},{"damage":5,"enemies":"2 Fungi Beasts","floor":12,"turns":3},{"damage":14,"enemies":"Exordium Thugs","floor":13,"turns":8},{"damage":4,"enemies":"Lagavulin","floor":14,"turns":5}],"seed_played":"-6813167987033450509","potions_obtained":[{"floor":5,"key":"CunningPotion"},{"floor":10,"key":"FearPotion"},{"floor":12,"key":"Block Potion"}],"is_trial":false,"path_per_floor":["M","M","?","M","M","R","E","R","T","?","$","M","M","E"],"character_chosen":"THE_SILENT","items_purchased":["Blur"],"campfire_rested":1,"item_purchase_floors":[11],"current_hp_per_floor":[62,62,62,62,49,49,20,41,41,26,26,21,7,3,3],"gold":140,"neow_bonus":"BOSS_RELIC","is_daily":false,"chose_seed":false,"campfire_upgraded":1,"win_rate":0.0,"timestamp":1612749166,"path_taken":["M","M","?","M","M","R","E","R","T","?","$","M","M","E"],"items_purchased_type":["Card"],"build_version":"2020-12-22","purchased_purges":1,"victory":false,"max_hp_per_floor":[70,70,70,70,70,70,70,70,70,70,70,70,70,70,70],"card_choices":[{"not_picked":["Slice","Deadly Poison"],"picked":"Poisoned Stab","floor":1},{"not_picked":["Setup","Well Laid Plans"],"picked":"Acrobatics","floor":2},{"not_picked":["Prepared","Deflect"],"picked":"Distraction","floor":4},{"not_picked":["Setup","Choke"],"picked":"Prepared","floor":5},{"not_picked":["Prepared","Backstab"],"picked":"Infinite Blades","floor":7},{"not_picked":["Outmaneuver","Acrobatics"],"picked":"Dodge and Roll","floor":10},{"not_picked":["Blur","Flying Knee"],"picked":"PiercingWail","floor":12},{"not_picked":["Blade Dance","PiercingWail"],"picked":"Deadly Poison","floor":13}],"player_experience":251601,"relics_obtained":[{"floor":7,"key":"Shuriken"},{"floor":9,"key":"Ginger"},{"floor":10,"key":"Odd Mushroom"}],"event_choices":[{"damage_healed":0,"gold_gain":0,"player_choice":"Ignored","damage_taken":0,"max_hp_gain":0,"max_hp_loss":0,"event_name":"Liars Game","floor":3,"gold_loss":0},{"damage_healed":0,"gold_gain":0,"player_choice":"Fought Mushrooms","damage_taken":0,"max_hp_gain":0,"max_hp_loss":0,"event_name":"Mushrooms","floor":10,"gold_loss":0}],"is_beta":false,"boss_relics":[],"items_purged_floors":[11],"is_endless":false,"potions_floor_spawned":[5,10,12],"killed_by":"Lagavulin","ascension_level":6}}