{"host":"m4pe905ae9bldoe7","time":1612790581,"event":{"mods":["BaseMod","Bestiary","Block Reminder","Downfall","Minty Spire (QoL Compilation)","StSLib"],"gold_per_floor":[116,126,126,126,126,126,161,193,205,148,148,166,166,166],"floor_reached":13,"language":"ENG","playtime":246,"items_purged":[],"score":141,"play_id":"87d3a837-6e95-49ce-b822-dabf156cb635","local_time":"20210208142301","is_ascension_mode":true,"campfire_choices":[{"data":"Armaments","floor":6,"key":"SMITH"},{"floor":11,"key":"REST"}],"circlet_count":0,"master_deck":["AscendersBane","Strike_R","Strike_R","Strike_R","Strike_R","Strike_R","Defend_R","Defend_R","Defend_R","Bash","Armaments+1","Perfected Strike","Injury","Spot Weakness","Demon Form"],"relics":["Runic Pyramid","Golden Idol","Vajra","MawBank","Sundial"],"acts_visited":["Exordium"],"potions_floor_usage":[13],"damage_taken":[{"damage":6,"enemies":"Cultist","floor":1,"turns":3},{"damage":10,"enemies":"Small Slimes","floor":2,"turns":4},{"damage":15,"enemies":"Lagavulin","floor":7,"turns":7},{"damage":16,"enemies":"2 Louse","floor":8,"turns":2},{"damage":17,"enemies":"Looter","floor":12,"turns":3},{"damage":20,"enemies":"Gremlin Nob","floor":13,"turns":2}],"seed_played":"4018956985291582806","potions_obtained":[{"floor":2,"key":"Block Potion"},{"floor":8,"key":"SkillPotion"}],"is_trial":false,"path_per_floor":["M","M","?","?","?","R","E","M","T","$","R","M","E"],"character_chosen":"IRONCLAD","items_purchased":["Demon Form"],"campfire_rested":1,"item_purchase_floors":[10],"current_hp_per_floor":[62,52,45,45,45,45,30,14,14,14,36,19,0,0],"gold":166,"neow_bonus":"BOSS_RELIC","is_daily":false,"chose_seed":false,"campfire_upgraded":1,"win_rate":0.0,"timestamp":1612790581,"path_taken":["M","?","?","?","?","R","E","M","T","$","R","M","E"],"items_purchased_type":["Card"],"build_version":"2020-12-22","purchased_purges":0,"victory":false,"max_hp_per_floor":[75,75,75,75,75,75,75,75,75,75,75,75,75,75],"card_choices":[{"not_picked":["Wild Strike","Cleave"],"picked":"Armaments","floor":1},{"not_picked":["Headbutt","Warcry"],"picked":"Perfected Strike","floor":2},{"not_picked":["Armaments","Sword Boomerang","Clash"],"picked":"SKIP","floor":7},{"not_picked":["Corruption","Shrug It Off"],"picked":"Spot Weakness","floor":8},{"not_picked":["Hemokinesis","Anger","Body Slam"],"picked":"SKIP","floor":12}],"player_experience":529049,"relics_obtained":[{"floor":7,"key":"MawBank"},{"floor":9,"key":"Sundial"}],"event_choices":[{"cards_removed":["Defend_R"],"damage_healed":0,"gold_gain":0,"player_choice":"Card Removal","damage_taken":7,"max_hp_gain":0,"max_hp_loss":0,"event_name":"Golden Wing","floor":3,"gold_loss":0},{"damage_healed":0,"gold_gain":0,"player_choice":"Take Wound","damage_taken":0,"relics_obtained":["Golden Idol"],"max_hp_gain":0,"max_hp_loss":0,"event_name":"Golden Idol","floor":4,"gold_loss":0,"cards_obtained":["Injury"]},{"damage_healed":0,"gold_gain":0,"player_choice":"Gave Potion","damage_taken":0,"relics_obtained":["Vajra"],"max_hp_gain":0,"max_hp_loss":0,"event_name":"WeMeetAgain","floor":5,"gold_loss":0}],"is_beta":false,"boss_relics":[],"items_purged_floors":[],"is_endless":false,"potions_floor_spawned":[2,8],"killed_by":"Gremlin Nob","ascension_level":14}}