{"host":"prxrhpgaxnj4om9r","time":1612800344,"event":{"mods":["AchievementEnabler","BaseMod","DeckTracker","Keyboard Shortcuts","Minty Spire (QoL Compilation)"],"gold_per_floor":[118,193,213,225,29,29,62,62,62,97,73,88,105,105,105,201,201,220,231,57,57,31,62,162,188,188,45,45,63,81,113,113,211,211,231,231,231,77,131,131,142,173,196,224,224,240,253,283,283,283],"floor_reached":51,"language":"KOR","playtime":3828,"items_purged":[],"score":926,"play_id":"9eda1a7b-bb9e-4ac7-b95d-53bb9af2eb67","local_time":"20210209010544","is_ascension_mode":true,"campfire_choices":[{"data":"Distraction","floor":6,"key":"SMITH"},{"data":"Footwork","floor":8,"key":"SMITH"},{"floor":15,"key":"REST"},{"floor":28,"key":"REST"},{"data":"Blur","floor":32,"key":"SMITH"},{"data":"Noxious Fumes","floor":40,"key":"SMITH"},{"data":"Poisoned Stab","floor":49,"key":"SMITH"}],"circlet_count":0,"master_deck":["Defend_G","Defend_G","Defend_G","Defend_G","Defend_G","Survivor","Neutralize","Distraction+1","Noxious Fumes+1","Poisoned Stab+1","Footwork+1","Blur+1","Backflip","PiercingWail+1","Deadly Poison","Die Die Die","Dodge and Roll+1","Acrobatics","Bite","Bite","Bite","Bite","Flying Knee","Bullet Time","Dagger Spray","Burst","Concentrate+1","PiercingWail+1","Finisher","Backflip","Cloak And Dagger+1"],"relics":["Ring of the Snake","NeowsBlessing","Sling","Bottled Flame","Mango","Sundial","Busted Crown","Pen Nib","Ancient Tea Set","PreservedInsect","Letter Opener","ClockworkSouvenir","Ice Cream","Runic Pyramid","TwistedFunnel","Peace Pipe","Blood Vial","Smiling Mask","Singing Bowl","StrikeDummy","Akabeko"],"acts_visited":["Exordium","TheCity","TheBeyond"],"potions_floor_usage":[7,7,10,13,23,30,33,33,39,42,50,50],"damage_taken":[{"damage":0,"enemies":"Small Slimes","floor":1,"turns":1},{"damage":0,"enemies":"Cultist","floor":3,"turns":1},{"damage":0,"enemies":"Jaw Worm","floor":4,"turns":1},{"damage":10,"enemies":"Lagavulin","floor":7,"turns":5},{"damage":24,"enemies":"3 Sentries","floor":10,"turns":7},{"damage":3,"enemies":"Blue Slaver","floor":12,"turns":5},{"damage":3,"enemies":"Lots of Slimes","floor":13,"turns":5},{"damage":9,"enemies":"The Guardian","floor":16,"turns":9},{"damage":0,"enemies":"Chosen","floor":18,"turns":6},{"damage":0,"enemies":"3 Byrds","floor":19,"turns":5},{"damage":41,"enemies":"Slavers","floor":23,"turns":7},{"damage":23,"enemies":"Gremlin Leader","floor":25,"turns":8},{"damage":5,"enemies":"Snecko","floor":29,"turns":5},{"damage":0,"enemies":"Cultist and Chosen","floor":30,"turns":5},{"damage":15,"enemies":"Slavers","floor":31,"turns":4},{"damage":33,"enemies":"Collector","floor":33,"turns":9},{"damage":18,"enemies":"3 Shapes","floor":35,"turns":5},{"damage":1,"enemies":"2 Orb Walkers","floor":39,"turns":6},{"damage":1,"enemies":"Orb Walker","floor":41,"turns":3},{"damage":21,"enemies":"Giant Head","floor":42,"turns":7},{"damage":27,"enemies":"Reptomancer","floor":44,"turns":4},{"damage":0,"enemies":"Spire Growth","floor":46,"turns":6},{"damage":0,"enemies":"Maw","floor":47,"turns":8},{"damage":16,"enemies":"Nemesis","floor":48,"turns":7},{"damage":55,"enemies":"Awakened One","floor":50,"turns":16}],"seed_played":"-4846371404173301601","potions_obtained":[{"floor":1,"key":"Weak Potion"},{"floor":4,"key":"Explosive Potion"},{"floor":10,"key":"DistilledChaos"},{"floor":13,"key":"GamblersBrew"},{"floor":25,"key":"Energy Potion"},{"floor":29,"key":"FearPotion"},{"floor":31,"key":"DistilledChaos"},{"floor":33,"key":"DistilledChaos"},{"floor":41,"key":"PowerPotion"},{"floor":42,"key":"CunningPotion"},{"floor":47,"key":"GhostInAJar"}],"is_trial":false,"path_per_floor":["M","?","M","M","$","R","E","R","T","E","$","M","M","?","R","B",null,"M","M","$","?","$","E","?","E","T","$","R","M","M","E","R","B",null,"M","?","?","$","?","R","M","E","T","E","T","M","M","E","R","B",null],"character_chosen":"THE_SILENT","items_purchased":["Sling","Block Potion","Backflip","Pen Nib","Acrobatics","Flying Knee","ClockworkSouvenir","TwistedFunnel"],"campfire_rested":2,"item_purchase_floors":[5,5,11,20,20,22,27,38],"current_hp_per_floor":[70,63,63,63,63,63,53,53,67,43,43,40,37,20,45,36,84,84,84,84,58,58,27,27,18,18,18,35,44,50,43,43,30,58,50,50,50,50,58,58,58,52,52,35,35,47,62,54,54,37],"gold":283,"neow_bonus":"THREE_ENEMY_KILL","is_daily":false,"chose_seed":false,"campfire_upgraded":5,"win_rate":0.0,"timestamp":1612800344,"path_taken":["M","?","?","M","$","R","E","R","T","E","$","?","M","?","R","BOSS","M","M","$","?","?","E","?","E","T","$","R","?","M","E","R","BOSS","M","?","?","$","?","R","M","E","T","E","?","?","M","E","R","BOSS"],"items_purchased_type":["Relic","Potion","Card","Relic","Card","Card","Relic","Relic"],"build_version":"2020-12-22","purchased_purges":0,"victory":true,"max_hp_per_floor":[70,70,70,70,70,70,70,70,84,84,84,84,84,84,84,84,84,84,84,84,58,58,58,58,58,58,58,58,58,58,58,58,58,58,58,58,58,58,58,58,58,58,58,60,60,60,62,64,64,64],"card_choices":[{"not_picked":["Predator","Acrobatics"],"picked":"Distraction","floor":1},{"not_picked":["Underhanded Strike","Dodge and Roll"],"picked":"Noxious Fumes","floor":3},{"not_picked":["Bane","Concentrate"],"picked":"Poisoned Stab","floor":4},{"not_picked":["Dash","Sucker Punch"],"picked":"Footwork","floor":7},{"not_picked":["Outmaneuver","Sucker Punch"],"picked":"Blur","floor":10},{"not_picked":["Backflip","Dodge and Roll"],"picked":"PiercingWail","floor":12},{"not_picked":["Eviscerate","Cloak And Dagger"],"picked":"Deadly Poison","floor":13},{"not_picked":["Glass Knife","Tools of the Trade"],"picked":"Die Die Die","floor":16},{"not_picked":["Footwork"],"picked":"SKIP","floor":18},{"not_picked":[],"picked":"Dodge and Roll+1","floor":19},{"not_picked":["Dagger Spray"],"picked":"SKIP","floor":23},{"not_picked":[],"picked":"Bullet Time","floor":25},{"not_picked":["Flying Knee"],"picked":"SKIP","floor":29},{"not_picked":["Dodge and Roll"],"picked":"SKIP","floor":30},{"not_picked":[],"picked":"Dagger Spray","floor":31},{"not_picked":[],"picked":"Burst","floor":33},{"not_picked":[],"picked":"Concentrate+1","floor":35},{"not_picked":[],"picked":"PiercingWail+1","floor":39},{"not_picked":[],"picked":"Finisher","floor":41},{"not_picked":[],"picked":"Backflip","floor":42},{"not_picked":["Bane"],"picked":"Singing Bowl","floor":44},{"not_picked":[],"picked":"Cloak And Dagger+1","floor":46},{"not_picked":["Dodge and Roll+1"],"picked":"Singing Bowl","floor":47},{"not_picked":["Underhanded Strike"],"picked":"Singing Bowl","floor":48}],"player_experience":323476,"relics_obtained":[{"floor":7,"key":"Bottled Flame"},{"floor":9,"key":"Mango"},{"floor":10,"key":"Sundial"},{"floor":23,"key":"Ancient Tea Set"},{"floor":25,"key":"PreservedInsect"},{"floor":26,"key":"Letter Opener"},{"floor":31,"key":"Ice Cream"},{"floor":39,"key":"Peace Pipe"},{"floor":42,"key":"Blood Vial"},{"floor":43,"key":"Smiling Mask"},{"floor":44,"key":"Singing Bowl"},{"floor":45,"key":"StrikeDummy"},{"floor":48,"key":"Akabeko"}],"event_choices":[{"damage_healed":0,"gold_gain":75,"player_choice":"Touch","damage_taken":7,"max_hp_gain":0,"max_hp_loss":0,"event_name":"FaceTrader","floor":2,"gold_loss":0},{"damage_healed":0,"gold_gain":0,"player_choice":"Entered Light","damage_taken":17,"max_hp_gain":0,"max_hp_loss":0,"event_name":"Shining Light","floor":14,"gold_loss":0,"cards_upgraded":["PiercingWail","Strike_G"]},{"damage_healed":0,"gold_gain":0,"player_choice":"Became a vampire","damage_taken":0,"max_hp_gain":0,"max_hp_loss":26,"event_name":"Vampires","floor":21,"gold_loss":0,"cards_obtained":["Bite","Bite","Bite","Bite","Bite"]},{"damage_healed":0,"gold_gain":100,"player_choice":"Pray","damage_taken":0,"max_hp_gain":0,"max_hp_loss":0,"event_name":"Golden Shrine","floor":24,"gold_loss":0},{"damage_healed":0,"gold_gain":0,"player_choice":"Ignored","damage_taken":0,"max_hp_gain":0,"max_hp_loss":0,"event_name":"Tomb of Lord Red Mask","floor":36,"gold_loss":0},{"cards_removed":["Bite"],"damage_healed":0,"gold_gain":0,"player_choice":"Removed Attack","damage_taken":0,"max_hp_gain":0,"max_hp_loss":0,"event_name":"Falling","floor":37,"gold_loss":0},{"damage_healed":0,"gold_gain":0,"player_choice":"Fight","damage_taken":0,"max_hp_gain":0,"max_hp_loss":0,"event_name":"Mysterious Sphere","floor":39,"gold_loss":0}],"is_beta":false,"boss_relics":[{"not_picked":["SlaversCollar","Runic Dome"],"picked":"Busted Crown"},{"not_picked":["Pandora\u0027s Box","Velvet Choker"],"picked":"Runic Pyramid"}],"items_purged_floors":[],"is_endless":false,"potions_floor_spawned":[1,4,10,13,25,29,31,33,41,42,47],"ascension_level":4}}