{"host":"cmkyc3p4v2g7wnr3","time":1612821550,"event":{"mods":["AchievementEnabler","BaseMod","Better Match","Better Note","BetterRewards","Block Reminder","Colored Map","Colored Powertips","DeckTracker","Gold Saver","Hermit","Hubris","Infinite Spire","Jorbs\u0027s Wanderer Trilogy","Marked Mod","Minty Spire (QoL Compilation)","Potionbrewer","Prisma Mod","Quick Restart","Rare Cards Sparkle","Reliquary","Replay The Spire","Shop Mod","StSLib","Synergy Search","The Administrix","The Animator","The Bug Knight","The Construct","The Cursed","The Disciple","The Hierophant","The Marked","The Mystic","The Runesmith","The Servant 0.9.4","TheBandit"],"gold_per_floor":[2170,2182,2142,2158,1122,1150,1166,1185,1211,1237,1255,1289,1289,817,817,918,918,931,944,962,962,1172,1172,1214,1164,1235,1235,1246,1246,1246,1246,1246,1346,1346,1366,890,907,1461,1476,1476,1504,1523,1547,1547,1563,1563,1578,1603,1603,1603,1603,1603,966,991,991],"floor_reached":56,"language":"ENG","playtime":8878,"items_purged":["animator:Strike","animator:Defend","animator:Strike","animator:Strike"],"score":1361,"play_id":"f50208cf-638a-4597-8471-a0c775dd5def","local_time":"20210208225910","is_ascension_mode":false,"campfire_choices":[{"data":"animator:Vesta","floor":13.0,"key":"SMITH"},{"floor":15.0,"key":"REST"},{"data":"animator:Darkness","floor":23.0,"key":"SMITH"},{"data":"animator:KyokoSakura","floor":27.0,"key":"SMITH"},{"data":"animator:Aqua","floor":30.0,"key":"SMITH"},{"data":"animator:Benimaru","floor":32.0,"key":"SMITH"},{"data":"animator:Envy","floor":40.0,"key":"SMITH"},{"data":"animator:GazelDwargon","floor":46.0,"key":"SMITH"},{"data":"ReplayTheSpireMod:Black Plague","floor":49.0,"key":"SMITH"},{"data":"animator:ElricAlphonse","floor":52.0,"key":"SMITH"}],"circlet_count":0,"master_deck":["animator:Defend","animator:Kazuma","animator:Aqua+1","animator:WinryRockbell","animator:Millim+2","animator:Darkness+1","animator:Shizu","animator:Shizu","animator:Megumin+18","animator:Vesta+1","animator:MaesHughes","animator:Togame","animator:Benimaru+1","animator:ZankiKiguchi","animator:ElricEdward","animator:Greed","animator:RoyMustang+1","animator:Benimaru","animator:Verdia","animator:Elsword","animator:Elsword","animator:KyokoSakura+1","animator:Greed","animator:Envy+1","ReplayTheSpireMod:Black Plague+1","animator:ElricAlphonse+1","animator:GazelDwargon+1","animator:YunYun+1","animator:Darkness","hubris:DuctTapeCard","animator:SuzuneAmano"],"relics":["animator:LivingPicture","animator:TheMissingPiece","NeowsBlessing","MerchantsRug","hubris:DuctTape","hubris:TenFootPole","reliquary:Bookmark","Happy Flower","Centennial Puzzle","reliquary:PartyBalloon","Bottled Tornado","Replay:Wax Seal","Busted Crown","ReplayTheSpireMod:Shallot","Bottled Lightning","animator:CerealBox","Replay:Mystery Machine","reliquary:Firecrackers","animator:HolyGrailRelic","Bag of Preparation","reliquary:ExpiredCoupon","Onion Ring","potionbrewer:Torch","Snack Pack","hubris:BottledRain","Medical Kit","Pet Ghost","Blood Vial"],"acts_visited":["Exordium","TheCity","TheBeyond","TheEnding"],"potions_floor_usage":[55],"damage_taken":[{"damage":0.0,"enemies":"Cultist","floor":1.0,"turns":1.0},{"damage":0.0,"enemies":"2 Louse","floor":2.0,"turns":1.0},{"damage":0.0,"enemies":"Jaw Worm","floor":4.0,"turns":1.0},{"damage":13.0,"enemies":"3 Sentries","floor":6.0,"turns":10.0},{"damage":0.0,"enemies":"Large Slime","floor":7.0,"turns":6.0},{"damage":2.0,"enemies":"2 Fungi Beasts","floor":8.0,"turns":3.0},{"damage":9.0,"enemies":"3 Louse","floor":10.0,"turns":2.0},{"damage":0.0,"enemies":"Lots of Slimes","floor":11.0,"turns":1.0},{"damage":4.0,"enemies":"HollowMod:MossKnight","floor":12.0,"turns":5.0},{"damage":6.0,"enemies":"The Guardian","floor":16.0,"turns":7.0},{"damage":3.0,"enemies":"Shell Parasite","floor":18.0,"turns":5.0},{"damage":3.0,"enemies":"2 Thieves","floor":19.0,"turns":5.0},{"damage":0.0,"enemies":"Snake Plant","floor":20.0,"turns":5.0},{"damage":8.0,"enemies":"Gremlin Leader","floor":24.0,"turns":5.0},{"damage":0.0,"enemies":"Cultist and Chosen","floor":28.0,"turns":5.0},{"damage":7.0,"enemies":"Automaton","floor":33.0,"turns":7.0},{"damage":0.0,"enemies":"3 Darklings","floor":35.0,"turns":5.0},{"damage":4.0,"enemies":"Orb Walker","floor":37.0,"turns":4.0},{"damage":0.0,"enemies":"Jaw Worm Horde","floor":39.0,"turns":3.0},{"damage":0.0,"enemies":"HollowMod:StalkingDevout","floor":41.0,"turns":4.0},{"damage":0.0,"enemies":"Transient","floor":42.0,"turns":5.0},{"damage":0.0,"enemies":"Writhing Mass","floor":45.0,"turns":5.0},{"damage":0.0,"enemies":"4 Shapes","floor":47.0,"turns":2.0},{"damage":4.0,"enemies":"3 Darklings","floor":48.0,"turns":3.0},{"damage":0.0,"enemies":"infinitespire:MassOfShapes","floor":50.0,"turns":10.0},{"damage":0,"enemies":"Shield and Spear","floor":54,"turns":5},{"damage":26,"enemies":"The Heart","floor":55,"turns":10}],"seed_played":"-3327944655573146652","potions_obtained":[{"floor":3.0,"key":"Milkshake"},{"floor":3.0,"key":"EssenceOfSteel"},{"floor":3.0,"key":"Adrenaline Potion"},{"floor":6.0,"key":"Weak Potion"},{"floor":7.0,"key":"PowerPotion"},{"floor":11.0,"key":"LiquidBronze"},{"floor":12.0,"key":"Adrenaline Potion"},{"floor":18.0,"key":"BlessingOfTheForge"},{"floor":20.0,"key":"Regen Potion"},{"floor":28.0,"key":"potionbrewer:CleansingPotion"},{"floor":29.0,"key":"potionbrewer:SplittingPotion"},{"floor":29.0,"key":"SkillPotion"}],"is_trial":false,"path_per_floor":["M","M","?","M","$","E","M","M","T","M","M","E","R","$","R","B",null,"M","M","M","?","$","R","E","?","T","R","M","?","R","?","R","B",null,"M","?","M","$","M","R","E","M","T","T","M","R","M","M","R","B",null,"R","$","E","B",null],"character_chosen":"THE_ANIMATOR","items_purchased":["MerchantsRug","hubris:DuctTape","hubris:TenFootPole","reliquary:Bookmark","animator:Darkness","animator:Shizu","animator:Megumin","Bottled Tornado","Replay:Wax Seal","animator:ElricEdward","ReplayTheSpireMod:Shallot","Bottled Lightning","animator:CerealBox","animator:Elsword","Bag of Preparation","reliquary:ExpiredCoupon","hubris:BottledRain","Medical Kit","Pet Ghost","animator:Darkness"],"campfire_rested":1,"item_purchase_floors":[5,5,5,5,5,5,5,14,14,14,22,22,22,22,38,38,53,53,53,53],"current_hp_per_floor":[66,66,66,66,66,55,57,57,57,50,50,49,49,49,67,63,67,66,64,66,66,66,66,67,67,67,67,67,67,67,67,67,60,75,77,77,78,78,80,80,79,81,81,81,83,83,85,83,83,85,85,85,85,84,69],"gold":991,"neow_bonus":"THREE_ENEMY_KILL","is_daily":false,"chose_seed":false,"campfire_upgraded":9,"win_rate":0.0,"timestamp":1612821550,"path_taken":["M","M","?","M","$","E","?","M","T","M","M","E","R","$","R","BOSS","M","M","M","?","$","R","E","?","T","R","M","?","R","?","R","BOSS","M","?","M","$","M","R","E","M","T","?","M","R","?","M","R","BOSS","R","$","E","BOSS"],"items_purchased_type":["Relic","Relic","Relic","Relic","Card","Card","Card","Relic","Relic","Card","Relic","Relic","Relic","Card","Relic","Relic","Relic","Relic","Relic","Card"],"build_version":"2020-12-22","purchased_purges":4,"victory":true,"max_hp_per_floor":[66,66,66,66,66,66,66,66,66,66,66,67,67,67,67,67,67,67,67,67,67,67,67,67,67,67,67,67,67,67,67,67,67,75,77,77,79,79,81,81,79,81,81,81,83,83,85,87,87,85,85,85,85,84,81],"card_choices":[{"not_picked":["animator:Souei","animator:Vanir"],"picked":"animator:WinryRockbell","floor":1.0},{"not_picked":["animator:Konayuki","animator:Evileye"],"picked":"animator:Millim","floor":2.0},{"not_picked":["animator:Benimaru","animator:KyokoSakura"],"picked":"animator:Millim","floor":4.0},{"not_picked":["animator:Shuna","animator:Shion"],"picked":"animator:Vesta","floor":6.0},{"not_picked":["animator:Demiurge","animator:NarberalGamma"],"picked":"animator:Millim","floor":7.0},{"not_picked":["animator:Verdia","animator:TsurugaMeisai"],"picked":"animator:MaesHughes","floor":8.0},{"not_picked":["animator:MaesHughes","animator:PandorasActor"],"picked":"animator:Togame","floor":10.0},{"not_picked":["animator:Shion","animator:Vesta"],"picked":"animator:Benimaru","floor":11.0},{"not_picked":["animator:Vesta","animator:Evileye"],"picked":"animator:ZankiKiguchi","floor":12.0},{"not_picked":["animator:Father","animator:Envy"],"picked":"animator:Greed","floor":16.0},{"not_picked":[],"picked":"animator:Megumin","floor":18.0},{"not_picked":[],"picked":"animator:RoyMustang+1","floor":19.0},{"not_picked":[],"picked":"animator:Benimaru","floor":20.0},{"not_picked":[],"picked":"animator:KyokoSakura","floor":24.0},{"not_picked":["animator:Evileye"],"picked":"SKIP","floor":28.0},{"not_picked":[],"picked":"animator:Envy","floor":33.0},{"not_picked":["animator:KyokoSakura+1"],"picked":"SKIP","floor":35.0},{"not_picked":["infinitespire:FinalStrike","infinitespire:Menacing"],"picked":"ReplayTheSpireMod:Black Plague","floor":36.0},{"not_picked":[],"picked":"animator:ElricAlphonse","floor":37.0},{"not_picked":["animator:Verdia+1"],"picked":"SKIP","floor":39.0},{"not_picked":["animator:Gluttony"],"picked":"SKIP","floor":41.0},{"not_picked":["animator:Chung"],"picked":"SKIP","floor":42.0},{"not_picked":[],"picked":"animator:GazelDwargon","floor":45.0},{"not_picked":["animator:Ciel"],"picked":"SKIP","floor":47.0},{"not_picked":[],"picked":"animator:YunYun+1","floor":48.0},{"not_picked":[],"picked":"animator:SuzuneAmano","floor":54}],"player_experience":358993,"relics_obtained":[{"floor":6.0,"key":"Happy Flower"},{"floor":9.0,"key":"Centennial Puzzle"},{"floor":12.0,"key":"reliquary:PartyBalloon"},{"floor":24.0,"key":"Replay:Mystery Machine"},{"floor":26.0,"key":"reliquary:Firecrackers"},{"floor":41.0,"key":"Onion Ring"},{"floor":43.0,"key":"potionbrewer:Torch"},{"floor":44.0,"key":"Snack Pack"},{"floor":54,"key":"Blood Vial"}],"event_choices":[{"damage_healed":0.0,"max_hp_gain":0.0,"max_hp_loss":0.0,"gold_gain":0.0,"event_name":"The Woman in Blue","player_choice":"Bought 3 Potions","floor":3.0,"gold_loss":0.0,"damage_taken":0.0},{"damage_healed":0.0,"max_hp_gain":0.0,"max_hp_loss":0.0,"gold_gain":0.0,"cards_transformed":["animator:Defend"],"event_name":"Transmorgrifier","player_choice":"Transformed","floor":21.0,"gold_loss":0.0,"damage_taken":0.0,"cards_obtained":["animator:Verdia"]},{"damage_healed":0.0,"max_hp_gain":0.0,"max_hp_loss":0.0,"gold_gain":0.0,"event_name":"The Joust","player_choice":"Bet on Murderer","floor":25.0,"gold_loss":50.0,"damage_taken":0.0},{"damage_healed":0.0,"max_hp_gain":0.0,"max_hp_loss":0.0,"gold_gain":0.0,"event_name":"Lab","player_choice":"Got Potions","floor":29.0,"gold_loss":0.0,"damage_taken":0.0},{"damage_healed":0.0,"max_hp_gain":0.0,"max_hp_loss":0.0,"gold_gain":0.0,"event_name":"Duplicator","player_choice":"Copied","floor":31.0,"gold_loss":0.0,"damage_taken":0.0,"cards_obtained":["animator:Greed"]}],"is_beta":false,"boss_relics":[{"not_picked":["hubris:VirtuousBlindfold","Cursed Key"],"picked":"Busted Crown"},{"not_picked":["hubris:RunicObelisk","animator:RacePiece"],"picked":"animator:HolyGrailRelic"}],"items_purged_floors":[5,14,22,38],"is_endless":false,"potions_floor_spawned":[6,7,11,12,18,20,28,33,35,41,48],"ascension_level":0}}