{"host":"s24sb66hw4a4sfft","time":1612748234,"event":{"mods":["AchievementEnabler","BaseMod","Colored Map","Colored Powertips","Googly Eyes","Hermit","Hubris","Minty Spire (QoL Compilation)","Quick Restart","Shop Mod","StSLib","The Poker Player"],"gold_per_floor":[110,110,37,37,54,54,80,80,80,99,99,127,147,174,174,269,269,281,55,55,67,67,42,42,15,15,15,41,41,41,55,55,160,160,172,192,192,242,242,242,227,20,47,47,347,381,381,381,381,381],"floor_reached":51,"language":"ENG","playtime":2998,"items_purged":["Regret","Strike_R"],"score":844,"play_id":"6d1ecf84-99c8-4367-833c-f72cf1b7c31c","local_time":"20210207203714","is_ascension_mode":true,"campfire_choices":[{"data":"Inflame","floor":6,"key":"SMITH"},{"data":"Twin Strike","floor":8,"key":"SMITH"},{"data":"Bash","floor":11,"key":"SMITH"},{"floor":15,"key":"REST"},{"floor":24,"key":"REST"},{"floor":27,"key":"REST"},{"floor":30,"key":"REST"},{"floor":32,"key":"REST"},{"data":"Madness","floor":40,"key":"SMITH"},{"data":"Apotheosis","floor":47,"key":"SMITH"},{"floor":49,"key":"REST"}],"circlet_count":0,"master_deck":["Strike_R","Strike_R","Strike_R","Strike_R","Defend_R","Defend_R","Defend_R","Defend_R","Bash+1","hubris:SharpeningStone+1","Inflame+1","Twin Strike+1","Flex+1","Shrug It Off+1","Cleave+1","hubris:StunningStrike","Clash+1","Madness+1","Madness","Impervious","Apotheosis+1","Seeing Red+1"],"relics":["Black Blood","NeowsBlessing","Orichalcum","hubris:SlimyHat","Centennial Puzzle","Blood Vial","Pear","hubris:HerbalPaste","hubris:Icosahedron","White Beast Statue","Red Skull","Dead Branch","hubris:GrandSneckoEye","Charon\u0027s Ashes","Juzu Bracelet","Membership Card","Oddly Smooth Stone","Mummified Hand"],"acts_visited":["Exordium","TheCity","TheBeyond"],"potions_floor_usage":[12,16,33,33,33,41,46,46,50,50],"damage_taken":[{"damage":0,"enemies":"Small Slimes","floor":1,"turns":1},{"damage":0,"enemies":"2 Louse","floor":5,"turns":1},{"damage":0,"enemies":"Lagavulin","floor":7,"turns":1},{"damage":4,"enemies":"Cultist","floor":10,"turns":4},{"damage":12,"enemies":"Gremlin Nob","floor":12,"turns":4},{"damage":11,"enemies":"Blue Slaver","floor":13,"turns":3},{"damage":15,"enemies":"3 Sentries","floor":14,"turns":7},{"damage":61,"enemies":"The Guardian","floor":16,"turns":15},{"damage":19,"enemies":"Shell Parasite","floor":18,"turns":4},{"damage":22,"enemies":"3 Byrds","floor":21,"turns":6},{"damage":98,"enemies":"Slavers","floor":23,"turns":9},{"damage":15,"enemies":"Snake Plant","floor":25,"turns":2},{"damage":75,"enemies":"Book of Stabbing","floor":28,"turns":7},{"damage":23,"enemies":"Shelled Parasite and Fungi","floor":31,"turns":4},{"damage":16,"enemies":"hubris:MusketHawk","floor":33,"turns":6},{"damage":38,"enemies":"3 Darklings","floor":35,"turns":5},{"damage":0,"enemies":"3 Shapes","floor":36,"turns":3},{"damage":18,"enemies":"Mind Bloom Boss Battle","floor":38,"turns":6},{"damage":63,"enemies":"Giant Head","floor":41,"turns":7},{"damage":3,"enemies":"Reptomancer","floor":46,"turns":4},{"damage":48,"enemies":"hubris:GrandSnecko","floor":50,"turns":12}],"seed_played":"5263497220236885646","potions_obtained":[{"floor":5,"key":"FairyPotion"},{"floor":10,"key":"Weak Potion"},{"floor":12,"key":"FearPotion"},{"floor":14,"key":"SkillPotion"},{"floor":25,"key":"LiquidMemories"},{"floor":28,"key":"Strength Potion"},{"floor":41,"key":"AttackPotion"},{"floor":46,"key":"Swift Potion"}],"is_trial":false,"path_per_floor":["M","?","$","?","M","R","E","R","T","M","R","E","M","E","R","B",null,"M","$","?","M","?","E","R","M","T","R","E","$","R","M","R","B",null,"M","M","?","?","?","R","E","$","T","?","?","E","R","?","R","B",null],"character_chosen":"IRONCLAD","items_purchased":["Inflame","hubris:HerbalPaste","Membership Card"],"campfire_rested":6,"item_purchase_floors":[3,19,42],"current_hp_per_floor":[80,80,80,80,80,80,80,80,80,80,80,74,71,74,90,35,90,83,83,83,81,81,31,58,60,60,87,30,30,57,54,81,89,90,65,84,73,78,78,78,35,35,35,35,35,70,70,70,93,76],"gold":381,"neow_bonus":"THREE_ENEMY_KILL","is_daily":false,"chose_seed":false,"campfire_upgraded":5,"win_rate":0.0,"timestamp":1612748234,"path_taken":["M","?","$","?","M","R","E","R","T","M","R","E","M","E","R","BOSS","M","$","?","?","?","E","R","M","T","R","E","?","R","M","R","BOSS","M","M","?","?","?","R","E","$","T","?","?","E","R","?","R","BOSS"],"items_purchased_type":["Card","Relic","Relic"],"build_version":"2020-12-22","purchased_purges":2,"victory":true,"max_hp_per_floor":[80,80,80,80,80,80,80,80,80,80,80,80,80,90,90,90,90,90,90,90,90,90,90,90,90,90,90,90,90,90,90,90,90,90,90,90,90,93,93,93,93,93,93,93,93,93,93,93,93,93],"card_choices":[{"not_picked":["Body Slam","Anger"],"picked":"hubris:SharpeningStone","floor":1},{"not_picked":["Rage","Armaments","Metallicize"],"picked":"SKIP","floor":5},{"not_picked":["hubris:ReadiedAction","Barricade"],"picked":"Twin Strike","floor":7},{"not_picked":["Combust","Sword Boomerang","Clothesline"],"picked":"SKIP","floor":10},{"not_picked":["Clothesline","Cleave"],"picked":"Flex","floor":12},{"not_picked":["Iron Wave","Twin Strike","hubris:ReadiedAction"],"picked":"SKIP","floor":13},{"not_picked":["Entrench","Second Wind","Corruption"],"picked":"SKIP","floor":14},{"not_picked":["Headbutt","Power Through+1","Havoc"],"picked":"SKIP","floor":18},{"not_picked":["Infernal Blade","Iron Wave"],"picked":"Shrug It Off+1","floor":21},{"not_picked":["Thunderclap","Evolve"],"picked":"Clash","floor":23},{"not_picked":["Shrug It Off","Perfected Strike","hubris:ReadiedAction"],"picked":"SKIP","floor":25},{"not_picked":["Rage+1","Spot Weakness"],"picked":"Cleave+1","floor":28},{"not_picked":["Infernal Blade","Shrug It Off","Intimidate"],"picked":"SKIP","floor":31},{"not_picked":["Reaper","Bludgeon"],"picked":"hubris:StunningStrike","floor":33},{"not_picked":["Feel No Pain","Cleave"],"picked":"Clash+1","floor":35},{"not_picked":["Fire Breathing","hubris:ReadiedAction","Armaments+1"],"picked":"SKIP","floor":36},{"not_picked":["Iron Wave","Headbutt"],"picked":"Impervious","floor":41},{"not_picked":["Jack Of All Trades","Swift Strike"],"picked":"Apotheosis","floor":44},{"not_picked":["Bloodletting+1","Hemokinesis"],"picked":"Seeing Red+1","floor":46}],"player_experience":585263,"relics_obtained":[{"floor":7,"key":"hubris:SlimyHat"},{"floor":9,"key":"Centennial Puzzle"},{"floor":12,"key":"Blood Vial"},{"floor":14,"key":"Pear"},{"floor":23,"key":"White Beast Statue"},{"floor":26,"key":"Red Skull"},{"floor":28,"key":"Dead Branch"},{"floor":38,"key":"Charon\u0027s Ashes"},{"floor":41,"key":"Juzu Bracelet"},{"floor":43,"key":"Oddly Smooth Stone"},{"floor":46,"key":"Mummified Hand"}],"event_choices":[{"damage_healed":0,"gold_gain":0,"player_choice":"Box","damage_taken":0,"relics_obtained":["Orichalcum"],"max_hp_gain":0,"max_hp_loss":0,"event_name":"Big Fish","floor":4,"gold_loss":0,"cards_obtained":["Regret"]},{"damage_healed":0,"gold_gain":0,"player_choice":"Upgraded","damage_taken":0,"max_hp_gain":0,"max_hp_loss":0,"event_name":"Upgrade Shrine","floor":20,"gold_loss":0,"cards_upgraded":["Flex"]},{"damage_healed":0,"gold_gain":0,"player_choice":"Embrace Madness","damage_taken":11,"max_hp_gain":0,"max_hp_loss":0,"event_name":"Winding Halls","floor":37,"gold_loss":0,"cards_obtained":["Madness","Madness"]},{"damage_healed":0,"gold_gain":0,"player_choice":"Fight","damage_taken":0,"max_hp_gain":0,"max_hp_loss":0,"event_name":"MindBloom","floor":38,"gold_loss":0},{"damage_healed":0,"gold_gain":0,"player_choice":"Ignored","damage_taken":0,"max_hp_gain":0,"max_hp_loss":0,"event_name":"Tomb of Lord Red Mask","floor":39,"gold_loss":0},{"damage_healed":0,"gold_gain":0,"player_choice":"Memory 1","damage_taken":0,"max_hp_gain":0,"max_hp_loss":0,"event_name":"SensoryStone","floor":44,"gold_loss":0},{"damage_healed":0,"gold_gain":300,"player_choice":"Gold","damage_taken":0,"max_hp_gain":0,"max_hp_loss":0,"event_name":"Wheel of Change","floor":45,"gold_loss":0},{"cards_removed":["Clash"],"damage_healed":0,"gold_gain":0,"player_choice":"Removed Attack","damage_taken":0,"max_hp_gain":0,"max_hp_loss":0,"event_name":"Falling","floor":48,"gold_loss":0}],"is_beta":false,"boss_relics":[{"not_picked":["Coffee Dripper","hubris:Backtick"],"picked":"Black Blood"},{"not_picked":["Sozu","Astrolabe"],"picked":"hubris:GrandSneckoEye"}],"items_purged_floors":[19,42],"is_endless":false,"potions_floor_spawned":[5,10,12,14,25,28,31,33,35,36,38,41,46],"ascension_level":1}}