{"host":"d76q0rb9a0s9bgr5","time":1612810008,"event":{"mods":["BaseMod","Downfall","Hubris","Minty Spire (QoL Compilation)","StSLib"],"gold_per_floor":[99,99,24,24,24,9,35,51,51,51,80,80,65,79,93,195,195,195,211,221,232,232,262,311,337,222,122,140,154,154,166,180,283,283,283,179,195,195,195,206,206,206,206,198,198,198,198,48,60,60],"floor_reached":51,"language":"ENG","playtime":5034,"items_purged":["hexamod:Strike","hexamod:Defend","hexamod:Defend","hexamod:Strike"],"score":656,"play_id":"9a74a9bd-0570-4e44-acc1-062067fc9678","local_time":"20210208194648","is_ascension_mode":false,"campfire_choices":[{"data":"hexamod:Float","floor":1,"key":"SMITH"},{"data":"hexamod:GhostflameInferno","floor":10,"key":"SMITH"},{"floor":12,"key":"REST"},{"data":"hexamod:EmpoweredFlame","floor":18,"key":"SMITH"},{"floor":27,"key":"REST"},{"floor":30,"key":"REST"},{"data":"hexamod:GhostOfSpireFuture","floor":35,"key":"SMITH"},{"floor":42,"key":"REST"},{"data":"hexamod:HexaLevel","floor":47,"key":"SMITH"}],"circlet_count":0,"master_deck":["hexamod:Strike","hexamod:Strike","hexamod:Defend+1","hexamod:Defend+1","hexamod:Sear+1","hexamod:Float+1","hexamod:AdvancingGuard","hexamod:EmpoweredFlame+1","hexamod:GhostflameInferno+1","hexamod:ExtraCrispy","hexamod:TimeWarp","hexamod:TimeWarp","hexamod:FastForward+1","hexamod:GhostOfSpireFuture+1","hexamod:PhantomCloak+1","hexamod:RadiantFlame","hexamod:AdvancingGuard+1","hexamod:GhostOfSpireFuture","hexamod:HexaLevel+1","hexamod:AdvancingGuard+1"],"relics":["hexamod:SpiritBrand","downfall:HeartsMalice","Oddly Smooth Stone","Bronze Scales","Mercury Hourglass","SlaversCollar","War Paint","MealTicket","hubris:DisguiseKit","downfall:HeartBlessingGreen","Philosopher\u0027s Stone","hubris:CrystalStatue","hubris:SphereOfDissonance","Bag of Preparation","downfall:TeleportStone","hexamod:TheBrokenSeal"],"acts_visited":["Exordium","TheCity","TheBeyond"],"potions_floor_usage":[11,16,23,25,37,49],"damage_taken":[{"damage":0,"enemies":"Cultist","floor":2,"turns":1},{"damage":0,"enemies":"downfall:FleeingMerchant","floor":3,"turns":1},{"damage":0,"enemies":"Jaw Worm","floor":5,"turns":1},{"damage":0,"enemies":"downfall:FleeingMerchant","floor":6,"turns":4},{"damage":0,"enemies":"Small Slimes","floor":8,"turns":3},{"damage":25,"enemies":"3 Sentries","floor":11,"turns":8},{"damage":0,"enemies":"downfall:FleeingMerchant","floor":13,"turns":4},{"damage":0,"enemies":"Exordium Thugs","floor":14,"turns":4},{"damage":0,"enemies":"Exordium Wildlife","floor":15,"turns":2},{"damage":12,"enemies":"IC_STATUS_ARCHETYPE","floor":16,"turns":8},{"damage":0,"enemies":"Chosen","floor":19,"turns":4},{"damage":9,"enemies":"Snecko","floor":20,"turns":6},{"damage":0,"enemies":"Cultist and Chosen","floor":21,"turns":4},{"damage":45,"enemies":"Gremlin Leader","floor":23,"turns":6},{"damage":15,"enemies":"Slavers","floor":25,"turns":4},{"damage":6,"enemies":"downfall:FleeingMerchant","floor":26,"turns":4},{"damage":16,"enemies":"Shelled Parasite and Fungi","floor":28,"turns":5},{"damage":0,"enemies":"Chosen and Byrds","floor":29,"turns":4},{"damage":1,"enemies":"Sentry and Sphere","floor":31,"turns":4},{"damage":9,"enemies":"Centurion and Healer","floor":32,"turns":6},{"damage":14,"enemies":"SI_MIRROR_ARCHETYPE","floor":33,"turns":10},{"damage":15,"enemies":"downfall:FleeingMerchant","floor":36,"turns":4},{"damage":30,"enemies":"3 Darklings","floor":37,"turns":5},{"damage":11,"enemies":"3 Shapes","floor":40,"turns":6},{"damage":17,"enemies":"Maw","floor":49,"turns":6},{"damage":30,"enemies":"WA_ARCHETYPE_DIVINITY","floor":50,"turns":14}],"seed_played":"1017097342062595263","potions_obtained":[{"floor":4,"key":"Strength Potion"},{"floor":4,"key":"champ:CounterPotion"},{"floor":4,"key":"CultistPotion"},{"floor":8,"key":"hexamod:SoulburnPotion"},{"floor":14,"key":"Energy Potion"},{"floor":15,"key":"DistilledChaos"},{"floor":20,"key":"Explosive Potion"},{"floor":23,"key":"SteroidPotion"},{"floor":29,"key":"FearPotion"},{"floor":33,"key":"FairyPotion"},{"floor":40,"key":"hexamod:EctoCoolerPotion"}],"is_trial":false,"path_per_floor":["R","M","$","?","M","$","T","M","?","R","E","R","$","M","M","B",null,"R","M","M","M","?","E","T","E","$","R","M","M","R","M","M","B",null,"R","$","M","?","?","M","T","R","?","?","T","?","R","$","M","B",null],"character_chosen":"THE_SPIRIT","items_purchased":["hubris:CrystalStatue","hexamod:HexaLevel"],"campfire_rested":4,"item_purchase_floors":[36,36],"current_hp_per_floor":[70,70,70,70,70,70,70,70,37,37,12,33,33,33,33,21,70,70,70,61,61,61,16,16,1,10,31,15,15,36,35,26,12,70,70,55,32,32,32,28,28,49,49,49,49,49,49,64,47,80],"gold":60,"neow_bonus":"THREE_ENEMY_KILL","is_daily":false,"chose_seed":false,"campfire_upgraded":5,"win_rate":0.0,"timestamp":1612810008,"path_taken":["R","M","?","?","?","$","T","M","?","R","E","R","?","?","M","BOSS","R","M","M","?","?","E","T","E","$","R","M","M","R","M","M","BOSS","R","$","M","?","?","?","T","R","?","?","?","?","R","$","M","BOSS"],"items_purchased_type":["Relic","Card"],"build_version":"2020-12-22","purchased_purges":4,"victory":true,"max_hp_per_floor":[70,70,70,70,70,70,70,70,70,70,70,70,70,70,70,70,70,70,70,70,70,70,70,70,70,70,70,70,70,70,70,70,70,70,70,70,70,70,70,70,70,70,70,70,70,70,70,70,70,80],"card_choices":[{"not_picked":["hexamod:EtherealExpedition","hexamod:GhostflameBarrier"],"picked":"hexamod:AdvancingGuard","floor":2},{"not_picked":["hexamod:NightmareStrike","hexamod:BurningTouch"],"picked":"hexamod:EmpoweredFlame","floor":3},{"not_picked":["hexamod:HeatMetal","hexamod:PhantomFireball"],"picked":"hexamod:GhostflameInferno","floor":5},{"not_picked":["hexamod:BacktrackSmack","hexamod:SwordOfDarkness","hexamod:Incineration"],"picked":"SKIP","floor":6},{"not_picked":["hexamod:FourthSeal","hexamod:Firestarter"],"picked":"hexamod:ThirdSeal","floor":8},{"not_picked":["hexamod:HeatCrush","hexamod:InspiringFlames","hexamod:Firestarter"],"picked":"SKIP","floor":11},{"not_picked":["hexamod:RainOfEmbers","hexamod:SpectersWail","hexamod:ThermalTransfer"],"picked":"SKIP","floor":13},{"not_picked":["hexamod:GhostShield","hexamod:NightmareGuise","hexamod:GhostLash"],"picked":"SKIP","floor":13},{"not_picked":["hexamod:NightmareGuise","hexamod:AdvancingGuard","hexamod:Firestarter"],"picked":"SKIP","floor":14},{"not_picked":["hexamod:PhantomFireball","hexamod:SpectersWail"],"picked":"hexamod:ExtraCrispy","floor":15},{"not_picked":["hexamod:SearingWound","hexamod:WildfireWeapon"],"picked":"hexamod:TimeWarp","floor":16},{"not_picked":["hexamod:GhostflameInferno","hexamod:ParanormalForm"],"picked":"hexamod:TimeWarp","floor":16},{"not_picked":["hexamod:ThermalTransfer","hexamod:ShieldOfDarkness"],"picked":"hexamod:FastForward+1","floor":19},{"not_picked":["hexamod:ShieldOfDarkness+1","hexamod:SpectersWail+1"],"picked":"hexamod:GhostOfSpireFuture","floor":19},{"not_picked":["hexamod:Haunt","hexamod:Hexaguard+1","hexamod:SpectersWail+1"],"picked":"SKIP","floor":20},{"not_picked":["hexamod:GhostLash+1","hexamod:RadiantFlame"],"picked":"hexamod:PhantomCloak","floor":21},{"not_picked":["hexamod:NecessarySacrifice","hexamod:GhostflameBarrier+1"],"picked":"hexamod:RadiantFlame","floor":23},{"not_picked":["hexamod:HauntingEcho","hexamod:StepThrough"],"picked":"hexamod:AdvancingGuard","floor":23},{"not_picked":["hexamod:BacktrackSmack","hexamod:SkipABeat","hexamod:GhostShield"],"picked":"SKIP","floor":25},{"not_picked":["hexamod:FastForward","hexamod:Rewind+1","hexamod:DynamicBlow"],"picked":"SKIP","floor":25},{"not_picked":["hexamod:InspiringFlames","hexamod:SoulSteal","hexamod:GhostShield","champ:Devastate"],"picked":"SKIP","floor":26},{"not_picked":["hexamod:GhostShield","hexamod:InspiringFlames+1","hexamod:SearingWound","champ:CrownThrow"],"picked":"SKIP","floor":26},{"not_picked":["hexamod:BacktrackSmack+1","hexamod:SoulSteal+1","hexamod:Incineration","champ:TornadoPunch"],"picked":"SKIP","floor":28},{"not_picked":["hexamod:HauntingEcho","hexamod:NecessarySacrifice+1","hexamod:BurningTouch","champ:FlashCut"],"picked":"SKIP","floor":29},{"not_picked":["hexamod:PhantomCloak","hexamod:FastForward","hexamod:Hexaguard","champ:BerserkerStyle"],"picked":"SKIP","floor":31},{"not_picked":["hexamod:Hexaguard","hexamod:InspiringFlames+1","champ:EnGarde"],"picked":"hexamod:GhostOfSpireFuture","floor":32},{"not_picked":["hexamod:FastForward","hexamod:NightmareGuise","hexamod:InspiringFlames","champ:DefensiveStyle"],"picked":"SKIP","floor":32},{"not_picked":["hexamod:ParanormalForm","hexamod:VolcanoVisage","champ:SwordThrow"],"picked":"hexamod:FifthSeal","floor":33},{"not_picked":["hexamod:FourthSeal","hexamod:SixthSeal"],"picked":"hexamod:FirstSeal","floor":36},{"not_picked":["hexamod:BurningTouch","hexamod:AdvancingGuard","hexamod:ShieldOfDarkness+1","champ:Backstep"],"picked":"SKIP","floor":36},{"not_picked":["hexamod:FirstSeal","hexamod:ThirdSeal"],"picked":"hexamod:SixthSeal","floor":37},{"not_picked":["hexamod:ExtraCrispy","hexamod:SwordOfDarkness+1","hexamod:GhostShield+1","champ:EnGarde"],"picked":"SKIP","floor":37},{"not_picked":["hexamod:RetreatToShadows+1","hexamod:HeatShield","champ:SetATrap"],"picked":"hexamod:AdvancingGuard+1","floor":40},{"not_picked":["hexamod:AdvancingGuard","hexamod:ChargedBarrage+1","hexamod:HexaLevel","champ:FanOfKnives"],"picked":"SKIP","floor":40},{"not_picked":["hexamod:SixthSeal","hexamod:ThirdSeal"],"picked":"hexamod:FourthSeal","floor":49},{"not_picked":["hexamod:BurningTouch+1","hexamod:EtherealExpedition","hexamod:SpectralAdrenaline","champ:PreciseThrust"],"picked":"SKIP","floor":49},{"not_picked":["hexamod:GhostShield+1","hexamod:BurningTouch+1","hexamod:HeatMetal","champ:FocusedBerserking"],"picked":"SKIP","floor":49}],"player_experience":114645,"relics_obtained":[{"floor":7,"key":"Oddly Smooth Stone"},{"floor":11,"key":"Mercury Hourglass"},{"floor":23,"key":"War Paint"},{"floor":24,"key":"MealTicket"},{"floor":25,"key":"hubris:DisguiseKit"},{"floor":41,"key":"hubris:SphereOfDissonance"},{"floor":45,"key":"Bag of Preparation"}],"event_choices":[{"damage_healed":0,"gold_gain":0,"player_choice":"Got Potions","damage_taken":0,"max_hp_gain":0,"max_hp_loss":0,"event_name":"Lab","floor":4,"gold_loss":0},{"damage_healed":0,"gold_gain":0,"player_choice":"Success","damage_taken":33,"relics_obtained":["Bronze Scales"],"max_hp_gain":0,"max_hp_loss":0,"event_name":"Scrap Ooze","floor":9,"gold_loss":0},{"damage_healed":0,"gold_gain":0,"player_choice":"Ignored","damage_taken":0,"max_hp_gain":0,"max_hp_loss":0,"event_name":"NoteForYourself","floor":39,"gold_loss":0}],"is_beta":false,"boss_relics":[{"not_picked":["hubris:Backtick","Busted Crown"],"picked":"SlaversCollar"},{"not_picked":["hubris:ScarierMask","Calling Bell"],"picked":"Philosopher\u0027s Stone"}],"items_purged_floors":[3,26,36,48],"is_endless":false,"potions_floor_spawned":[8,14,15,20,23,29,33,40],"ascension_level":0}}