{"host":"cqcf4am6045oj9ux","time":1612784790,"event":{"mods":["BaseMod","Colored Map","Highlight Path","Minty Spire (QoL Compilation)"],"gold_per_floor":[119,133,148,162,110,110,144,144,144,144,158,175,12,12,12,12,12],"floor_reached":16,"language":"FRA","playtime":1252,"items_purged":[],"score":102,"play_id":"f9600bd4-35be-4937-b587-49c42bcb671a","local_time":"20210208204630","is_ascension_mode":false,"campfire_choices":[{"floor":6,"key":"REST"},{"floor":15,"key":"DIG"}],"circlet_count":0,"master_deck":["Strike_R","Strike_R","Strike_R","Strike_R","Strike_R","Defend_R","Defend_R","Defend_R","Defend_R","Bash","Pommel Strike","Rampage","Clash","Armaments","Armaments","Perfected Strike","Clash","Panache"],"relics":["Burning Blood","NeowsBlessing","StoneCalendar","Pantograph","Calipers","Shovel","Ornamental Fan","Juzu Bracelet"],"acts_visited":["Exordium"],"potions_floor_usage":[11],"damage_taken":[{"damage":0,"enemies":"Cultist","floor":1,"turns":1},{"damage":0,"enemies":"2 Louse","floor":2,"turns":1},{"damage":0,"enemies":"Small Slimes","floor":3,"turns":1},{"damage":17,"enemies":"2 Fungi Beasts","floor":4,"turns":4},{"damage":25,"enemies":"3 Sentries","floor":7,"turns":7},{"damage":11,"enemies":"Large Slime","floor":11,"turns":6},{"damage":6,"enemies":"Red Slaver","floor":12,"turns":3},{"damage":78,"enemies":"Hexaghost","floor":16,"turns":11}],"seed_played":"-7215011323187590115","potions_obtained":[{"floor":2,"key":"Swift Potion"},{"floor":7,"key":"SpeedPotion"}],"is_trial":false,"path_per_floor":["M","M","M","M","$","R","E","?","T","?","M","M","$","T","R","B"],"character_chosen":"IRONCLAD","items_purchased":["Armaments","Panache"],"campfire_rested":1,"item_purchase_floors":[5,13],"current_hp_per_floor":[80,80,80,69,69,80,61,58,58,58,53,53,53,53,53,0,0],"gold":12,"neow_bonus":"THREE_ENEMY_KILL","is_daily":false,"chose_seed":false,"campfire_upgraded":0,"win_rate":0.0,"timestamp":1612784790,"path_taken":["M","M","?","?","$","R","E","?","T","?","?","M","$","?","R","BOSS"],"items_purchased_type":["Card","Card"],"build_version":"2020-12-22","purchased_purges":0,"victory":false,"max_hp_per_floor":[80,80,80,80,80,80,80,80,80,80,80,80,80,80,80,80,80],"card_choices":[{"not_picked":["Sword Boomerang","Disarm"],"picked":"Pommel Strike","floor":1},{"not_picked":["Wild Strike","Sword Boomerang"],"picked":"Rampage","floor":2},{"not_picked":["Warcry","Headbutt"],"picked":"Demon Form","floor":3},{"not_picked":["Spot Weakness","Perfected Strike"],"picked":"Clash","floor":4},{"not_picked":["Offering","Demon Form"],"picked":"Armaments","floor":7},{"not_picked":["Hemokinesis","Fire Breathing"],"picked":"Perfected Strike","floor":11},{"not_picked":["Battle Trance","Twin Strike"],"picked":"Clash","floor":12}],"player_experience":26845,"relics_obtained":[{"floor":7,"key":"StoneCalendar"},{"floor":9,"key":"Calipers"},{"floor":14,"key":"Ornamental Fan"},{"floor":15,"key":"Juzu Bracelet"}],"event_choices":[{"damage_healed":0,"gold_gain":0,"player_choice":"Success","damage_taken":3,"relics_obtained":["Pantograph"],"max_hp_gain":0,"max_hp_loss":0,"event_name":"Scrap Ooze","floor":8,"gold_loss":0},{"cards_removed":["Demon Form"],"damage_healed":0,"gold_gain":0,"player_choice":"Gave Card","damage_taken":0,"relics_obtained":["Shovel"],"max_hp_gain":0,"max_hp_loss":0,"event_name":"WeMeetAgain","floor":10,"gold_loss":0}],"is_beta":false,"boss_relics":[],"items_purged_floors":[],"is_endless":false,"potions_floor_spawned":[2,7],"killed_by":"Hexaghost","ascension_level":0}}