{"host":"psytf3wd8ccrk52d","time":1612749425,"event":{"mods":["Astrologer","BaseMod","Better Third Choice","CapriCore","Colored Map","Dio Mod","Downfall","Ekko","Hermit","JesterMod","Minty Spire (QoL Compilation)","Replay The Spire","Robot Space Explorer","Shade Mod","Shop Mod","Spire Arcade","StSLib","The Alterego","The Immortal","The Marked","TheVacant"],"gold_per_floor":[111,164,164,182,182,182,132,162,162,162,162,36,61,86,98,214,226,253,284,296,308,332,344,374,296,359,371,371],"floor_reached":27,"language":"ENG","playtime":656,"items_purged":[],"score":234,"play_id":"9018bbff-d228-4995-a267-82c4ec4c2536","local_time":"20210208015705","is_ascension_mode":false,"campfire_choices":[{"data":"RobotSpaceExplorer:StarDust","floor":6,"key":"SMITH"},{"data":"RobotSpaceExplorer:StarLightning","floor":11,"key":"SMITH"},{"data":"RobotSpaceExplorer:Pulsar","floor":23,"key":"SMITH"}],"circlet_count":0,"master_deck":["RobotSpaceExplorer:Strike","RobotSpaceExplorer:Strike","RobotSpaceExplorer:Strike+1","RobotSpaceExplorer:Defend","RobotSpaceExplorer:Defend","RobotSpaceExplorer:Defend+1","RobotSpaceExplorer:Defend","RobotSpaceExplorer:Scan","RobotSpaceExplorer:MiniLasers","RobotSpaceExplorer:ImprovisedAttack","RobotSpaceExplorer:StarDust+1","RobotSpaceExplorer:StarLightning+1","RobotSpaceExplorer:Probe+1","RobotSpaceExplorer:Comet+1","RobotSpaceExplorer:PowerCollector+1","RobotSpaceExplorer:Pulsar+1"],"relics":["RobotSpaceExplorer:RoboCore","NeowsBlessing","Shuriken","Bag of Marbles","MealTicket","Snack Pack","Quantum Egg","MerchantsRug","MawBank","Philosopher\u0027s Stone","alterego_mod:SomeoneToFightFor"],"acts_visited":["Exordium","TheCity"],"potions_floor_usage":[16,24,24],"damage_taken":[{"damage":0,"enemies":"Small Slimes","floor":1,"turns":1},{"damage":0,"enemies":"Jaw Worm","floor":4,"turns":1},{"damage":0,"enemies":"Lagavulin","floor":8,"turns":1},{"damage":0,"enemies":"Cultist","floor":14,"turns":3},{"damage":9,"enemies":"Slime Boss","floor":16,"turns":4},{"damage":14,"enemies":"Shell Parasite","floor":18,"turns":4},{"damage":14,"enemies":"Spheric Guardian","floor":19,"turns":4},{"damage":35,"enemies":"Shelled Parasite and Fungi","floor":22,"turns":5},{"damage":9,"enemies":"Snake Plant","floor":24,"turns":3},{"damage":17,"enemies":"Chosen and Byrds","floor":27,"turns":1}],"seed_played":"7096587884855503449","potions_obtained":[{"floor":2,"key":"DistilledChaos"},{"floor":8,"key":"LiquidBronze"},{"floor":14,"key":"Adrenaline Potion"},{"floor":18,"key":"Languid Potion"},{"floor":19,"key":"Fire Potion"}],"is_trial":false,"path_per_floor":["M","?","?","M","?","R","?","E","T","?","R","$","T","M","R_BF","B",null,"M","M","?","?","M","R","M","?","T","M"],"character_chosen":"RobotSpaceExplorer","items_purchased":["MerchantsRug"],"campfire_rested":0,"item_purchase_floors":[12],"current_hp_per_floor":[75,57,57,57,57,57,57,57,57,42,42,57,57,57,75,66,75,63,51,51,51,18,18,15,15,15,0,0],"gold":371,"neow_bonus":"THREE_ENEMY_KILL","is_daily":false,"chose_seed":false,"campfire_upgraded":3,"win_rate":0.0,"timestamp":1612749425,"path_taken":["M","?","?","?","?","R","?","E","T","?","R","$","?","M","R_BF","BOSS","M","?","?","?","M","R","?","?","T","?"],"items_purchased_type":["Relic"],"build_version":"2020-12-22","purchased_purges":0,"victory":false,"max_hp_per_floor":[75,75,75,75,75,75,75,75,75,75,75,75,75,75,75,75,75,75,75,75,75,75,75,75,75,75,75,75],"card_choices":[{"not_picked":["RobotSpaceExplorer:FrostMissile","RobotSpaceExplorer:PlasmaMissile"],"picked":"RobotSpaceExplorer:ImprovisedAttack","floor":1},{"not_picked":["RobotSpaceExplorer:Counterblock","RobotSpaceExplorer:Electropulse"],"picked":"RobotSpaceExplorer:StarDust","floor":2},{"not_picked":["RobotSpaceExplorer:StunGrenade","RobotSpaceExplorer:FreezeRay"],"picked":"RobotSpaceExplorer:StarLightning","floor":4},{"not_picked":["RobotSpaceExplorer:Reload","RobotSpaceExplorer:StunGrenade"],"picked":"RobotSpaceExplorer:Probe","floor":8},{"not_picked":["RobotSpaceExplorer:FreezeRay","RobotSpaceExplorer:DualCore"],"picked":"RobotSpaceExplorer:Comet","floor":14},{"not_picked":["RobotSpaceExplorer:ToxicBomb+1","RobotSpaceExplorer:Probe"],"picked":"RobotSpaceExplorer:PowerCollector+1","floor":18},{"not_picked":["RobotSpaceExplorer:Discharger","RobotSpaceExplorer:StunGrenade","RobotSpaceExplorer:GlueSpray"],"picked":"SKIP","floor":19},{"not_picked":["RobotSpaceExplorer:JunkDive","RobotSpaceExplorer:FreezeRay"],"picked":"RobotSpaceExplorer:Pulsar","floor":22},{"not_picked":["RobotSpaceExplorer:FreezeRay","RobotSpaceExplorer:SurgingStrike","RobotSpaceExplorer:ShovelStrike"],"picked":"SKIP","floor":24}],"player_experience":77553,"relics_obtained":[{"floor":2,"key":"Shuriken"},{"floor":8,"key":"Snack Pack"},{"floor":9,"key":"Quantum Egg"},{"floor":13,"key":"MawBank"}],"event_choices":[{"damage_healed":0,"gold_gain":0,"player_choice":"Gave Potion","damage_taken":0,"relics_obtained":["Bag of Marbles"],"max_hp_gain":0,"max_hp_loss":0,"event_name":"WeMeetAgain","floor":3,"gold_loss":0},{"damage_healed":0,"gold_gain":0,"player_choice":"Box","damage_taken":0,"relics_obtained":["MealTicket"],"max_hp_gain":0,"max_hp_loss":0,"event_name":"Big Fish","floor":5,"gold_loss":0,"cards_obtained":["Regret"]},{"cards_removed":["Regret"],"damage_healed":0,"gold_gain":0,"player_choice":"Card Removal","damage_taken":0,"max_hp_gain":0,"max_hp_loss":0,"event_name":"The Cleric","floor":7,"gold_loss":50},{"damage_healed":57,"gold_gain":0,"player_choice":"Upgrade","damage_taken":15,"max_hp_gain":0,"max_hp_loss":75,"event_name":"betterThird:BetterShining","floor":10,"gold_loss":0,"cards_upgraded":["RobotSpaceExplorer:Probe","RobotSpaceExplorer:Strike"]},{"damage_healed":0,"gold_gain":0,"player_choice":"Choice 2","damage_taken":0,"relics_obtained":["alterego_mod:SomeoneToFightFor"],"max_hp_gain":0,"max_hp_loss":0,"event_name":"Secret Garden","floor":20,"gold_loss":0},{"damage_healed":0,"gold_gain":0,"player_choice":"Ignored","damage_taken":0,"max_hp_gain":0,"max_hp_loss":0,"event_name":"NoteForYourself","floor":21,"gold_loss":0},{"cards_removed":["RobotSpaceExplorer:Strike"],"damage_healed":0,"gold_gain":0,"player_choice":"Upgrade and Remove","damage_taken":0,"max_hp_gain":0,"max_hp_loss":0,"event_name":"Designer","floor":25,"gold_loss":90,"cards_upgraded":["RobotSpaceExplorer:Defend"]}],"is_beta":false,"boss_relics":[{"not_picked":["Runic Pyramid","Tiny House"],"picked":"Philosopher\u0027s Stone"}],"items_purged_floors":[],"is_endless":false,"potions_floor_spawned":[8,14,18,19],"killed_by":"Chosen and Byrds","ascension_level":0}}