{"host":"dh4nu8nelr2izibb","time":1612825734,"event":{"mods":["100% Spire Juice","BaseMod","Card Forge","Displayed Cursed Tome","HololiveMod","Marisa????????","Minty Spire (QoL Compilation)","Poor People Problems","Puzzle Mod","Quick Restart","Relic Filter","StSLib","The Marked","The Servant 0.9.4","WarShipGirlsR/????R mod","Yakumo Yukari mod"],"gold_per_floor":[111,128,139,149,168,168,201,17,43,43,68,87,106,118,118,193,193,209,182,182,182,182],"floor_reached":21,"language":"ENG","playtime":1219,"items_purged":["Strike_G"],"score":390,"play_id":"d62d1569-eb89-43be-b3f4-543fac3197c5","local_time":"20210208180854","is_ascension_mode":true,"campfire_choices":[{"data":"Dash","floor":6.0,"key":"SMITH"},{"floor":10.0,"key":"REST"},{"floor":15.0,"key":"REST"}],"circlet_count":0,"master_deck":["AscendersBane","Strike_G","Defend_G","Defend_G","Defend_G","Defend_G","Survivor","Neutralize+1","Dagger Throw","Deflect","Dash+1","Backflip+1","Blade Dance+1","Dagger Spray","PiercingWail","Finisher","Envenom","Catalyst","Prepared","After Image","Blade Dance","Footwork"],"relics":["Ring of the Snake","Hammer of Thor","Seething Fire","Anvil of the Gods","War Paint","Regal Pillow","Matryoshka","Empty Cage"],"acts_visited":["Exordium","TheCity"],"potions_floor_usage":[19],"damage_taken":[{"damage":0.0,"enemies":"2 Louse","floor":1.0,"turns":3.0},{"damage":0.0,"enemies":"Cultist","floor":2.0,"turns":4.0},{"damage":3.0,"enemies":"Jaw Worm","floor":3.0,"turns":5.0},{"damage":13.0,"enemies":"Exordium Thugs","floor":4.0,"turns":6.0},{"damage":2.0,"enemies":"3 Louse","floor":5.0,"turns":4.0},{"damage":23.0,"enemies":"3 Sentries","floor":7.0,"turns":11.0},{"damage":36.0,"enemies":"Gremlin Nob","floor":11.0,"turns":5.0},{"damage":0.0,"enemies":"Blue Slaver","floor":12.0,"turns":2.0},{"damage":0.0,"enemies":"Exordium Wildlife","floor":13.0,"turns":2.0},{"damage":0.0,"enemies":"2 Fungi Beasts","floor":14.0,"turns":3.0},{"damage":29.0,"enemies":"The Guardian","floor":16.0,"turns":10.0},{"damage":15.0,"enemies":"Chosen","floor":18.0,"turns":7.0},{"damage":11,"enemies":"2 Thieves","floor":19,"turns":4},{"damage":30,"enemies":"Chosen and Byrds","floor":21,"turns":5}],"seed_played":"7427412492062135928","potions_obtained":[{"floor":3.0,"key":"Energy Potion"},{"floor":4.0,"key":"Dexterity Potion"},{"floor":7.0,"key":"Block Potion"},{"floor":13.0,"key":"Fire Potion"},{"floor":14.0,"key":"Block Potion"},{"floor":18.0,"key":"AttackPotion"}],"is_trial":false,"path_per_floor":["M","M","M","M","M","R","E","$","T","R","E","M","M","M","R","B",null,"M","M","?","M"],"character_chosen":"THE_SILENT","items_purchased":["Dagger Spray","PiercingWail"],"campfire_rested":2,"item_purchase_floors":[8,8],"current_hp_per_floor":[59,59,56,43,41,41,18,18,18,52,16,16,16,16,50,21,55,40,29,29,0,0],"gold":182,"neow_bonus":"UPGRADE_CARD","is_daily":false,"chose_seed":false,"campfire_upgraded":1,"win_rate":0.0,"timestamp":1612825734,"path_taken":["M","M","M","M","M","R","E","$","T","R","E","M","M","M","R","BOSS","M","M","?","M"],"items_purchased_type":["Card","Card"],"build_version":"2020-12-22","purchased_purges":1,"victory":false,"max_hp_per_floor":[66,66,66,66,66,66,66,66,66,66,66,66,66,66,66,66,66,66,66,66,66,66],"card_choices":[{"not_picked":["Endless Agony","Well Laid Plans"],"picked":"Dagger Throw","floor":1.0},{"not_picked":["Dagger Throw","Calculated Gamble"],"picked":"Deflect","floor":2.0},{"not_picked":["PiercingWail","Backstab"],"picked":"Dash","floor":3.0},{"not_picked":["Acrobatics","Escape Plan"],"picked":"Backflip","floor":4.0},{"not_picked":["Expertise","Slice"],"picked":"Blade Dance","floor":5.0},{"not_picked":["Distraction","Tactician","Setup"],"picked":"SKIP","floor":7.0},{"not_picked":["Underhanded Strike","Bane"],"picked":"Finisher","floor":11.0},{"not_picked":["Bane","Poisoned Stab"],"picked":"Envenom","floor":12.0},{"not_picked":["Poisoned Stab","Deflect"],"picked":"Catalyst","floor":13.0},{"not_picked":["Catalyst","Caltrops"],"picked":"Prepared","floor":14.0},{"not_picked":["Envenom","Malaise"],"picked":"After Image","floor":16.0},{"not_picked":["Sucker Punch","Dodge and Roll"],"picked":"Blade Dance","floor":18.0},{"not_picked":["Bane","Masterful Stab+1"],"picked":"Footwork","floor":19}],"player_experience":1147429,"relics_obtained":[{"floor":7.0,"key":"War Paint"},{"floor":9.0,"key":"Regal Pillow"},{"floor":11.0,"key":"Matryoshka"}],"event_choices":[{"damage_healed":0,"gold_gain":0,"player_choice":"Leave","damage_taken":0,"max_hp_gain":0,"max_hp_loss":0,"event_name":"FaceTrader","floor":20,"gold_loss":0}],"is_beta":false,"boss_relics":[{"not_picked":["HoveringKite","Velvet Choker"],"picked":"Empty Cage"}],"items_purged_floors":[8],"is_endless":false,"potions_floor_spawned":[3,4,7,13,14,18],"killed_by":"Chosen and Byrds","ascension_level":20}}