{"host":"csn9i02amg5zm780","time":1612816416,"event":{"mods":["2.2 Compatiblity","AchievementEnabler","Aspiration","BaseMod","Better Third Choice","Bossed Relics","Colored Map","Colored Powertips","Curses Come First","Dark Map","Defuse TimeMaze Blight","Evolution","Halation","Highlight Path","Minty Spire (QoL Compilation)","Permanent Neow","Poor People Problems","Quick Restart","Rare Cards Sparkle","Relic Stats","Reliquary","Shade Mod","Spire Arcade","StSLib","Transform Curses","Waifu the Spire","Weighted Paths"],"gold_per_floor":[119,119,136,152,152,152,172,172,172,202,202,213,232,257,257,362,362,302,64,84,84,97,97,122,141,196,227,327,327,327,341,341,444,444,463,474,100,118,129,129,129,129,154,154,154,173,199,209,209,307,307,320,320,320],"floor_reached":53,"language":"ENG","playtime":6015,"items_purged":[],"score":939,"play_id":"94ad94a7-15fc-44b4-bc69-07b3e44ab9fe","local_time":"20210208213336","daily_mods":["Heirloom"],"is_ascension_mode":false,"campfire_choices":[{"data":"Shade:AnimateDead","floor":6.0,"key":"SMITH"},{"data":"Shade:Bonestorm","floor":8.0,"key":"SMITH"},{"floor":15.0,"key":"REST"},{"floor":23.0,"key":"REST"},{"floor":30.0,"key":"REST"},{"data":"Shade:OpenGraves","floor":32.0,"key":"SMITH"},{"data":"Shade:UnbarTheGrave","floor":40.0,"key":"SMITH"},{"data":"Shade:SensePrey","floor":42.0,"key":"SMITH"},{"data":"Shade:WallOfFlesh","floor":44.0,"key":"SMITH"},{"data":"Shade:FreshBones","floor":45.0,"key":"SMITH"},{"floor":49.0,"key":"REST"}],"circlet_count":0,"master_deck":["Shade:ClawBack","Shade:ClawBack","Shade:ClawBack","Shade:Strike_Shade","Shade:Defend_Shade","Shade:Defend_Shade","Shade:AnimateDead+1","Shade:CarefulCut","Shade:Bonestorm+1","Shade:WallOfFlesh+1","Shade:GraveStillness","Shade:CommandSoldier","Shade:Brains","Shade:OpenGraves+1","Shade:FingerOfDeath","Shade:FreshBones+1","Shade:UnbarTheGrave+1","Shade:SensePrey+1","Shade:FleshLikeOak","Shade:GraveStillness","Shade:FuneraryJewels","Shade:RavenousHorde","Shade:PressTheAttack","Shade:ScuttlingHand+1","Shade:CoffinDance+1","Shade:MadHubris","Shade:PressTheAttack","Shade:Consume","Shade:UnbarTheGrave+1","Shade:AblativeArmor","Shade:LichForm","Shade:OpenGraves+1","Shade:FeralStrike","Shade:ExtraLimbs+1","Shade:SkeletonHug","Shade:FeralStrike","Shade:StitchTogether+1","Shade:Excise+1","Shade:Putrefaction"],"relics":["Shade:YorickSkull","EVO:Axolotl","WingedGreaves","reliquary:IridiumChain","halation:AfternoonTea","Centennial Puzzle","reliquary:KinkedSpring","Anchor","aspiration:RitualStick","Pen Nib","Strawberry","Omamori","reliquary:OuijaBoard","reliquary:Sideboard","halation:Prosthetics","Bronze Scales","aspiration:Lifesprig","Shade:Thing","aspiration:PoetsPen_weak"],"acts_visited":["Exordium","TheCity","TheBeyond","Exordium"],"potions_floor_usage":[],"damage_taken":[{"damage":2.0,"enemies":"Small Slimes","floor":1.0,"turns":4.0},{"damage":0.0,"enemies":"Jaw Worm","floor":3.0,"turns":3.0},{"damage":0.0,"enemies":"2 Louse","floor":4.0,"turns":2.0},{"damage":0.0,"enemies":"Red Slaver","floor":7.0,"turns":3.0},{"damage":15.0,"enemies":"Lagavulin","floor":10.0,"turns":7.0},{"damage":0.0,"enemies":"Looter","floor":12.0,"turns":3.0},{"damage":0.0,"enemies":"3 Louse","floor":13.0,"turns":2.0},{"damage":22.0,"enemies":"Gremlin Nob","floor":14.0,"turns":6.0},{"damage":14.0,"enemies":"The Guardian","floor":16.0,"turns":12.0},{"damage":20.0,"enemies":"2 Thieves","floor":18.0,"turns":4.0},{"damage":0.0,"enemies":"Spheric Guardian","floor":20.0,"turns":4.0},{"damage":0.0,"enemies":"Shelled Parasite and Fungi","floor":22.0,"turns":4.0},{"damage":10.0,"enemies":"Gremlin Leader","floor":24.0,"turns":8.0},{"damage":11.0,"enemies":"Sentry and Sphere","floor":25.0,"turns":6.0},{"damage":2.0,"enemies":"Slavers","floor":27.0,"turns":6.0},{"damage":2.0,"enemies":"Colosseum Slavers","floor":28.0,"turns":4.0},{"damage":2.0,"enemies":"Colosseum Nobs","floor":28.0,"turns":3.0},{"damage":5.0,"enemies":"Snake Plant","floor":31.0,"turns":3.0},{"damage":6.0,"enemies":"Champ","floor":33.0,"turns":9.0},{"damage":0.0,"enemies":"3 Darklings","floor":35.0,"turns":5.0},{"damage":0.0,"enemies":"Orb Walker","floor":36.0,"turns":3.0},{"damage":2.0,"enemies":"Maw","floor":38.0,"turns":7.0},{"damage":2.0,"enemies":"Writhing Mass","floor":39.0,"turns":6.0},{"damage":0.0,"enemies":"4 Shapes","floor":46.0,"turns":3.0},{"damage":1.0,"enemies":"Giant Head","floor":47.0,"turns":6.0},{"damage":24.0,"enemies":"3 Darklings","floor":48.0,"turns":4.0},{"damage":44.0,"enemies":"Time Eater","floor":50.0,"turns":9.0},{"damage":5,"enemies":"Cultist","floor":52,"turns":4}],"seed_played":"-2430865593332562282","potions_obtained":[{"floor":1.0,"key":"Weak Potion"},{"floor":10.0,"key":"Dexterity Potion"},{"floor":13.0,"key":"DistilledChaos"},{"floor":16.0,"key":"Weak Potion"},{"floor":22.0,"key":"DistilledChaos"},{"floor":24.0,"key":"FairyPotion"},{"floor":27.0,"key":"SteroidPotion"},{"floor":33.0,"key":"Fire Potion"},{"floor":46.0,"key":"Strength Potion"}],"is_trial":true,"path_per_floor":["M","?","M","M","?","R","M","R","T","E","R","M","M","E","R","B",null,"M","$","M","?","M","R","E","M","T","E","?","?","R","M","R","B",null,"M","M","$","M","M","R","?","R","T","R","R","M","E","M","R","B",null,"M","?"],"character_chosen":"SHADE","items_purchased":["Shade:FleshLikeOak","Anchor","Bronze Scales","aspiration:Lifesprig","Shade:Consume"],"campfire_rested":4,"item_purchase_floors":[19,19,37,37,37],"current_hp_per_floor":[63,63,63,63,63,63,63,63,63,48,48,48,48,26,45,46,65,45,45,45,32,32,51,55,44,51,49,45,45,66,67,67,61,37,37,37,37,35,33,33,33,33,33,33,33,33,32,8,19,3,37,32,0,0],"gold":320,"neow_bonus":"","is_daily":false,"chose_seed":false,"campfire_upgraded":7,"win_rate":0.0,"timestamp":1612816416,"path_taken":["M","?","M","M","?","R","M","R","T","E","R","M","M","E","R","BOSS","M","$","M","?","M","R","E","M","T","E","?","?","R","M","R","BOSS","M","M","$","M","M","R","?","R","T","R","R","M","E","?","R","BOSS","M","?"],"items_purchased_type":["Card","Relic","Relic","Relic","Card"],"build_version":"2020-12-22","purchased_purges":0,"victory":false,"max_hp_per_floor":[65,65,65,65,65,65,65,65,65,65,65,65,65,65,65,65,65,65,65,65,65,65,65,65,65,72,72,72,72,72,72,72,72,37,37,37,37,37,37,37,37,37,37,37,37,37,37,37,37,37,37,37,37,37],"relic_stats":{"Centennial Puzzle":[45],"counters":[28,140],"Bronze Scales":[122],"Pen Nib":[12],"obtain_stats":[{"reliquary:OuijaBoard":28,"aspiration:Lifesprig":37,"Shade:YorickSkull":0,"reliquary:Sideboard":28,"Pen Nib":24,"aspiration:PoetsPen_weak":51,"Omamori":27,"EVO:Axolotl":0,"halation:Prosthetics":34,"reliquary:IridiumChain":9,"aspiration:RitualStick":21,"reliquary:KinkedSpring":17,"Centennial Puzzle":14,"Anchor":19,"Strawberry":26,"Bronze Scales":37,"WingedGreaves":0,"halation:AfternoonTea":10,"Shade:Thing":47},{"reliquary:OuijaBoard":17,"aspiration:Lifesprig":21,"Shade:YorickSkull":0,"reliquary:Sideboard":17,"Pen Nib":13,"aspiration:PoetsPen_weak":27,"Omamori":15,"EVO:Axolotl":0,"halation:Prosthetics":19,"reliquary:IridiumChain":4,"aspiration:RitualStick":11,"reliquary:KinkedSpring":9,"Centennial Puzzle":8,"Anchor":10,"Strawberry":14,"Bronze Scales":21,"WingedGreaves":0,"halation:AfternoonTea":5,"Shade:Thing":25},{"reliquary:OuijaBoard":81,"aspiration:Lifesprig":101,"Shade:YorickSkull":0,"reliquary:Sideboard":81,"Pen Nib":62,"aspiration:PoetsPen_weak":136,"Omamori":74,"EVO:Axolotl":0,"halation:Prosthetics":93,"reliquary:IridiumChain":12,"aspiration:RitualStick":50,"reliquary:KinkedSpring":42,"Centennial Puzzle":30,"Anchor":46,"Strawberry":68,"Bronze Scales":101,"WingedGreaves":0,"halation:AfternoonTea":19,"Shade:Thing":123}],"aspiration:RitualStick":[4]},"card_choices":[{"not_picked":["Shade:BoneShards","Shade:FeralStrike"],"picked":"Shade:Bonestorm","floor":1.0},{"not_picked":["Shade:ClawBack","Shade:OfferingToTheBeyond"],"picked":"Shade:WallOfFlesh","floor":3.0},{"not_picked":["Shade:GreyBargain","Shade:Premonition"],"picked":"Shade:GraveStillness","floor":4.0},{"not_picked":["Shade:DangerousRitual","Shade:FeralStrike"],"picked":"Shade:CommandSoldier","floor":7.0},{"not_picked":["Shade:SpectralStrikes","Shade:Trample"],"picked":"Shade:Brains","floor":10.0},{"not_picked":["Shade:GraveStillness","Shade:RitualOffering"],"picked":"Shade:OpenGraves","floor":12.0},{"not_picked":["Shade:BoneShards","Shade:Brains"],"picked":"Shade:FingerOfDeath","floor":13.0},{"not_picked":["Shade:OneIsEnough","Shade:CommandSoldier"],"picked":"Shade:FreshBones","floor":14.0},{"not_picked":["Shade:OneIsEnough","Shade:DarkOfNight"],"picked":"Shade:UnbarTheGrave","floor":16.0},{"not_picked":["Shade:Trample+1","Shade:ClawBack"],"picked":"Shade:SensePrey","floor":18.0},{"not_picked":["Shade:RitualOffering","Shade:Bonestorm"],"picked":"Shade:GraveStillness","floor":20.0},{"not_picked":["Shade:FuneraryArmor","Shade:AncientSpear+1"],"picked":"Shade:FuneraryJewels","floor":22.0},{"not_picked":["Shade:GraveStillness","Shade:FeralStrike+1"],"picked":"Shade:RavenousHorde","floor":24.0},{"not_picked":["Shade:CoffinDance","Shade:ClawBack"],"picked":"Shade:PressTheAttack","floor":25.0},{"not_picked":["Shade:AblativeArmor","Shade:RitualOffering"],"picked":"Shade:ScuttlingHand+1","floor":27.0},{"not_picked":["Shade:ClawBack","Shade:RitualOffering"],"picked":"Shade:CoffinDance+1","floor":28.0},{"not_picked":["Shade:FreshBones","Shade:FingerOfDeath"],"picked":"Shade:AblativeArmor","floor":31.0},{"not_picked":["Shade:LastGasp","Shade:OminousRitual"],"picked":"Shade:LichForm","floor":33.0},{"not_picked":["Shade:Brains+1","Shade:Trample"],"picked":"Shade:FeralStrike","floor":35.0},{"not_picked":["Shade:CommandSoldier","Shade:DangerousRitual+1"],"picked":"Shade:OpenGraves+1","floor":36.0},{"not_picked":["Shade:Bonestorm","Shade:FleshOffering+1"],"picked":"Shade:ExtraLimbs+1","floor":38.0},{"not_picked":["Shade:ExtraLimbs","Shade:GraveStillness+1"],"picked":"Shade:SkeletonHug","floor":39.0},{"not_picked":["Shade:OpenGraves","Shade:GreyBargain"],"picked":"Shade:FeralStrike","floor":46.0},{"not_picked":["Shade:Premonition+1","Shade:Coordination"],"picked":"Shade:StitchTogether+1","floor":47.0},{"not_picked":["Shade:Bite_Shade","Shade:GraveStillness"],"picked":"Shade:Excise+1","floor":48.0},{"not_picked":["Shade:OminousRitual","Shade:Consume"],"picked":"Shade:Putrefaction","floor":50.0},{"not_picked":["Shade:SensePrey","Shade:CoffinDance"],"picked":"Shade:SkeletonHug","floor":52}],"player_experience":61893,"relics_obtained":[{"floor":9.0,"key":"reliquary:IridiumChain"},{"floor":10.0,"key":"halation:AfternoonTea"},{"floor":14.0,"key":"Centennial Puzzle"},{"floor":24.0,"key":"Pen Nib"},{"floor":26.0,"key":"Strawberry"},{"floor":27.0,"key":"Omamori"},{"floor":28.0,"key":"reliquary:OuijaBoard"},{"floor":28.0,"key":"reliquary:Sideboard"},{"floor":47.0,"key":"Shade:Thing"}],"event_choices":[{"damage_healed":0.0,"max_hp_gain":0.0,"max_hp_loss":0.0,"gold_gain":0.0,"event_name":"Golden Wing","player_choice":"Ignored","floor":2.0,"gold_loss":0.0,"damage_taken":0.0},{"damage_healed":0.0,"max_hp_gain":0.0,"max_hp_loss":0.0,"gold_gain":0.0,"event_name":"The Cleric","player_choice":"Leave","floor":5.0,"gold_loss":0.0,"damage_taken":0.0},{"damage_healed":0.0,"max_hp_gain":0.0,"max_hp_loss":0.0,"gold_gain":0.0,"event_name":"Colosseum","player_choice":"Fight","floor":28.0,"gold_loss":0.0,"damage_taken":0.0},{"damage_healed":0.0,"max_hp_gain":0.0,"max_hp_loss":0.0,"gold_gain":0.0,"event_name":"Colosseum","player_choice":"Fought Nobs","floor":28.0,"gold_loss":0.0,"damage_taken":0.0},{"damage_healed":0.0,"max_hp_gain":0.0,"max_hp_loss":0.0,"gold_gain":0.0,"cards_transformed":["Shade:Defend_Shade","Shade:Defend_Shade"],"event_name":"Drug Dealer","player_choice":"Became Test Subject","floor":29.0,"gold_loss":0.0,"damage_taken":0.0,"cards_obtained":["Shade:MadHubris","Shade:PressTheAttack"]},{"damage_healed":0.0,"max_hp_gain":0.0,"max_hp_loss":0.0,"gold_gain":0.0,"event_name":"Duplicator","player_choice":"Copied","floor":41.0,"gold_loss":0.0,"damage_taken":0.0,"cards_obtained":["Shade:UnbarTheGrave"]}],"is_beta":false,"boss_relics":[{"not_picked":["Empty Cage","halation:Risk"],"picked":"reliquary:KinkedSpring"},{"not_picked":["aspiration:DefectSkillbook","SacredBark"],"picked":"halation:Prosthetics"},{"not_picked":["halation:CatFaceCupcake","Sozu"],"picked":"aspiration:PoetsPen_weak"}],"items_purged_floors":[],"is_endless":true,"potions_floor_spawned":[1,10,13,16,22,24,25,27,33,35,38,46],"ascension_level":0}}