{"host":"qlznacst95ifd6w5","time":1612825141,"event":{"mods":["2.2 Compatiblity","AchievementEnabler","BaseMod","Block Reminder","Colored Map","DeckTracker","Highlight Path","Minty Spire (QoL Compilation)","Permanent Neow","Relic Sorter","Relic Stats","StSLib","Together in Spire"],"gold_per_floor":[119,138,213,213,225,259,224,243,243,243,243,272,272,307,307,406,406,419,438,438,448,461,489,505,540,563,563,563,24,24,44,44,44,44],"floor_reached":33,"language":"ENG","playtime":1416,"items_purged":["Strike_R"],"score":430,"play_id":"866621f9-0a9b-4d55-a95f-3cc4005355cf","local_time":"20210208175901","is_ascension_mode":false,"campfire_choices":[{"data":"Demon Form","floor":10,"key":"SMITH"},{"data":"Pummel","floor":15,"key":"SMITH"},{"data":"Double Tap","floor":28,"key":"SMITH"},{"data":"J.A.X.","floor":32,"key":"SMITH"}],"circlet_count":0,"master_deck":["Strike_R","Strike_R","Strike_R","Defend_R","Defend_R","Defend_R","Defend_R+1","Bash","Double Tap+1","Pummel+1","Shrug It Off+1","Clothesline","Demon Form+1","Twin Strike","Anger","Metallicize","Reaper","CurseOfTheBell","Disarm","Sever Soul+1","Warcry","Anger+1","Cleave","True Grit+1","Reaper","Flex","Dark Shackles","J.A.X.+1","Flex"],"relics":["Burning Blood","War Paint","Centennial Puzzle","Kunai","Vajra","Calling Bell","Pen Nib","Matryoshka","Unceasing Top","Nloth\u0027s Gift","CaptainsWheel","White Beast Statue","Bronze Scales","Blood Vial","Nilry\u0027s Codex","Membership Card","Paper Frog","Pocketwatch"],"acts_visited":["Exordium","TheCity"],"potions_floor_usage":[16,16,19,22,23,33,33],"damage_taken":[{"damage":0,"enemies":"Cultist","floor":1,"turns":2},{"damage":0,"enemies":"Small Slimes","floor":2,"turns":1},{"damage":0,"enemies":"Jaw Worm","floor":5,"turns":1},{"damage":9,"enemies":"3 Sentries","floor":6,"turns":2},{"damage":0,"enemies":"3 Louse","floor":8,"turns":1},{"damage":0,"enemies":"Gremlin Nob","floor":12,"turns":1},{"damage":0,"enemies":"Lagavulin","floor":14,"turns":3},{"damage":0,"enemies":"Hexaghost","floor":16,"turns":2},{"damage":0,"enemies":"Chosen","floor":18,"turns":2},{"damage":0,"enemies":"Shell Parasite","floor":19,"turns":1},{"damage":1,"enemies":"Snecko","floor":21,"turns":3},{"damage":17,"enemies":"Centurion and Healer","floor":22,"turns":2},{"damage":32,"enemies":"Slavers","floor":23,"turns":2},{"damage":0,"enemies":"Snake Plant","floor":24,"turns":1},{"damage":20,"enemies":"Book of Stabbing","floor":25,"turns":3},{"damage":10,"enemies":"Cultist and Chosen","floor":31,"turns":2},{"damage":1012,"enemies":"Collector","floor":33,"turns":5}],"seed_played":"-917030663100787662","potions_obtained":[{"floor":1,"key":"SkillPotion"},{"floor":6,"key":"DistilledChaos"},{"floor":12,"key":"PowerPotion"},{"floor":16,"key":"AttackPotion"},{"floor":18,"key":"Weak Potion"},{"floor":22,"key":"SkillPotion"},{"floor":23,"key":"BloodPotion"},{"floor":25,"key":"Block Potion"}],"is_trial":false,"path_per_floor":["M","M","?","?","M","E","?","M","T","R","T","E","?","E","R","B",null,"M","M","?","M","M","E","M","E","T","?","R","$","?","M","R","B"],"character_chosen":"IRONCLAD","items_purchased":["Flex","Membership Card","Paper Frog","Dark Shackles","Pocketwatch"],"campfire_rested":0,"item_purchase_floors":[29,29,29,29,29],"current_hp_per_floor":[62,68,57,57,63,60,80,80,80,80,80,80,73,79,79,80,80,80,80,80,80,69,54,60,46,46,30,30,30,30,44,44,0,0],"gold":44,"neow_bonus":"THREE_RARE_CARDS","is_daily":false,"chose_seed":false,"campfire_upgraded":4,"win_rate":0.0,"timestamp":1612825141,"path_taken":["M","M","?","?","?","E","?","M","T","R","?","E","?","E","R","BOSS","M","M","?","M","M","E","?","E","T","?","R","$","?","M","R","BOSS"],"items_purchased_type":["Card","Relic","Relic","Card","Relic"],"build_version":"2020-12-22","purchased_purges":1,"victory":false,"max_hp_per_floor":[80,80,80,80,80,80,80,80,80,80,80,80,80,80,80,80,80,80,80,80,80,80,80,80,80,80,80,80,80,80,80,80,80,80],"relic_stats":{"Blood Vial":4,"Centennial Puzzle":[18],"counters":[17,34],"Bronze Scales":[12],"Pen Nib":[3],"Nloth\u0027s Gift":1,"Kunai":[8],"War Paint":["Defend_R","Shrug It Off"],"obtain_stats":[{"Nilry\u0027s Codex":27,"Vajra":14,"Pen Nib":17,"War Paint":6,"Question Card":11,"Burning Blood":0,"White Beast Statue":25,"Calling Bell":17,"Blood Vial":26,"Centennial Puzzle":9,"CaptainsWheel":23,"Matryoshka":17,"Bronze Scales":26,"Nloth\u0027s Gift":20,"Kunai":12,"Membership Card":29,"Unceasing Top":17,"Paper Frog":29,"Pocketwatch":29},{"Nilry\u0027s Codex":15,"Vajra":7,"Pen Nib":8,"War Paint":4,"Question Card":5,"Burning Blood":0,"White Beast Statue":15,"Calling Bell":8,"Blood Vial":15,"Centennial Puzzle":5,"CaptainsWheel":13,"Matryoshka":8,"Bronze Scales":15,"Nloth\u0027s Gift":10,"Kunai":6,"Membership Card":15,"Unceasing Top":8,"Paper Frog":15,"Pocketwatch":15},{"Nilry\u0027s Codex":27,"Vajra":11,"Pen Nib":13,"War Paint":6,"Question Card":7,"Burning Blood":0,"White Beast Statue":27,"Calling Bell":13,"Blood Vial":27,"Centennial Puzzle":7,"CaptainsWheel":23,"Matryoshka":13,"Bronze Scales":27,"Nloth\u0027s Gift":16,"Kunai":8,"Membership Card":27,"Unceasing Top":13,"Paper Frog":27,"Pocketwatch":27}],"Burning Blood":62,"Unceasing Top":[0],"Pocketwatch":[8]},"card_choices":[{"not_picked":["Demon Form","Impervious"],"picked":"Double Tap","floor":0},{"not_picked":["Warcry","Shrug It Off"],"picked":"Pummel","floor":1},{"not_picked":["Entrench","Infernal Blade"],"picked":"Shrug It Off","floor":2},{"not_picked":["Flex","Power Through"],"picked":"Clothesline","floor":5},{"not_picked":["Armaments","Shockwave"],"picked":"Demon Form","floor":6},{"not_picked":["Disarm","Reckless Charge"],"picked":"Twin Strike","floor":8},{"not_picked":["Cleave","Perfected Strike","Searing Blow"],"picked":"Anger","floor":12},{"not_picked":["Rupture","Body Slam","Hemokinesis"],"picked":"Metallicize","floor":14},{"not_picked":["Juggernaut","Demon Form","Brutality"],"picked":"Reaper","floor":16},{"not_picked":["Entrench","Twin Strike","Sword Boomerang"],"picked":"Disarm","floor":18},{"not_picked":["True Grit","Headbutt+1","Perfected Strike"],"picked":"Sever Soul+1","floor":19},{"not_picked":["Rupture","Entrench"],"picked":"Warcry","floor":21},{"not_picked":["Barricade","Perfected Strike"],"picked":"Anger+1","floor":22},{"not_picked":["Demon Form","Clothesline"],"picked":"Cleave","floor":23},{"not_picked":["Sword Boomerang","Flex"],"picked":"True Grit+1","floor":24},{"not_picked":["Clothesline","Sword Boomerang"],"picked":"Reaper","floor":25},{"not_picked":["True Grit+1","Second Wind"],"picked":"Flex","floor":31}],"player_experience":1635,"relics_obtained":[{"floor":6,"key":"War Paint"},{"floor":9,"key":"Centennial Puzzle"},{"floor":11,"key":"Question Card"},{"floor":12,"key":"Kunai"},{"floor":14,"key":"Vajra"},{"floor":17,"key":"Pen Nib"},{"floor":17,"key":"Matryoshka"},{"floor":17,"key":"Unceasing Top"},{"floor":23,"key":"CaptainsWheel"},{"floor":25,"key":"White Beast Statue"},{"floor":26,"key":"Bronze Scales"},{"floor":26,"key":"Blood Vial"},{"floor":27,"key":"Nilry\u0027s Codex"}],"event_choices":[{"damage_healed":0,"gold_gain":75,"player_choice":"Gather Gold","damage_taken":11,"max_hp_gain":0,"max_hp_loss":0,"event_name":"World of Goop","floor":3,"gold_loss":0},{"damage_healed":0,"gold_gain":0,"player_choice":"0 cards matched","damage_taken":0,"max_hp_gain":0,"max_hp_loss":0,"event_name":"Match and Keep!","floor":4,"gold_loss":0,"cards_obtained":[]},{"damage_healed":20,"gold_gain":0,"player_choice":"Healed","damage_taken":0,"max_hp_gain":0,"max_hp_loss":0,"event_name":"The Cleric","floor":7,"gold_loss":35},{"cards_removed":["Strike_R"],"damage_healed":0,"gold_gain":0,"player_choice":"Card Removal","damage_taken":7,"max_hp_gain":0,"max_hp_loss":0,"event_name":"Golden Wing","floor":13,"gold_loss":0},{"damage_healed":0,"gold_gain":0,"player_choice":"Traded Relic","damage_taken":0,"relics_obtained":["Nloth\u0027s Gift"],"max_hp_gain":0,"max_hp_loss":0,"event_name":"N\u0027loth","floor":20,"relics_lost":["Question Card"],"gold_loss":0},{"damage_healed":0,"gold_gain":0,"player_choice":"Obtained Book","damage_taken":16,"max_hp_gain":0,"max_hp_loss":0,"event_name":"Cursed Tome","floor":27,"gold_loss":0},{"damage_healed":0,"gold_gain":0,"player_choice":"Obtain J.A.X.","damage_taken":0,"max_hp_gain":0,"max_hp_loss":0,"event_name":"Drug Dealer","floor":30,"gold_loss":0,"cards_obtained":["J.A.X."]}],"is_beta":false,"boss_relics":[{"not_picked":["Sozu","SacredBark"],"picked":"Calling Bell"}],"items_purged_floors":[29],"is_endless":false,"potions_floor_spawned":[1,6,12,16,18,22,23,25,31],"killed_by":"Collector","ascension_level":0}}