{"host":"kmq7aw60w430zvtx","time":1612791463,"event":{"mods":["BaseMod","Downfall","GifTheSpireLib","Hermit","Hubris","Infinite Spire","Minty Spire (QoL Compilation)","Reliquary","Replay The Spire","Spire Arcade","StSLib","The Construct","The Cursed","The Hierophant","The Jungle","The Necromancer","The Runesmith"],"gold_per_floor":[114,114,133,147,167,167,183,209,291,323,323,398,398,422,422,533,533,557,573,109,174,180,180,201,243,323,323,323,323,350,350,350,360,360],"floor_reached":33,"language":"ENG","playtime":1152,"items_purged":[],"score":346,"play_id":"44aeeef8-a78d-4c19-a5f0-b1a362fa34ee","local_time":"20210208143743","is_ascension_mode":true,"campfire_choices":[{"data":"Seeing Red","floor":6,"key":"SMITH"},{"floor":11,"key":"REST"},{"floor":15,"key":"RECALL"},{"data":"ReplayUltimateDefense","floor":23,"key":"SMITH"},{"data":"Fire Breathing","floor":28,"key":"SMITH"},{"data":"Fire Breathing","floor":32,"key":"SMITH"}],"circlet_count":0,"master_deck":["Strike_R","Strike_R","Strike_R","Strike_R","Strike_R","Defend_R","Defend_R","Defend_R","Defend_R","Bash","Replay:BasicMightCard","Seeing Red+1","Fire Breathing+1","Inflame","Abandon","Wild Strike","Fire Breathing+1","Burning Pact","Headbutt","Hemogenesis","Flex+1","Anger","ReplayUltimateDefense+1","Perfected Strike+1","Perfected Strike+1","Havoc+1","True Grit+1"],"relics":["Burning Blood","Replay:Bandana","Meat on the Bone","Replay:Mystery Machine","Mark of Pain","construct:BoolHorns","infinitespire:EmpoweringShard","hubris:TenFootPole","hubris:PeanutButter","HornCleat"],"acts_visited":["Exordium","TheCity"],"potions_floor_usage":[7,10,22,25,33],"damage_taken":[{"damage":6,"enemies":"Cultist","floor":1,"turns":3},{"damage":12,"enemies":"Jaw Worm","floor":3,"turns":3},{"damage":0,"enemies":"Small Slimes","floor":4,"turns":3},{"damage":17,"enemies":"Looter","floor":5,"turns":3},{"damage":8,"enemies":"3 Louse","floor":7,"turns":4},{"damage":39,"enemies":"Gremlin Nob","floor":8,"turns":5},{"damage":30,"enemies":"Lagavulin","floor":10,"turns":6},{"damage":6,"enemies":"Exordium Wildlife","floor":14,"turns":3},{"damage":69,"enemies":"Hexaghost","floor":16,"turns":9},{"damage":32,"enemies":"Chosen","floor":18,"turns":5},{"damage":31,"enemies":"Spheric Guardian","floor":19,"turns":5},{"damage":0,"enemies":"Snake Plant","floor":22,"turns":2},{"damage":4,"enemies":"Snecko","floor":24,"turns":4},{"damage":47,"enemies":"Slavers","floor":25,"turns":7},{"damage":0,"enemies":"Shelled Parasite and Fungi","floor":30,"turns":4},{"damage":50,"enemies":"Automaton","floor":33,"turns":8}],"seed_played":"-5941978731235143644","potions_obtained":[{"floor":1,"key":"Fire Potion"},{"floor":4,"key":"hexamod:SoulburnPotion"},{"floor":5,"key":"BlessingOfTheForge"},{"floor":7,"key":"SmokeBomb"},{"floor":18,"key":"Venom Potion"},{"floor":21,"key":"EssenceOfSteel"},{"floor":30,"key":"EssenceOfSteel"}],"is_trial":false,"path_per_floor":["M","?","M","M","M","R","M","E","T","E","R","?","?","M","R","B",null,"M","M","$","?","M","R","M","E","T","?","R","AVR","M","?","R","B"],"character_chosen":"IRONCLAD","items_purchased":["construct:BoolHorns","ReplayUltimateDefense"],"campfire_rested":1,"item_purchase_floors":[20,20],"current_hp_per_floor":[80,80,74,80,69,69,67,34,34,22,46,35,80,80,80,29,67,58,50,50,50,56,56,63,39,39,39,39,39,50,50,50,0,0],"gold":360,"neow_bonus":"RANDOM_COLORLESS","is_daily":false,"chose_seed":false,"campfire_upgraded":4,"win_rate":0.0,"timestamp":1612791463,"path_taken":["M","?","M","M","M","R","M","E","T","E","R","?","?","M","R","BOSS","M","?","$","?","M","R","?","E","T","?","R","AVR","M","?","R","BOSS"],"items_purchased_type":["Relic","Card"],"build_version":"2020-12-22","purchased_purges":0,"victory":false,"max_hp_per_floor":[80,80,80,80,80,80,80,80,80,80,80,80,80,80,80,80,80,80,80,80,80,80,80,80,80,80,80,80,80,80,80,80,80,80],"card_choices":[{"not_picked":["Replay:Bootleg Shield Generator","Replay:Sssssssssshield"],"picked":"Replay:BasicMightCard","floor":0},{"not_picked":["ReplayTheSpireMod:Strike From Hell","Body Slam"],"picked":"Seeing Red","floor":1},{"not_picked":["Seeing Red","Cleave"],"picked":"Fire Breathing","floor":3},{"not_picked":["Clash","Replay:Undeath\u0027s Touch"],"picked":"Inflame","floor":4},{"not_picked":["Cleave","Spot Weakness"],"picked":"Abandon","floor":5},{"not_picked":["Clothesline","Perfected Strike"],"picked":"Wild Strike","floor":7},{"not_picked":["Impervious","Perfected Strike"],"picked":"Fire Breathing","floor":8},{"not_picked":["Perfected Strike","ReplayTheSpireMod:LeadingStrike"],"picked":"Burning Pact","floor":10},{"not_picked":["Clash","Sever Soul"],"picked":"Headbutt","floor":14},{"not_picked":["Fiend Fire","Impervious"],"picked":"Hemogenesis","floor":16},{"not_picked":["hubris:ReadiedAction","Inflame"],"picked":"Flex+1","floor":18},{"not_picked":["Warcry","Iron Wave"],"picked":"Anger","floor":19},{"not_picked":["Twin Strike+1","ReplayTheSpireMod:Corrosion Curse"],"picked":"Perfected Strike+1","floor":21},{"not_picked":["Fiend Fire","Rupture+1"],"picked":"Perfected Strike+1","floor":24},{"not_picked":["Run Through","Sever Soul+1"],"picked":"Havoc+1","floor":25},{"not_picked":["Clash","Body Slam"],"picked":"True Grit+1","floor":30}],"player_experience":352708,"relics_obtained":[{"floor":8,"key":"Replay:Bandana"},{"floor":9,"key":"Meat on the Bone"},{"floor":10,"key":"Replay:Mystery Machine"},{"floor":21,"key":"infinitespire:EmpoweringShard"},{"floor":25,"key":"hubris:TenFootPole"},{"floor":26,"key":"hubris:PeanutButter"}],"event_choices":[{"damage_healed":0,"gold_gain":75,"player_choice":"Gather Gold","damage_taken":11,"max_hp_gain":0,"max_hp_loss":0,"event_name":"World of Goop","floor":12,"gold_loss":0},{"damage_healed":45,"gold_gain":0,"player_choice":"Full Heal","damage_taken":0,"max_hp_gain":0,"max_hp_loss":0,"event_name":"Wheel of Change","floor":13,"gold_loss":0},{"damage_healed":0,"gold_gain":0,"player_choice":"Ignored","damage_taken":0,"max_hp_gain":0,"max_hp_loss":0,"event_name":"Beggar","floor":27,"gold_loss":0}],"is_beta":false,"boss_relics":[{"not_picked":["Kintsugi","Calling Bell"],"picked":"Mark of Pain"}],"items_purged_floors":[],"is_endless":false,"potions_floor_spawned":[1,4,5,7,18,30],"killed_by":"Automaton","ascension_level":5}}