{"host":"nyffms3wv8okr3l3","time":1612790896,"event":{"mods":["Astrologer","Bard","BaseMod","Beaked The Cultist","Bestiary","BetterRewards","Colored Powertips","Downfall","Fiend Mod","Gremlin Mod","Hermit","Hubris","Hunter ??","Infinite Spire","Marisa????????","Minty Spire (QoL Compilation)","Replay The Spire","SOS???????","StSLib","Synergy Search","The Forsaken"],"gold_per_floor":[113,113,113,113,113,141,164,164,191,291,271,323,392,425,425,268,318,345,373,467,467,481,481],"floor_reached":22,"language":"ENG","playtime":1272,"items_purged":[],"score":217,"play_id":"d712d532-1071-407b-af10-8089f5814124","local_time":"20210208112816","is_ascension_mode":false,"campfire_choices":[{"data":"Doubleshoot","floor":8,"key":"SMITH"},{"floor":15,"key":"DIG"}],"circlet_count":0,"master_deck":["Attack_a","Attack_a","Attack_b","Shoot","Shoot","Provocation","Defend_Dante","Defend_Dante","Defend_Dante","Defend_Dante","Redorb","Greenorb","Whiteorb","Doubleshoot+1","hubris:Wrath","downfall:Aged","Goldorb","Dash2","Stinger+1","Gunslinger","Enemystep","LucifercomboC","Swordmaster","Fullhouse+1","CoyoteA","LucifercomboB","VitalstarM"],"relics":["SSS","Combocheck","NeowsBlessing","Omamori","hubris:Towel","Quantum Egg","Boot","Du-Vu Doll","Bag of Marbles","Oddly Smooth Stone","Tiny House"],"acts_visited":["Exordium","TheCity"],"potions_floor_usage":[16,16],"damage_taken":[{"damage":0,"enemies":"Small Slimes","floor":1,"turns":1},{"damage":0,"enemies":"Lagavulin","floor":6,"turns":1},{"damage":0,"enemies":"2 Louse","floor":7,"turns":1},{"damage":17,"enemies":"Jaw Worm","floor":12,"turns":5},{"damage":47,"enemies":"Gremlin Nob","floor":13,"turns":6},{"damage":10,"enemies":"2 Fungi Beasts","floor":14,"turns":3},{"damage":57,"enemies":"Fading Forest","floor":16,"turns":11},{"damage":24,"enemies":"2 Thieves","floor":18,"turns":5},{"damage":30,"enemies":"Chosen","floor":19,"turns":6},{"damage":25,"enemies":"3 Cultists","floor":22,"turns":3}],"seed_played":"-1294990639765588232","potions_obtained":[{"floor":6,"key":"EssenceOfSteel"},{"floor":11,"key":"Cursed Concoction"},{"floor":13,"key":"DuplicationPotion"},{"floor":16,"key":"EntropicBrew"},{"floor":17,"key":"ColorlessPotion"}],"is_trial":false,"path_per_floor":["M","?","?","?","?","E","M","R","T","?","?","M","E","M","R","B",null,"M","M","?","?","M"],"character_chosen":"DANTE","items_purchased":[],"campfire_rested":0,"item_purchase_floors":[],"current_hp_per_floor":[80,80,85,85,85,85,85,85,85,85,85,78,33,23,23,23,90,76,47,25,25,0,0],"gold":481,"neow_bonus":"THREE_ENEMY_KILL","is_daily":false,"chose_seed":false,"campfire_upgraded":1,"win_rate":0.0,"timestamp":1612790896,"path_taken":["M","?","?","?","?","E","?","R","T","?","?","M","E","?","R","BOSS","M","M","?","?","M"],"items_purchased_type":[],"build_version":"2020-12-22","purchased_purges":0,"victory":false,"max_hp_per_floor":[80,80,85,85,85,85,85,85,85,85,85,85,85,85,85,85,90,90,90,90,90,90,90],"card_choices":[{"not_picked":["Pandora","Gunslinger"],"picked":"Greenorb","floor":1},{"not_picked":["Holywater","Millionkick"],"picked":"Whiteorb","floor":6},{"not_picked":["Weaponchange","Royaldefend"],"picked":"Doubleshoot","floor":7},{"not_picked":["Whiteorb","Chargeshoot2"],"picked":"Dash2","floor":12},{"not_picked":["Weaponchange","DT"],"picked":"Stinger","floor":13},{"not_picked":["Unrisingdragon","SSScard"],"picked":"Gunslinger","floor":14},{"not_picked":["Blueorb","Purpleorb"],"picked":"Enemystep","floor":16},{"not_picked":["Greenorb","Ecstasy"],"picked":"LucifercomboC","floor":17},{"not_picked":["Weaponchange","Millionkick+1"],"picked":"Swordmaster","floor":18},{"not_picked":["Shock+1","Dash1"],"picked":"Fullhouse+1","floor":19},{"not_picked":["Weaponupgrade","Holywater"],"picked":"CoyoteA","floor":20},{"not_picked":["CoyoteA","Millionkick+1"],"picked":"LucifercomboB","floor":20},{"not_picked":["Unrisingdragon","Dash1"],"picked":"VitalstarM","floor":20}],"player_experience":70025,"relics_obtained":[{"floor":4,"key":"Omamori"},{"floor":6,"key":"Quantum Egg"},{"floor":9,"key":"Boot"},{"floor":13,"key":"Bag of Marbles"},{"floor":15,"key":"Oddly Smooth Stone"}],"event_choices":[{"damage_healed":0,"gold_gain":0,"player_choice":"Ignored","damage_taken":0,"max_hp_gain":0,"max_hp_loss":0,"event_name":"Golden Wing","floor":2,"gold_loss":0},{"damage_healed":0,"gold_gain":0,"player_choice":"Donut","damage_taken":0,"max_hp_gain":5,"max_hp_loss":0,"event_name":"Big Fish","floor":3,"gold_loss":0},{"damage_healed":0,"gold_gain":0,"player_choice":"Bought 1 Potion","damage_taken":0,"max_hp_gain":0,"max_hp_loss":0,"event_name":"The Woman in Blue","floor":11,"gold_loss":0}],"is_beta":false,"boss_relics":[{"not_picked":["Replay:Wanted Poster","theForsaken:PaleLantern"],"picked":"Tiny House"}],"items_purged_floors":[],"is_endless":false,"potions_floor_spawned":[6,13,16,18],"killed_by":"3 Cultists","ascension_level":0}}