{"host":"06gxn1c1bsk424jw","time":1612805455,"event":{"mods":["BaseMod","DeckTracker","Minty Spire (QoL Compilation)","SuperFastMode"],"gold_per_floor":[209,10,28,45,64,64,64,82,105,105,70,86,96,114,114,190,190,205,45,45,45,45,45,45],"floor_reached":23,"language":"KOR","playtime":1133,"items_purged":[],"score":357,"play_id":"9e5cadbb-6abf-4da9-aa8b-dd2f8b158992","local_time":"20210209023055","is_ascension_mode":true,"campfire_choices":[{"data":"Apotheosis","floor":6,"key":"SMITH"},{"floor":10,"key":"REST"},{"floor":15,"key":"REST"}],"circlet_count":0,"master_deck":["AscendersBane","Strike_R","Strike_R","Strike_R","Defend_R","Defend_R","Defend_R","Defend_R","Bash","Apotheosis+1","Cleave","Feel No Pain","Flame Barrier","Fire Breathing","Heavy Blade","Immolate","Immolate","Fiend Fire","Dark Embrace","Flame Barrier","Pummel","Warcry","Writhe"],"relics":["Burning Blood","Ancient Tea Set","Red Skull","Fusion Hammer","Orrery","Smiling Mask"],"acts_visited":["Exordium","TheCity"],"potions_floor_usage":[8,16,16,16,16,23],"damage_taken":[{"damage":12,"enemies":"Cultist","floor":1,"turns":4},{"damage":16,"enemies":"Jaw Worm","floor":3,"turns":4},{"damage":7,"enemies":"Small Slimes","floor":4,"turns":4},{"damage":12,"enemies":"3 Louse","floor":5,"turns":4},{"damage":32,"enemies":"Large Slime","floor":8,"turns":7},{"damage":12,"enemies":"Looter","floor":12,"turns":4},{"damage":12,"enemies":"Lots of Slimes","floor":13,"turns":4},{"damage":5,"enemies":"Gremlin Gang","floor":14,"turns":4},{"damage":54,"enemies":"Slime Boss","floor":16,"turns":8},{"damage":3,"enemies":"3 Byrds","floor":18,"turns":2},{"damage":66,"enemies":"Book of Stabbing","floor":23,"turns":5}],"seed_played":"-2273390984623012084","potions_obtained":[{"floor":4,"key":"SteroidPotion"},{"floor":8,"key":"CultistPotion"},{"floor":12,"key":"Weak Potion"},{"floor":14,"key":"EntropicBrew"},{"floor":16,"key":"SpeedPotion"}],"is_trial":false,"path_per_floor":["M","$","M","M","M","R","?","M","T","R","?","M","M","M","R","B",null,"M","$","?","?","?","E"],"character_chosen":"IRONCLAD","items_purchased":["Apotheosis","Orrery"],"campfire_rested":2,"item_purchase_floors":[2,19],"current_hp_per_floor":[62,62,52,51,45,45,34,8,8,30,48,42,36,37,59,11,59,62,62,62,62,62,0,0],"gold":45,"neow_bonus":"HUNDRED_GOLD","is_daily":false,"chose_seed":false,"campfire_upgraded":1,"win_rate":0.0,"timestamp":1612805455,"path_taken":["M","$","M","?","M","R","?","M","T","R","?","M","M","M","R","BOSS","M","$","?","?","?","E"],"items_purchased_type":["Card","Relic"],"build_version":"2020-12-22","purchased_purges":0,"victory":false,"max_hp_per_floor":[75,75,75,75,75,75,75,75,75,75,75,75,75,75,75,75,75,75,75,75,75,75,75,75],"card_choices":[{"not_picked":["Sword Boomerang","Thunderclap","Uppercut"],"picked":"SKIP","floor":1},{"not_picked":["Warcry","True Grit"],"picked":"Cleave","floor":3},{"not_picked":["Dropkick","Searing Blow"],"picked":"Feel No Pain","floor":4},{"not_picked":["Anger","Sword Boomerang","Flex"],"picked":"SKIP","floor":5},{"not_picked":["Sword Boomerang","Rampage","Twin Strike"],"picked":"SKIP","floor":8},{"not_picked":["Flex","Sever Soul"],"picked":"Flame Barrier","floor":12},{"not_picked":["Searing Blow","Exhume"],"picked":"Fire Breathing","floor":13},{"not_picked":["Clothesline","Perfected Strike"],"picked":"Heavy Blade","floor":14},{"not_picked":["Demon Form","Impervious"],"picked":"Immolate","floor":16},{"not_picked":["Wild Strike","Fire Breathing","Rupture"],"picked":"SKIP","floor":18},{"not_picked":["Bloodletting+1","Disarm"],"picked":"Immolate","floor":19},{"not_picked":["Pommel Strike","Clothesline"],"picked":"Fiend Fire","floor":19},{"not_picked":["Perfected Strike","Second Wind"],"picked":"Dark Embrace","floor":19},{"not_picked":["Clothesline","Headbutt"],"picked":"Flame Barrier","floor":19}],"player_experience":812431,"relics_obtained":[{"floor":9,"key":"Red Skull"}],"event_choices":[{"damage_healed":0,"gold_gain":0,"player_choice":"Success","damage_taken":11,"relics_obtained":["Ancient Tea Set"],"max_hp_gain":0,"max_hp_loss":0,"event_name":"Scrap Ooze","floor":7,"gold_loss":0},{"damage_healed":18,"gold_gain":0,"player_choice":"Healed","damage_taken":0,"max_hp_gain":0,"max_hp_loss":0,"event_name":"The Cleric","floor":11,"gold_loss":35},{"damage_healed":0,"gold_gain":0,"cards_transformed":["Strike_R","Strike_R"],"player_choice":"Became Test Subject","damage_taken":0,"max_hp_gain":0,"max_hp_loss":0,"event_name":"Drug Dealer","floor":20,"gold_loss":0,"cards_obtained":["Pummel","Warcry"]},{"damage_healed":0,"gold_gain":0,"player_choice":"Opened","damage_taken":0,"relics_obtained":["Smiling Mask"],"max_hp_gain":0,"max_hp_loss":0,"event_name":"The Mausoleum","floor":21,"gold_loss":0,"cards_obtained":["Writhe"]},{"damage_healed":0,"gold_gain":0,"player_choice":"Ignored","damage_taken":0,"max_hp_gain":0,"max_hp_loss":0,"event_name":"Ghosts","floor":22,"gold_loss":0}],"is_beta":false,"boss_relics":[{"not_picked":["Black Blood","Calling Bell"],"picked":"Fusion Hammer"}],"items_purged_floors":[],"is_endless":false,"potions_floor_spawned":[4,8,12,14,16],"killed_by":"Book of Stabbing","ascension_level":19}}