{"host":"dn025qx6yu0j7rqc","time":1612753986,"event":{"mods":["BaseMod","Colored Map","Minty Spire (QoL Compilation)","Relic Stats","StSLib"],"gold_per_floor":[118,129,145,164,179,179,190,190,259,289,289,53,53,78,78,150,150,165,121,121,139,159,159,159,159],"floor_reached":24,"language":"ENG","playtime":1888,"items_purged":["Strike_G"],"score":520,"play_id":"b084cdec-66fc-432d-852c-89f0d0d3c0a0","local_time":"20210207191306","is_ascension_mode":true,"campfire_choices":[{"floor":6.0,"key":"DIG"},{"floor":8.0,"key":"DIG"},{"floor":11.0,"key":"DIG"},{"floor":13.0,"key":"DIG"},{"data":"Catalyst","floor":15.0,"key":"SMITH"},{"data":"Wraith Form v2","floor":23,"key":"SMITH"}],"circlet_count":0,"master_deck":["AscendersBane","Strike_G","Strike_G","Strike_G","Strike_G","Defend_G","Defend_G","Defend_G","Defend_G","Defend_G","Survivor","Neutralize","Bane","Crippling Poison","Wraith Form v2+1","PiercingWail","Backflip","Blade Dance","Well Laid Plans","Catalyst+1","Night Terror","PiercingWail","Burst","Night Terror","Burst"],"relics":["Ring of the Snake","Question Card","FossilizedHelix","InkBottle","Boot","StrikeDummy","Orrery","Tiny Chest","White Beast Statue","Coffee Dripper","Nloth\u0027s Gift"],"acts_visited":["Exordium","TheCity"],"potions_floor_usage":[24,24],"damage_taken":[{"damage":0.0,"enemies":"Cultist","floor":1.0,"turns":4.0},{"damage":13.0,"enemies":"Jaw Worm","floor":2.0,"turns":5.0},{"damage":1.0,"enemies":"Small Slimes","floor":3.0,"turns":4.0},{"damage":0.0,"enemies":"2 Fungi Beasts","floor":4.0,"turns":3.0},{"damage":2.0,"enemies":"Blue Slaver","floor":5.0,"turns":5.0},{"damage":2.0,"enemies":"Lots of Slimes","floor":7.0,"turns":4.0},{"damage":0.0,"enemies":"Lagavulin","floor":10.0,"turns":7.0},{"damage":2.0,"enemies":"3 Sentries","floor":14.0,"turns":13.0},{"damage":30.0,"enemies":"Hexaghost","floor":16.0,"turns":9.0},{"damage":0.0,"enemies":"3 Byrds","floor":18.0,"turns":5.0},{"damage":0.0,"enemies":"2 Thieves","floor":19.0,"turns":5.0},{"damage":30.0,"enemies":"Sentry and Sphere","floor":21.0,"turns":15.0},{"damage":5,"enemies":"Shelled Parasite and Fungi","floor":22,"turns":8},{"damage":5,"enemies":"Slavers","floor":24,"turns":5}],"seed_played":"-1714340038138347317","potions_obtained":[{"floor":2.0,"key":"Energy Potion"},{"floor":5.0,"key":"Poison Potion"},{"floor":10.0,"key":"Fruit Juice"},{"floor":16.0,"key":"DistilledChaos"},{"floor":18.0,"key":"Weak Potion"},{"floor":19.0,"key":"Swift Potion"},{"floor":21.0,"key":"SkillPotion"},{"floor":22,"key":"ColorlessPotion"}],"is_trial":false,"path_per_floor":["M","M","M","M","M","R","M","R","T","E","R","$","R","E","R","B",null,"M","M","?","M","M","R","E"],"character_chosen":"THE_SILENT","items_purchased":["Orrery"],"campfire_rested":0,"item_purchase_floors":[12],"current_hp_per_floor":[59,46,45,45,43,43,41,41,41,41,41,41,41,39,39,9,47,52,52,52,22,17,17,12,12],"gold":159,"neow_bonus":"ONE_RARE_RELIC","is_daily":false,"chose_seed":false,"campfire_upgraded":2,"win_rate":0.0,"timestamp":1612753986,"path_taken":["M","M","M","M","M","R","M","R","T","E","R","$","R","E","R","BOSS","M","M","?","M","?","R","E"],"items_purchased_type":["Relic"],"build_version":"2020-12-22","purchased_purges":1,"victory":false,"max_hp_per_floor":[60,60,60,60,60,60,60,60,60,60,60,60,60,60,60,60,60,65,65,65,65,65,65,65,65],"relic_stats":{"counters":[14,92],"Tiny Chest":0,"Nloth\u0027s Gift":1,"Question Card":13,"Boot":[102],"obtain_stats":[{"Shovel":0,"Orrery":12,"Tiny Chest":13,"Coffee Dripper":17,"Nloth\u0027s Gift":20,"Question Card":6,"Boot":10,"StrikeDummy":11,"FossilizedHelix":8,"InkBottle":9,"White Beast Statue":14,"Ring of the Snake":0},{"Shovel":0,"Orrery":7,"Tiny Chest":7,"Coffee Dripper":9,"Nloth\u0027s Gift":11,"Question Card":5,"Boot":7,"StrikeDummy":7,"FossilizedHelix":6,"InkBottle":6,"White Beast Statue":8,"Ring of the Snake":0},{"Shovel":0,"Orrery":32,"Tiny Chest":32,"Coffee Dripper":54,"Nloth\u0027s Gift":64,"Question Card":21,"Boot":32,"StrikeDummy":32,"FossilizedHelix":25,"InkBottle":25,"White Beast Statue":45,"Ring of the Snake":0}],"InkBottle":[29],"Ring of the Snake":[28]},"card_choices":[{"not_picked":["Reflex","Slice"],"picked":"Bane","floor":1.0},{"not_picked":["Sucker Punch","Bane"],"picked":"Crippling Poison","floor":2.0},{"not_picked":["Dodge and Roll","Cloak And Dagger"],"picked":"Wraith Form v2","floor":3.0},{"not_picked":["Noxious Fumes","Dodge and Roll"],"picked":"PiercingWail","floor":4.0},{"not_picked":["Deflect","Cloak And Dagger","Expertise"],"picked":"SKIP","floor":5.0},{"not_picked":["Prepared","Quick Slash","Dagger Throw"],"picked":"Backflip","floor":7.0},{"not_picked":["Dagger Throw","Quick Slash","PiercingWail"],"picked":"Blade Dance","floor":10.0},{"not_picked":["Terror","Choke","All Out Attack"],"picked":"Well Laid Plans","floor":12.0},{"not_picked":["Bouncing Flask","Deflect","Riddle With Holes"],"picked":"Catalyst","floor":12.0},{"not_picked":["Sucker Punch","Bane","Underhanded Strike"],"picked":"Night Terror","floor":12.0},{"not_picked":["Underhanded Strike","Accuracy","Expertise"],"picked":"PiercingWail","floor":12.0},{"not_picked":["Dodge and Roll","Sucker Punch","Concentrate"],"picked":"Burst","floor":14.0},{"not_picked":["A Thousand Cuts","Unload","Glass Knife"],"picked":"Night Terror","floor":16.0},{"not_picked":["Eviscerate","Cloak And Dagger","Masterful Stab","Concentrate"],"picked":"SKIP","floor":18.0},{"not_picked":["Deflect","Acrobatics","Endless Agony","Terror"],"picked":"SKIP","floor":19.0},{"not_picked":["Blade Dance","Finisher","Glass Knife"],"picked":"Burst","floor":21.0},{"not_picked":["Blade Dance","Deflect","Prepared","Underhanded Strike"],"picked":"SKIP","floor":22}],"player_experience":1088426,"relics_obtained":[{"floor":6.0,"key":"Question Card"},{"floor":8.0,"key":"FossilizedHelix"},{"floor":9.0,"key":"InkBottle"},{"floor":10.0,"key":"Boot"},{"floor":11.0,"key":"StrikeDummy"},{"floor":13.0,"key":"Tiny Chest"},{"floor":14.0,"key":"White Beast Statue"}],"event_choices":[{"damage_healed":0.0,"max_hp_gain":0.0,"max_hp_loss":0.0,"gold_gain":0.0,"event_name":"N\u0027loth","player_choice":"Traded Relic","floor":20.0,"relics_lost":["Shovel"],"gold_loss":0.0,"damage_taken":0.0,"relics_obtained":["Nloth\u0027s Gift"]}],"is_beta":false,"boss_relics":[{"not_picked":["Astrolabe","Cursed Key"],"picked":"Coffee Dripper"}],"items_purged_floors":[12],"is_endless":false,"potions_floor_spawned":[2,5,10,16,18,19,21,22],"killed_by":"Slavers","ascension_level":20}}