{"host":"h0xw20cia6ppa69g","time":1612766098,"event":{"mods":["AchievementEnabler","BaseMod","Colored Map","Filter the Spire","Googly Eyes","Minty Spire (QoL Compilation)","Relic Stats","StSLib","The Awakened One except there are too many feathers","everything is the same but u backflip on backflip"],"gold_per_floor":[114,131,148,148,148,148,173,173,173,173,188,220,233,159,159,254,254,264,363,363,381,414,448,448,477,514,561,593,620,295,395,395,497,497,515,425,647,663,673,704,704,734,758,206,206,206,224,244,244,244,244,244,3,31,31],"floor_reached":56,"language":"ENG","playtime":3416,"items_purged":[],"score":1528,"play_id":"29b0f613-3e8d-46a2-bc51-8e3be257607a","local_time":"20210208003458","is_ascension_mode":true,"campfire_choices":[{"data":"After Image","floor":6.0,"key":"SMITH"},{"data":"Bane","floor":8.0,"key":"SMITH"},{"data":"Predator","floor":10.0,"key":"SMITH"},{"data":"Terror","floor":15.0,"key":"SMITH"},{"data":"Crippling Poison","floor":24.0,"key":"SMITH"},{"data":"A Thousand Cuts","floor":32,"key":"SMITH"},{"floor":41,"key":"RECALL"},{"data":"Burst","floor":49,"key":"SMITH"},{"data":"Finisher","floor":52,"key":"SMITH"}],"circlet_count":0,"master_deck":["Survivor","After Image+1","After Image","Footwork+1","Concentrate","Bane+1","Crippling Poison","Heel Hook","Well Laid Plans","Predator+1","Infinite Blades","Crippling Poison+1","Heel Hook","PiercingWail","Dodge and Roll","Terror+1","A Thousand Cuts+1","Cloak And Dagger","Burst+1","Blade Dance+1","Finisher+1","Sucker Punch+1","Bullet Time","Cloak And Dagger+1","Noxious Fumes","Infinite Blades+1","Grand Finale","WaveOfTheHand","CrushJoints+1","Finisher","Noxious Fumes","PiercingWail","SandsOfTime"],"relics":["Pandora\u0027s Box","Singing Bowl","Strawberry","Juzu Bracelet","Coffee Dripper","Red Mask","Bird Faced Urn","MawBank","Vajra","Pen Nib","Oddly Smooth Stone","HandDrill","Calipers","Mummified Hand","Black Star","Ninja Scroll","PreservedInsect","The Courier","Regal Pillow","Turnip","PrismaticShard","Ornamental Fan","Membership Card","Bag of Marbles","Bronze Scales","Nunchaku"],"acts_visited":["Exordium","TheCity","TheBeyond","TheEnding"],"potions_floor_usage":[55,55,55],"damage_taken":[{"damage":0.0,"enemies":"Cultist","floor":1.0,"turns":3.0},{"damage":0.0,"enemies":"2 Louse","floor":2.0,"turns":2.0},{"damage":1.0,"enemies":"Small Slimes","floor":3.0,"turns":3.0},{"damage":15.0,"enemies":"Gremlin Nob","floor":7.0,"turns":4.0},{"damage":7.0,"enemies":"Blue Slaver","floor":11.0,"turns":3.0},{"damage":7.0,"enemies":"3 Sentries","floor":12.0,"turns":8.0},{"damage":3.0,"enemies":"2 Fungi Beasts","floor":13.0,"turns":3.0},{"damage":0.0,"enemies":"The Guardian","floor":16.0,"turns":7.0},{"damage":1.0,"enemies":"Shell Parasite","floor":18.0,"turns":5.0},{"damage":7.0,"enemies":"2 Thieves","floor":21.0,"turns":4.0},{"damage":12.0,"enemies":"Masked Bandits","floor":22.0,"turns":5.0},{"damage":8.0,"enemies":"Gremlin Leader","floor":23.0,"turns":7.0},{"damage":6.0,"enemies":"Slavers","floor":25.0,"turns":5.0},{"damage":14.0,"enemies":"Gremlin Leader","floor":27.0,"turns":4.0},{"damage":1.0,"enemies":"Chosen and Byrds","floor":28.0,"turns":6.0},{"damage":0.0,"enemies":"3 Cultists","floor":29.0,"turns":4.0},{"damage":1,"enemies":"Colosseum Slavers","floor":31,"turns":6},{"damage":10,"enemies":"Colosseum Nobs","floor":31,"turns":4},{"damage":0,"enemies":"Collector","floor":33,"turns":5},{"damage":3,"enemies":"Orb Walker","floor":35,"turns":3},{"damage":6,"enemies":"3 Darklings","floor":38,"turns":5},{"damage":7,"enemies":"Writhing Mass","floor":39,"turns":6},{"damage":0,"enemies":"Giant Head","floor":40,"turns":5},{"damage":9,"enemies":"Nemesis","floor":42,"turns":3},{"damage":0,"enemies":"Maw","floor":47,"turns":6},{"damage":0,"enemies":"Transient","floor":48,"turns":5},{"damage":31,"enemies":"Awakened One","floor":50,"turns":12},{"damage":0,"enemies":"Shield and Spear","floor":54,"turns":5},{"damage":84,"enemies":"The Heart","floor":55,"turns":10}],"seed_played":"-8098454748433810136","potions_obtained":[{"floor":2.0,"key":"Poison Potion"},{"floor":3.0,"key":"SteroidPotion"},{"floor":11.0,"key":"Swift Potion"},{"floor":18.0,"key":"PowerPotion"},{"floor":27.0,"key":"Regen Potion"},{"floor":39,"key":"GhostInAJar"}],"is_trial":false,"path_per_floor":["M","M","M","?","?","R","E","R","T","R","M","E","M","$","R","B",null,"M","?","?","M","?","E","R","E","T","E","M","M","$","?","R","B",null,"M","?","?","M","M","E","R","E","T","$","?","?","M","M","R","B",null,"R","$","E","B",null],"character_chosen":"THE_SILENT","items_purchased":["Terror","Finisher","Oddly Smooth Stone","HandDrill","Turnip","PrismaticShard","Ornamental Fan","Membership Card","Finisher","Noxious Fumes","Bag of Marbles","PiercingWail"],"campfire_rested":0,"item_purchase_floors":[14,30,30,30,44,44,44,53,53,53,53,53],"current_hp_per_floor":[70,70,69,74,67,67,54,54,61,61,54,47,44,44,44,44,84,83,83,84,79,67,61,61,67,67,65,76,84,84,84,84,92,92,91,91,91,92,89,94,94,89,89,89,89,89,96,96,96,71,96,96,96,96,42],"gold":31,"neow_bonus":"BOSS_RELIC","is_daily":false,"chose_seed":false,"campfire_upgraded":8,"win_rate":0.0,"timestamp":1612766098,"path_taken":["M","?","M","?","?","R","E","R","T","R","M","E","M","$","R","BOSS","M","?","?","M","?","E","R","E","T","E","M","M","$","?","R","BOSS","M","?","?","M","M","E","R","E","T","$","?","?","M","M","R","BOSS","R","$","E","BOSS"],"items_purchased_type":["Card","Card","Relic","Relic","Relic","Relic","Relic","Relic","Card","Card","Relic","Card"],"build_version":"2020-12-22","purchased_purges":0,"victory":true,"max_hp_per_floor":[70,70,70,75,75,75,77,77,84,84,84,84,84,84,84,84,84,84,84,84,86,86,88,88,90,90,90,90,92,92,92,92,92,92,92,92,92,94,94,94,94,96,96,96,96,96,96,96,96,96,96,96,96,96,96],"relic_stats":{"Regal Pillow":0,"Singing Bowl":14,"counters":[29,148],"Pen Nib":[30],"PreservedInsect":115,"Juzu Bracelet":3,"MawBank":60,"Nunchaku":[4],"Mummified Hand":[95],"Ornamental Fan":[180],"Bird Faced Urn":[105],"Bronze Scales":[117],"Pandora\u0027s Box":["Concentrate","After Image","After Image","Footwork","Concentrate","Bane","Crippling Poison","Heel Hook","Well Laid Plans","Masterful Stab"],"Turnip":[5],"HandDrill":[28],"Black Star":3,"obtain_stats":[{"Regal Pillow":42,"Calipers":31,"Singing Bowl":7,"Vajra":26,"Juzu Bracelet":12,"PrismaticShard":44,"Nunchaku":54,"Mummified Hand":31,"Ninja Scroll":40,"Strawberry":9,"Red Mask":22,"HandDrill":30,"Ring of the Snake":0,"Oddly Smooth Stone":30,"Pen Nib":27,"PreservedInsect":40,"The Courier":42,"MawBank":25,"Ornamental Fan":44,"Bird Faced Urn":23,"Bronze Scales":54,"Pandora\u0027s Box":0,"Turnip":44,"Coffee Dripper":17,"Black Star":34,"Bag of Marbles":53,"Membership Card":53},{"Regal Pillow":24,"Calipers":18,"Singing Bowl":4,"Vajra":13,"Juzu Bracelet":6,"PrismaticShard":24,"Nunchaku":28,"Mummified Hand":18,"Ninja Scroll":23,"Strawberry":4,"Red Mask":11,"HandDrill":16,"Ring of the Snake":0,"Oddly Smooth Stone":16,"Pen Nib":14,"PreservedInsect":23,"The Courier":24,"MawBank":13,"Ornamental Fan":24,"Bird Faced Urn":12,"Bronze Scales":28,"Pandora\u0027s Box":0,"Turnip":24,"Coffee Dripper":8,"Black Star":19,"Bag of Marbles":27,"Membership Card":27},{"Regal Pillow":110,"Calipers":83,"Singing Bowl":12,"Vajra":59,"Juzu Bracelet":23,"PrismaticShard":110,"Nunchaku":138,"Mummified Hand":83,"Ninja Scroll":107,"Strawberry":12,"Red Mask":47,"HandDrill":73,"Ring of the Snake":0,"Oddly Smooth Stone":73,"Pen Nib":63,"PreservedInsect":107,"The Courier":110,"MawBank":59,"Ornamental Fan":110,"Bird Faced Urn":54,"Bronze Scales":138,"Pandora\u0027s Box":0,"Turnip":110,"Coffee Dripper":33,"Black Star":88,"Bag of Marbles":133,"Membership Card":133}]},"card_choices":[{"not_picked":["Deflect","Slice"],"picked":"Predator","floor":1.0},{"not_picked":["Well Laid Plans","Underhanded Strike"],"picked":"Infinite Blades","floor":2.0},{"not_picked":["Infinite Blades","Masterful Stab"],"picked":"Crippling Poison","floor":3.0},{"not_picked":["Riddle With Holes","Footwork","Acrobatics"],"picked":"Singing Bowl","floor":7.0},{"not_picked":["Bane","Backflip"],"picked":"Heel Hook","floor":11.0},{"not_picked":["Tactician","Accuracy"],"picked":"PiercingWail","floor":12.0},{"not_picked":["Bane","All Out Attack"],"picked":"Dodge and Roll","floor":13.0},{"not_picked":["Corpse Explosion","Venomology"],"picked":"A Thousand Cuts","floor":16.0},{"not_picked":["Skewer+1","Endless Agony"],"picked":"Escape Plan","floor":18.0},{"not_picked":["Dagger Throw","Deflect","Cloak And Dagger"],"picked":"Singing Bowl","floor":21.0},{"not_picked":["Caltrops","PiercingWail"],"picked":"Cloak And Dagger","floor":22.0},{"not_picked":["Slice","Distraction","Finisher"],"picked":"Singing Bowl","floor":23.0},{"not_picked":["Bane","Corpse Explosion","Setup"],"picked":"Singing Bowl","floor":25.0},{"not_picked":["PiercingWail","Deadly Poison"],"picked":"Burst","floor":27.0},{"not_picked":["Leg Sweep","Dodge and Roll"],"picked":"Blade Dance+1","floor":28.0},{"not_picked":["Dagger Throw","Bane","Dagger Spray"],"picked":"Singing Bowl","floor":29.0},{"not_picked":["Dash+1","Acrobatics"],"picked":"Sucker Punch+1","floor":31},{"not_picked":["Phantasmal Killer","Wraith Form v2"],"picked":"Bullet Time","floor":33},{"not_picked":["Reflex","Bane"],"picked":"Cloak And Dagger+1","floor":35},{"not_picked":["All Out Attack+1","Dash+1","Riddle With Holes+1"],"picked":"Singing Bowl","floor":38},{"not_picked":["Blur","Setup"],"picked":"Noxious Fumes","floor":39},{"not_picked":["Noxious Fumes+1","Bane"],"picked":"Infinite Blades+1","floor":40},{"not_picked":["Prepared","Flying Knee","Underhanded Strike"],"picked":"Singing Bowl","floor":42},{"not_picked":["Feed","Tantrum"],"picked":"WaveOfTheHand","floor":47},{"not_picked":["Iron Wave+1","True Grit"],"picked":"CrushJoints+1","floor":48},{"not_picked":["Adaptation","Clash+1"],"picked":"SandsOfTime","floor":54}],"player_experience":3829450,"relics_obtained":[{"floor":7.0,"key":"Singing Bowl"},{"floor":9.0,"key":"Strawberry"},{"floor":12.0,"key":"Juzu Bracelet"},{"floor":22.0,"key":"Red Mask"},{"floor":23.0,"key":"Bird Faced Urn"},{"floor":25.0,"key":"MawBank"},{"floor":26.0,"key":"Vajra"},{"floor":27.0,"key":"Pen Nib"},{"floor":31,"key":"Calipers"},{"floor":31,"key":"Mummified Hand"},{"floor":40,"key":"Ninja Scroll"},{"floor":40,"key":"PreservedInsect"},{"floor":42,"key":"The Courier"},{"floor":42,"key":"Regal Pillow"},{"floor":54,"key":"Bronze Scales"},{"floor":54,"key":"Nunchaku"}],"event_choices":[{"damage_healed":0.0,"max_hp_gain":5.0,"max_hp_loss":0.0,"gold_gain":0.0,"event_name":"Big Fish","player_choice":"Donut","floor":4.0,"gold_loss":0.0,"damage_taken":0.0},{"cards_removed":["Concentrate"],"damage_healed":0.0,"max_hp_gain":0.0,"max_hp_loss":0.0,"gold_gain":0.0,"event_name":"Golden Wing","player_choice":"Card Removal","floor":5.0,"gold_loss":0.0,"damage_taken":7.0},{"damage_healed":0.0,"max_hp_gain":0.0,"max_hp_loss":0.0,"gold_gain":99.0,"event_name":"Nest","player_choice":"Stole From Cult","floor":19.0,"gold_loss":0.0,"damage_taken":0.0},{"cards_removed":["Escape Plan"],"damage_healed":1.0,"max_hp_gain":0.0,"max_hp_loss":0.0,"gold_gain":0.0,"event_name":"Bonfire Elementals","player_choice":"Offered Uncommon","floor":20.0,"gold_loss":0.0,"damage_taken":0.0},{"damage_healed":0.0,"max_hp_gain":0.0,"max_hp_loss":0.0,"gold_gain":0.0,"event_name":"Masked Bandits","player_choice":"Fought Bandits","floor":22.0,"gold_loss":0.0,"damage_taken":0.0},{"damage_healed":0,"gold_gain":0,"player_choice":"Fight","damage_taken":0,"max_hp_gain":0,"max_hp_loss":0,"event_name":"Colosseum","floor":31,"gold_loss":0},{"damage_healed":0,"gold_gain":0,"player_choice":"Fought Nobs","damage_taken":0,"max_hp_gain":0,"max_hp_loss":0,"event_name":"Colosseum","floor":31,"gold_loss":0},{"cards_removed":["Masterful Stab"],"damage_healed":0,"gold_gain":0,"player_choice":"Upgrade and Remove","damage_taken":0,"max_hp_gain":0,"max_hp_loss":0,"event_name":"Designer","floor":36,"gold_loss":90,"cards_upgraded":["Footwork"]},{"damage_healed":0,"gold_gain":222,"player_choice":"Wore Mask","damage_taken":0,"max_hp_gain":0,"max_hp_loss":0,"event_name":"Tomb of Lord Red Mask","floor":37,"gold_loss":0},{"damage_healed":0,"gold_gain":0,"cards_transformed":["Neutralize"],"player_choice":"Transformed","damage_taken":0,"max_hp_gain":0,"max_hp_loss":0,"event_name":"Transmorgrifier","floor":45,"gold_loss":0,"cards_obtained":["Grand Finale"]},{"damage_healed":0,"gold_gain":0,"player_choice":"Ignored","damage_taken":0,"max_hp_gain":0,"max_hp_loss":0,"event_name":"SecretPortal","floor":46,"gold_loss":0}],"is_beta":false,"boss_relics":[{"not_picked":["Cursed Key","Empty Cage"],"picked":"Coffee Dripper"},{"not_picked":["Astrolabe","Fusion Hammer"],"picked":"Black Star"}],"items_purged_floors":[],"is_endless":false,"potions_floor_spawned":[2,3,11,13,18,27,29,31,33,35,39,40,47],"ascension_level":1}}