{"host":"lddajdu6cqgaqcx3","time":1612790417,"event":{"mods":["Act Like it!","BaseMod","Bossed Relics","Colored Map","Downfall","Gensokyo","Marisa£®ÏF”Í°°ƒß¿Ì…≥£©","Minty Spire (QoL Compilation)","Reimu£®≤©¿ˆ¡È√Œ£©","Remilia£®¿Ÿ√◊¿Ú—«£©","Replay The Spire","StSLib"],"gold_per_floor":[119,133,143,158,36,61,81,10,65,82,82,13,13,13,13,132,132,150,163,186,186,186],"floor_reached":21,"language":"ZHS","playtime":1095,"items_purged":["Defend_Lin:ReiMu"],"score":183,"play_id":"3fe403fc-42aa-4c29-a427-138426aeca1a","local_time":"20210208212017","is_ascension_mode":false,"campfire_choices":[{"floor":13,"key":"REST"},{"floor":15,"key":"DIG"}],"circlet_count":0,"master_deck":["Strike_Lin:ReiMu","Strike_Lin:ReiMu","Strike_Lin:ReiMu","Strike_Lin:ReiMu","Defend_Lin:ReiMu","Defend_Lin:ReiMu","Defend_Lin:ReiMu","NB:ReiMu","Stagnation:ReiMu","Mountainwind:ReiMu","SpringWay:ReiMu","Conquer:ReiMu","Amulet:ReiMu","OrbThrow:ReiMu","PayForSelf:ReiMu","YinYangSange:ReiMu","PrepareRite:ReiMu","InherentArray:ReiMu","FantasyMoon:ReiMu","NineCharacters:ReiMu","DependentForm:ReiMu","RainPray2:ReiMu+1","SpringWay:ReiMu","WonderfulDomain:ReiMu+1"],"relics":["FlyPower:ReiMu","NeowsBlessing","Potion Belt","Dream Catcher","Golden Idol","Eternal Feather","White Beast Statue","Velvet Choker"],"acts_visited":["Exordium","TheCity"],"potions_floor_usage":[7,19,20,20],"damage_taken":[{"damage":0,"enemies":"Jaw Worm","floor":1,"turns":1},{"damage":0,"enemies":"2 Louse","floor":2,"turns":1},{"damage":0,"enemies":"Small Slimes","floor":3,"turns":2},{"damage":6,"enemies":"2 Fungi Beasts","floor":4,"turns":3},{"damage":13,"enemies":"Lagavulin","floor":6,"turns":7},{"damage":6,"enemies":"Large Slime","floor":7,"turns":7},{"damage":6,"enemies":"Blue Slaver","floor":10,"turns":6},{"damage":20,"enemies":"Hexaghost","floor":16,"turns":9},{"damage":17,"enemies":"Shell Parasite","floor":18,"turns":7},{"damage":7,"enemies":"Chosen","floor":19,"turns":7},{"damage":17,"enemies":"Sentry and Sphere","floor":20,"turns":6},{"damage":23,"enemies":"3 Cultists","floor":21,"turns":3}],"seed_played":"-1921405915064341341","potions_obtained":[{"floor":1,"key":"Strength Potion"},{"floor":3,"key":"Weak Potion"},{"floor":10,"key":"ZuzhouPotion:ReiMu"},{"floor":16,"key":"Swift Potion"},{"floor":18,"key":"Explosive Potion"},{"floor":19,"key":"LiquidFlight:ReiMu"},{"floor":20,"key":"Elixir"}],"is_trial":false,"path_per_floor":["M","M","M","M","$","E","M","$","T","M","?","$","R","T","R_BF","B",null,"M","M","M","M"],"character_chosen":"REIMU","items_purchased":["OrbThrow:ReiMu","PrepareRite:ReiMu","FantasyMoon:ReiMu"],"campfire_rested":1,"item_purchase_floors":[5,8,12],"current_hp_per_floor":[65,65,65,59,59,46,40,40,40,34,34,34,52,52,60,40,60,43,36,19,0,0],"gold":186,"neow_bonus":"THREE_ENEMY_KILL","is_daily":false,"chose_seed":false,"campfire_upgraded":0,"win_rate":0.0,"timestamp":1612790417,"path_taken":["M","M","M","M","$","E","M","$","T","M","?","?","R","?","R_BF","BOSS","M","M","M","M"],"items_purchased_type":["Card","Card","Card"],"build_version":"2020-12-22","purchased_purges":1,"victory":false,"max_hp_per_floor":[65,65,65,65,65,65,65,65,65,65,60,60,60,60,60,60,60,60,60,60,60,60],"card_choices":[{"not_picked":["Enchanting:ReiMu","AlertArray:ReiMu"],"picked":"Mountainwind:ReiMu","floor":1},{"not_picked":["Enchanting:ReiMu","Intuition:ReiMu"],"picked":"SpringWay:ReiMu","floor":2},{"not_picked":["UniversalSpiritual:ReiMu","SpringWay:ReiMu"],"picked":"Conquer:ReiMu","floor":3},{"not_picked":["SubcavityInstant:ReiMu","NineCharacters:ReiMu"],"picked":"Amulet:ReiMu","floor":4},{"not_picked":["Determination:ReiMu","PhosphorusFlame:ReiMu"],"picked":"PayForSelf:ReiMu","floor":6},{"not_picked":["FantasyBorder:ReiMu","OrbThrow:ReiMu"],"picked":"YinYangSange:ReiMu","floor":7},{"not_picked":["AlertArray:ReiMu","SubcavityInstant:ReiMu"],"picked":"InherentArray:ReiMu","floor":10},{"not_picked":["Amulet:ReiMu","EmergencyTakeOff:ReiMu"],"picked":"NineCharacters:ReiMu","floor":13},{"not_picked":["BlastKick2:ReiMu","PrayRite:ReiMu"],"picked":"DependentForm:ReiMu","floor":16},{"not_picked":["SafetyPray:ReiMu+1","Crusade:ReiMu"],"picked":"RainPray2:ReiMu+1","floor":18},{"not_picked":["FoulBorder2:ReiMu+1","OrbThrow:ReiMu"],"picked":"SpringWay:ReiMu","floor":19},{"not_picked":["AirStrike:ReiMu+1","Enchanting:ReiMu"],"picked":"WonderfulDomain:ReiMu+1","floor":20}],"player_experience":8935,"relics_obtained":[{"floor":6,"key":"Potion Belt"},{"floor":9,"key":"Dream Catcher"},{"floor":14,"key":"Eternal Feather"},{"floor":15,"key":"White Beast Statue"}],"event_choices":[{"damage_healed":0,"gold_gain":0,"player_choice":"Lose Max HP","damage_taken":0,"relics_obtained":["Golden Idol"],"max_hp_gain":0,"max_hp_loss":5,"event_name":"Golden Idol","floor":11,"gold_loss":0}],"is_beta":false,"boss_relics":[{"not_picked":["Runic Dome","Sozu"],"picked":"Velvet Choker"}],"items_purged_floors":[5],"is_endless":false,"potions_floor_spawned":[1,3,10,16,18,19,20],"killed_by":"3 Cultists","ascension_level":0}}