{"host":"pi8b3ffzwvxqztac","time":1612795754,"event":{"mods":["BaseMod","Colored Map","Custom Start","Downfall","Minty Spire (QoL Compilation)","StSLib"],"gold_per_floor":[111,39,114,114,129,154,154,181,181,181,242,256,256,256,256,256,256],"floor_reached":16,"language":"ENG","playtime":540,"items_purged":[],"score":138,"play_id":"a5178c28-a5f5-43c6-b5a1-31c887041467","local_time":"20210209034914","is_ascension_mode":true,"campfire_choices":[{"floor":7,"key":"REST"},{"floor":10,"key":"REST"},{"data":"Streamline","floor":13,"key":"SMITH"},{"floor":15,"key":"REST"}],"circlet_count":0,"master_deck":["Strike_B","Strike_B","Strike_B","Strike_B+1","Defend_B","Defend_B","Defend_B+1","Defend_B","Zap","Dualcast","downfall:Aged","Go for the Eyes","Rip and Tear","Conserve Battery","Streamline+1","Go for the Eyes","Conserve Battery"],"relics":["Cracked Core","champ:DuelingGlove","Pear","Gremlin Horn","Turnip","Bottled Flame"],"acts_visited":["Exordium"],"potions_floor_usage":[],"damage_taken":[{"damage":10,"enemies":"Small Slimes","floor":1,"turns":3},{"damage":0,"enemies":"Jaw Worm","floor":5,"turns":2},{"damage":23,"enemies":"Lagavulin","floor":6,"turns":7},{"damage":50,"enemies":"3 Sentries","floor":8,"turns":10},{"damage":0,"enemies":"Cultist","floor":12,"turns":2},{"damage":49,"enemies":"Hexaghost","floor":16,"turns":11}],"seed_played":"3043566284843997871","potions_obtained":[{"floor":1,"key":"GamblersBrew"}],"is_trial":false,"path_per_floor":["M","$","?","?","M","E","R","E","T","R","?","M","R","?","R","B"],"character_chosen":"DEFECT","items_purchased":["Rip and Tear"],"campfire_rested":3,"item_purchase_floors":[2],"current_hp_per_floor":[58,58,47,57,57,34,59,9,9,34,34,34,34,17,42,0,0],"gold":256,"neow_bonus":"ONE_RARE_RELIC","is_daily":false,"chose_seed":false,"campfire_upgraded":1,"win_rate":0.0,"timestamp":1612795754,"path_taken":["M","$","?","?","?","E","R","E","T","R","?","M","R","?","R","BOSS"],"items_purchased_type":["Card"],"build_version":"2020-12-22","purchased_purges":0,"victory":false,"max_hp_per_floor":[75,75,75,85,85,85,85,85,85,85,85,85,85,85,85,85,85],"card_choices":[{"not_picked":["Skim","Beam Cell"],"picked":"Go for the Eyes","floor":1},{"not_picked":["Turbo","Storm"],"picked":"Conserve Battery","floor":5},{"not_picked":["Sweeping Beam","Chill"],"picked":"Streamline","floor":6},{"not_picked":["Turbo","BootSequence"],"picked":"Go for the Eyes","floor":8},{"not_picked":["Steam","Stack"],"picked":"Conserve Battery","floor":12}],"player_experience":722522,"relics_obtained":[{"floor":6,"key":"Gremlin Horn"},{"floor":8,"key":"Turnip"},{"floor":9,"key":"Bottled Flame"}],"event_choices":[{"damage_healed":0,"gold_gain":75,"player_choice":"Gather Gold","damage_taken":11,"max_hp_gain":0,"max_hp_loss":0,"event_name":"World of Goop","floor":3,"gold_loss":0},{"damage_healed":0,"gold_gain":0,"player_choice":"Gave Potion","damage_taken":0,"relics_obtained":["Pear"],"max_hp_gain":0,"max_hp_loss":0,"event_name":"WeMeetAgain","floor":4,"gold_loss":0},{"damage_healed":0,"gold_gain":61,"player_choice":"Gained Gold","damage_taken":0,"max_hp_gain":0,"max_hp_loss":0,"event_name":"Golden Wing","floor":11,"gold_loss":0},{"damage_healed":0,"gold_gain":0,"player_choice":"Entered Light","damage_taken":17,"max_hp_gain":0,"max_hp_loss":0,"event_name":"Shining Light","floor":14,"gold_loss":0,"cards_upgraded":["Defend_B","Strike_B"]}],"is_beta":false,"boss_relics":[],"items_purged_floors":[],"is_endless":false,"potions_floor_spawned":[1],"killed_by":"Hexaghost","ascension_level":6}}