{"host":"tetq3wi5anb97imq","time":1612827384,"event":{"mods":["BaseMod","Block Reminder","Minty Spire (QoL Compilation)","Quick Restart","StSLib","SuperFastMode"],"gold_per_floor":[112,262,337,355,355,386,386,415,441,472,472,472,505,524,524,524,524],"floor_reached":16,"language":"ENG","playtime":276,"items_purged":[],"score":302,"play_id":"e26c1d6d-3a96-4c3f-bd71-2f03bff20d0e","local_time":"20210208213624","is_ascension_mode":true,"campfire_choices":[{"data":"Predator","floor":7,"key":"SMITH"},{"floor":12,"key":"REST"},{"data":"Skewer","floor":15,"key":"SMITH"}],"circlet_count":0,"master_deck":["AscendersBane","Strike_G","Strike_G","Strike_G","Strike_G","Strike_G","Defend_G","Defend_G","Defend_G","Defend_G","Defend_G","Survivor","Neutralize","Predator+1","Doubt","Cloak And Dagger","Slice","Flying Knee","Cloak And Dagger","Skewer+1","Dagger Throw"],"relics":["Ring of the Snake","NeowsBlessing","Regal Pillow","White Beast Statue","Orichalcum","Vajra","Smiling Mask","Shuriken","TungstenRod"],"acts_visited":["Exordium"],"potions_floor_usage":[8,8,10,16,16],"damage_taken":[{"damage":0,"enemies":"Small Slimes","floor":1,"turns":1},{"damage":0,"enemies":"2 Louse","floor":4,"turns":1},{"damage":0,"enemies":"3 Sentries","floor":6,"turns":1},{"damage":2,"enemies":"Gremlin Nob","floor":8,"turns":3},{"damage":24,"enemies":"Lagavulin","floor":10,"turns":5},{"damage":12,"enemies":"3 Sentries","floor":13,"turns":6},{"damage":5,"enemies":"Jaw Worm","floor":14,"turns":2},{"damage":14,"enemies":"The Guardian","floor":16,"turns":13}],"seed_played":"-4903866159465730941","potions_obtained":[{"floor":4,"key":"LiquidMemories"},{"floor":6,"key":"SteroidPotion"},{"floor":8,"key":"Strength Potion"},{"floor":10,"key":"SpeedPotion"},{"floor":13,"key":"SpeedPotion"},{"floor":14,"key":"LiquidMemories"}],"is_trial":false,"path_per_floor":["M","?","?","M","?","E","R","E","T","E","T","R","E","M","R","B"],"character_chosen":"THE_SILENT","items_purchased":[],"campfire_rested":1,"item_purchase_floors":[],"current_hp_per_floor":[59,59,48,48,30,30,30,28,28,4,4,38,26,21,21,7,7],"gold":524,"neow_bonus":"THREE_ENEMY_KILL","is_daily":false,"chose_seed":false,"campfire_upgraded":2,"win_rate":0.0,"timestamp":1612827384,"path_taken":["M","?","?","M","?","E","R","E","T","E","?","R","E","M","R","BOSS"],"items_purchased_type":[],"build_version":"2020-12-22","purchased_purges":0,"victory":false,"max_hp_per_floor":[66,66,66,66,66,66,66,66,66,66,66,66,66,66,66,66,66],"card_choices":[{"not_picked":["PiercingWail","Cloak And Dagger"],"picked":"Predator","floor":1},{"not_picked":["Setup","Outmaneuver"],"picked":"Cloak And Dagger","floor":4},{"not_picked":["Heel Hook","Night Terror"],"picked":"Slice","floor":6},{"not_picked":["Dagger Spray","Expertise"],"picked":"Flying Knee","floor":8},{"not_picked":["Accuracy","Catalyst"],"picked":"Cloak And Dagger","floor":10},{"not_picked":["Flechettes","Well Laid Plans"],"picked":"Skewer","floor":13},{"not_picked":["Deadly Poison","Bullet Time"],"picked":"Dagger Throw","floor":14}],"player_experience":1654064,"relics_obtained":[{"floor":6,"key":"White Beast Statue"},{"floor":8,"key":"Orichalcum"},{"floor":9,"key":"Vajra"},{"floor":10,"key":"Smiling Mask"},{"floor":11,"key":"Shuriken"},{"floor":13,"key":"TungstenRod"}],"event_choices":[{"damage_healed":0,"gold_gain":150,"player_choice":"AGREE","damage_taken":0,"max_hp_gain":0,"max_hp_loss":0,"event_name":"Liars Game","floor":2,"gold_loss":0,"cards_obtained":["Doubt"]},{"damage_healed":0,"gold_gain":75,"player_choice":"Gather Gold","damage_taken":11,"max_hp_gain":0,"max_hp_loss":0,"event_name":"World of Goop","floor":3,"gold_loss":0},{"damage_healed":0,"gold_gain":0,"player_choice":"Success","damage_taken":18,"relics_obtained":["Regal Pillow"],"max_hp_gain":0,"max_hp_loss":0,"event_name":"Scrap Ooze","floor":5,"gold_loss":0}],"is_beta":false,"boss_relics":[],"items_purged_floors":[],"is_endless":false,"potions_floor_spawned":[4,6,8,10,13,14],"killed_by":"The Guardian","ascension_level":20}}