{"host":"li7nr9q4d53iu1rb","time":1612801054,"event":{"mods":["AchievementEnabler","BaseMod","Colored Map","Colored Powertips","Downfall","Highlight Path","Minty Spire (QoL Compilation)","Permanent Neow","Quick Restart","Random Character Button","StSLib"],"gold_per_floor":[117,1,51,63,63,63,95,95,121,121,121,121,134,144,144,245,245,265,281,109,126,126,126,156,156,183,203,47,72,72,84,84,84,84],"floor_reached":33,"language":"ENG","playtime":1569,"items_purged":["Strike_B"],"score":325,"play_id":"01a7ef0e-a7e7-45b2-9788-380fb6f59e3f","local_time":"20210208121734","is_ascension_mode":true,"campfire_choices":[{"data":"Darkness","floor":6.0,"key":"SMITH"},{"floor":8,"key":"REST"},{"data":"Chill","floor":10,"key":"SMITH"},{"floor":15,"key":"REST"},{"floor":23,"key":"REST"},{"floor":25,"key":"REST"},{"floor":30,"key":"REST"},{"floor":32,"key":"REST"}],"circlet_count":0,"master_deck":["Strike_B+1","Defend_B","Defend_B","Defend_B","Defend_B","Zap","Dualcast","Core Surge","Steam","Darkness+1","Chill+1","Rebound+1","Coolheaded","Beam Cell","Buffer","Hologram+1","Conserve Battery","Hologram","Conserve Battery+1","Chaos+1","Clumsy","Hologram","FTL"],"relics":["Cracked Core","Potion Belt","Pen Nib","Letter Opener","NlothsMask","Cursed Key","Boot","Nunchaku","Art of War","Whetstone"],"acts_visited":["Exordium","TheCity"],"potions_floor_usage":[19],"damage_taken":[{"damage":1.0,"enemies":"Cultist","floor":1.0,"turns":3.0},{"damage":4.0,"enemies":"Small Slimes","floor":4.0,"turns":3.0},{"damage":53,"enemies":"Gremlin Nob","floor":7,"turns":5},{"damage":0,"enemies":"2 Louse","floor":13,"turns":2},{"damage":7,"enemies":"Red Slaver","floor":14,"turns":3},{"damage":11,"enemies":"The Guardian","floor":16,"turns":8},{"damage":11,"enemies":"2 Thieves","floor":18,"turns":4},{"damage":0,"enemies":"3 Byrds","floor":19,"turns":4},{"damage":41,"enemies":"Sentry and Sphere","floor":21,"turns":8},{"damage":24,"enemies":"Slavers","floor":24,"turns":10},{"damage":15,"enemies":"Centurion and Healer","floor":27,"turns":6},{"damage":20,"enemies":"Gremlin Leader","floor":29,"turns":6},{"damage":0,"enemies":"3 Cultists","floor":31,"turns":6},{"damage":55,"enemies":"Collector","floor":33,"turns":7}],"seed_played":"3427490075989976529","potions_obtained":[{"floor":13,"key":"BlessingOfTheForge"},{"floor":14,"key":"FearPotion"},{"floor":18,"key":"SkillPotion"},{"floor":19,"key":"SteroidPotion"},{"floor":29,"key":"FearPotion"}],"is_trial":false,"path_per_floor":["M","$","T","M","?","R","E","R","T","R","T","?","M","M","R","B",null,"M","M","$","M","?","R","E","R","T","M","$","E","R","M","R","B"],"character_chosen":"DEFECT","items_purchased":["Darkness","Hologram","Boot","Art of War"],"campfire_rested":6,"item_purchase_floors":[2,20,20,28],"current_hp_per_floor":[74,74,74,70,63,63,10,32,32,32,32,32,32,25,47,36,75,64,64,64,23,23,45,21,43,43,28,28,8,30,30,52,0,0],"gold":84,"neow_bonus":"ONE_RANDOM_RARE_CARD","is_daily":false,"chose_seed":false,"campfire_upgraded":2,"win_rate":0.0,"timestamp":1612801054,"path_taken":["M","?","?","M","?","R","E","R","T","R","?","?","M","?","R","BOSS","M","?","$","M","?","R","E","R","T","M","$","E","R","M","R","BOSS"],"items_purchased_type":["Card","Card","Relic","Relic"],"build_version":"2020-12-22","purchased_purges":1,"victory":false,"max_hp_per_floor":[75,75,75,75,75,75,75,75,75,75,75,75,75,75,75,75,75,75,75,75,75,75,75,75,75,75,75,75,75,75,75,75,75,75],"card_choices":[{"not_picked":["BootSequence","Go for the Eyes"],"picked":"Steam","floor":1.0},{"not_picked":["Lockon","Aggregate"],"picked":"Chill","floor":4.0},{"not_picked":["Aggregate","Sweeping Beam"],"picked":"Rebound","floor":7},{"not_picked":["Barrage","Rebound"],"picked":"Coolheaded","floor":13},{"not_picked":["Stack","Streamline"],"picked":"Beam Cell","floor":14},{"not_picked":["Core Surge","Meteor Strike"],"picked":"Buffer","floor":16},{"not_picked":["Sweeping Beam","Conserve Battery"],"picked":"Hologram+1","floor":18},{"not_picked":["Stack","Lockon"],"picked":"Conserve Battery","floor":19},{"not_picked":["Compile Driver","Gash"],"picked":"Conserve Battery+1","floor":21},{"not_picked":["Aggregate","Conserve Battery"],"picked":"Chaos+1","floor":24},{"not_picked":["Reprogram","Streamline+1"],"picked":"Hologram","floor":27},{"not_picked":["Beam Cell","Amplify","Sweeping Beam"],"picked":"SKIP","floor":29},{"not_picked":["Double Energy","Heatsinks"],"picked":"FTL","floor":31}],"player_experience":269999,"relics_obtained":[{"floor":3.0,"key":"Potion Belt"},{"floor":7,"key":"Pen Nib"},{"floor":11,"key":"Letter Opener"},{"floor":24,"key":"Nunchaku"},{"floor":29,"key":"Whetstone"}],"event_choices":[{"cards_removed":["Strike_B"],"damage_healed":0.0,"max_hp_gain":0.0,"max_hp_loss":0.0,"gold_gain":0.0,"event_name":"Golden Wing","player_choice":"Card Removal","floor":5.0,"gold_loss":0.0,"damage_taken":7.0},{"damage_healed":0,"gold_gain":0,"player_choice":"Trade","damage_taken":0,"relics_obtained":["NlothsMask"],"max_hp_gain":0,"max_hp_loss":0,"event_name":"FaceTrader","floor":12,"gold_loss":0},{"cards_removed":["Strike_B"],"damage_healed":0,"gold_gain":0,"player_choice":"Elegance","damage_taken":0,"max_hp_gain":0,"max_hp_loss":0,"event_name":"Back to Basics","floor":22,"gold_loss":0}],"is_beta":false,"boss_relics":[{"not_picked":["Coffee Dripper","Astrolabe"],"picked":"Cursed Key"}],"items_purged_floors":[2],"is_endless":false,"potions_floor_spawned":[13,14,18,19,29],"killed_by":"Collector","ascension_level":3}}