{"host":"2wfkxmfk74kgfdwc","time":1612799857,"event":{"mods":["BaseMod","Colored Map","Colored Powertips","Minty Spire (QoL Compilation)","Permanent Neow","Quick Restart","Relic Filter Mod","Relic Stats","Reliquary","Spire Arcade","StSLib","Wide Potions","óô»ðÖ¸ÄÏ"],"gold_per_floor":[118,118,118,130,280,307,307,322,394,394,319,357,357,382,382,510,510,523,52,52,77,97,97,116,137,137,137,137,151,151,151],"floor_reached":30,"language":"ZHS","playtime":650,"items_purged":["Strike_R"],"score":348,"play_id":"f87f5519-41bc-44c1-8a47-9d02e90ae812","local_time":"20210208235737","is_ascension_mode":true,"campfire_choices":[{"data":"Double Tap","floor":7.0,"key":"SMITH"},{"data":"Immolate","floor":13.0,"key":"SMITH"},{"data":"Heavy Blade","floor":15.0,"key":"SMITH"},{"floor":23,"key":"REST"},{"data":"Demon Form","floor":27,"key":"SMITH"}],"circlet_count":0,"master_deck":["Strike_R","Defend_R","Defend_R","Defend_R","Defend_R","Bash","Rage","Immolate+1","Double Tap+1","True Grit","Pommel Strike","Heavy Blade+1","Flex","Demon Form+1","Dark Embrace+1","Dark Embrace+1","Battle Trance","Intimidate+1"],"relics":["Burning Blood","Red Skull","Question Card","Golden Idol","reliquary:MedicineBall","reliquary:WritOfMandamus","Charon\u0027s Ashes","Medical Kit","CaptainsWheel"],"acts_visited":["Exordium","TheCity"],"potions_floor_usage":[22,30],"damage_taken":[{"damage":2.0,"enemies":"Jaw Worm","floor":1.0,"turns":4.0},{"damage":0.0,"enemies":"Small Slimes","floor":4.0,"turns":2.0},{"damage":22.0,"enemies":"3 Sentries","floor":6.0,"turns":4.0},{"damage":0.0,"enemies":"2 Louse","floor":8.0,"turns":3.0},{"damage":26.0,"enemies":"Gremlin Nob","floor":12.0,"turns":4.0},{"damage":0.0,"enemies":"Exordium Thugs","floor":14.0,"turns":1.0},{"damage":0.0,"enemies":"Slime Boss","floor":16.0,"turns":3.0},{"damage":34,"enemies":"3 Byrds","floor":18,"turns":5},{"damage":14,"enemies":"Shell Parasite","floor":21,"turns":2},{"damage":12,"enemies":"Cultist and Chosen","floor":22,"turns":3},{"damage":40,"enemies":"Sentry and Sphere","floor":24,"turns":4},{"damage":0,"enemies":"Snecko","floor":25,"turns":2},{"damage":8,"enemies":"Centurion and Healer","floor":29,"turns":3},{"damage":24,"enemies":"Book of Stabbing","floor":30,"turns":2}],"seed_played":"8366836243748027860","potions_obtained":[{"floor":6.0,"key":"SpeedPotion"},{"floor":8.0,"key":"Strength Potion"},{"floor":18,"key":"Swift Potion"},{"floor":21,"key":"Weak Potion"},{"floor":29,"key":"Explosive Potion"}],"is_trial":false,"path_per_floor":["M","?","$","M","?","E","R","M","T","?","$","E","R","M","R","B",null,"M","$","?","M","M","R","M","M","T","R","?","M","E"],"character_chosen":"IRONCLAD","items_purchased":["Charon\u0027s Ashes","Medical Kit"],"campfire_rested":1,"item_purchase_floors":[19,19],"current_hp_per_floor":[72,77,77,77,77,61,61,67,67,67,67,47,47,53,53,59,71,43,43,43,35,29,50,16,22,22,22,22,20,0,0],"gold":151,"neow_bonus":"TRANSFORM_TWO_CARDS","is_daily":false,"chose_seed":false,"campfire_upgraded":4,"win_rate":0.0,"timestamp":1612799857,"path_taken":["M","?","$","M","?","E","R","M","T","?","$","E","R","M","R","BOSS","M","$","?","M","M","R","?","M","T","R","?","?","E"],"items_purchased_type":["Relic","Relic"],"build_version":"2020-12-22","purchased_purges":1,"victory":false,"max_hp_per_floor":[72,77,77,77,77,77,77,77,77,71,71,71,71,71,71,71,71,71,71,71,71,71,71,71,71,71,71,71,71,71,71],"relic_stats":{"counters":[14,42],"Golden Idol":62,"Charon\u0027s Ashes":[18],"Question Card":9,"Medical Kit":[1],"obtain_stats":[{"CaptainsWheel":26,"Golden Idol":10,"Charon\u0027s Ashes":19,"reliquary:MedicineBall":12,"reliquary:WritOfMandamus":17,"Question Card":9,"Medical Kit":19,"Burning Blood":0,"Red Skull":6},{"CaptainsWheel":12,"Golden Idol":4,"Charon\u0027s Ashes":8,"reliquary:MedicineBall":5,"reliquary:WritOfMandamus":7,"Question Card":4,"Medical Kit":8,"Burning Blood":0,"Red Skull":3},{"CaptainsWheel":37,"Golden Idol":13,"Charon\u0027s Ashes":26,"reliquary:MedicineBall":17,"reliquary:WritOfMandamus":21,"Question Card":13,"Medical Kit":26,"Burning Blood":0,"Red Skull":10}],"Burning Blood":68},"card_choices":[{"not_picked":["Clash","Ghostly Armor","Twin Strike"],"picked":"SKIP","floor":1.0},{"not_picked":["Body Slam","Sever Soul"],"picked":"Double Tap","floor":4.0},{"not_picked":["Battle Trance","Uppercut"],"picked":"True Grit","floor":6.0},{"not_picked":["Flex","Sword Boomerang"],"picked":"Pommel Strike","floor":8.0},{"not_picked":["Barricade","True Grit","Flex"],"picked":"Heavy Blade","floor":12.0},{"not_picked":["Shockwave","Twin Strike","Headbutt"],"picked":"Flex","floor":14.0},{"not_picked":["Offering","Feed","Limit Break"],"picked":"Demon Form","floor":16.0},{"not_picked":["Clash","True Grit","Anger"],"picked":"Dark Embrace+1","floor":18},{"not_picked":["Flame Barrier","Carnage+1","Warcry","Uppercut"],"picked":"SKIP","floor":21},{"not_picked":["Anger","Headbutt+1","Entrench","Thunderclap"],"picked":"SKIP","floor":22},{"not_picked":["Armaments","Thunderclap","Heavy Blade"],"picked":"Battle Trance","floor":24},{"not_picked":["Infernal Blade","Flex","Armaments"],"picked":"Intimidate+1","floor":25},{"not_picked":["Shrug It Off","Entrench","Havoc","Headbutt+1"],"picked":"SKIP","floor":29}],"player_experience":8315,"relics_obtained":[{"floor":6.0,"key":"Red Skull"},{"floor":9.0,"key":"Question Card"},{"floor":12.0,"key":"reliquary:MedicineBall"},{"floor":26,"key":"CaptainsWheel"}],"event_choices":[{"damage_healed":0.0,"max_hp_gain":5.0,"max_hp_loss":0.0,"gold_gain":0.0,"event_name":"Big Fish","player_choice":"Donut","floor":2.0,"gold_loss":0.0,"damage_taken":0.0},{"damage_healed":0.0,"max_hp_gain":0.0,"max_hp_loss":6.0,"gold_gain":0.0,"event_name":"Golden Idol","player_choice":"Lose Max HP","floor":10.0,"gold_loss":0.0,"damage_taken":0.0,"relics_obtained":["Golden Idol"]},{"damage_healed":0,"gold_gain":0,"player_choice":"Copied","damage_taken":0,"max_hp_gain":0,"max_hp_loss":0,"event_name":"Duplicator","floor":20,"gold_loss":0,"cards_obtained":["Dark Embrace"]},{"cards_removed":["Strike_R"],"damage_healed":0,"gold_gain":0,"player_choice":"Card Removal","damage_taken":0,"max_hp_gain":0,"max_hp_loss":0,"event_name":"Wheel of Change","floor":28,"gold_loss":0}],"is_beta":false,"boss_relics":[{"not_picked":["Velvet Choker","Mark of Pain"],"picked":"reliquary:WritOfMandamus"}],"items_purged_floors":[11],"is_endless":false,"potions_floor_spawned":[6,8,18,21,29],"killed_by":"Book of Stabbing","ascension_level":4}}