{"host":"y1oqg7uy0jc6f5mb","time":1612764307,"event":{"mods":["AchievementEnabler","BaseMod","Better Altar","Better Match","Better Note","Better Sensory Stone","Better Skull","Better Third Choice","BetterRewards","Colored Map","Colored Powertips","Downfall","Highlight Path","Minty Spire (QoL Compilation)","Permanent Neow","Quick Restart","Relic Stats","Replay The Spire","Shop Mod","Smile Girya","StSLib"],"gold_per_floor":[114,126,136,156,136,136,151,181,181,198,208,218,218,287,287,384,384,403,403,403,418,418,418,451,451,451,486,146,162,172,191,191,295,295,308,327,327,34,45,45,63,93,93,93,113,132,132,147,147,147],"floor_reached":51,"language":"ENG","playtime":4336,"items_purged":["ReplayTheSpireMod:Splinters"],"score":734,"play_id":"190eb676-0ded-478b-a74d-b8122bf98125","local_time":"20210208140507","is_ascension_mode":true,"campfire_choices":[{"data":"Go for the Eyes","floor":6.0,"key":"SMITH"},{"floor":13.0,"key":"REST"},{"floor":15.0,"key":"REST"},{"floor":23.0,"key":"REST"},{"data":"White Noise","floor":25.0,"key":"SMITH"},{"floor":32.0,"key":"REST"},{"data":"Zap","floor":40.0,"key":"SMITH"},{"floor":44,"key":"REST"},{"data":"ReplayTheSpireMod:System Scan","floor":47,"key":"SMITH"},{"data":"Dualcast","floor":49,"key":"SMITH"}],"circlet_count":0,"master_deck":["Strike_B+1","Strike_B+1","Strike_B+1","Strike_B+1","Defend_B+1","Defend_B+1","Defend_B+1","Defend_B+1","Zap+1","Dualcast+1","Glacier","Loop","Go for the Eyes+1","White Noise+1","Panic Button","ReplayTheSpireMod:System Scan+1","Electrodynamics+1","All For One+1","Chill","Skim","Melter+1","Crystallizer","Capacitor+1","ReplayTheSpireMod:Calculation Training+1","Mirror Shield+1","Glacier","Core Surge+1","Ball Lightning+1","Beam Cell+1","Conserve Battery+1","ReplayUltimateDefense+1","ReplayUltimateDefense+1","Forethought+1","Doom and Gloom","Compile Driver+1","Shame","Looming Evil","Amplify+1","Recycle+1"],"relics":["Cracked Core","Replay:WaspNest","Golden Egg","Gremlin Horn","Ring of Chaos","downfall:ExtraCursedKey","Nunchaku","Symbiotic Virus","Replay:Towering Pillar of Hats","Replay:Antivirus Software","Philosopher\u0027s Stone","ReplayTheSpireMod:ShopPack","Happy Flower","Regal Pillow","Toxic Egg 2"],"acts_visited":["Exordium","TheCity","TheBeyond"],"potions_floor_usage":[42,46],"damage_taken":[{"damage":1.0,"enemies":"Cultist","floor":1.0,"turns":3.0},{"damage":1.0,"enemies":"Jaw Worm","floor":2.0,"turns":5.0},{"damage":0.0,"enemies":"2 Louse","floor":3.0,"turns":2.0},{"damage":2.0,"enemies":"Looter","floor":4.0,"turns":5.0},{"damage":4.0,"enemies":"Gremlin Gang","floor":7.0,"turns":7.0},{"damage":46.0,"enemies":"Gremlin Nob","floor":8.0,"turns":6.0},{"damage":17.0,"enemies":"Large Slime","floor":10.0,"turns":5.0},{"damage":5.0,"enemies":"Red Slaver","floor":11.0,"turns":4.0},{"damage":0.0,"enemies":"2 Fungi Beasts","floor":12.0,"turns":2.0},{"damage":31.0,"enemies":"Fading Forest","floor":16.0,"turns":11.0},{"damage":21.0,"enemies":"Chosen","floor":18.0,"turns":7.0},{"damage":6.0,"enemies":"Spheric Guardian","floor":21.0,"turns":5.0},{"damage":10.0,"enemies":"Book of Stabbing","floor":24.0,"turns":4.0},{"damage":7.0,"enemies":"Gremlin Leader","floor":27.0,"turns":5.0},{"damage":0.0,"enemies":"Chosen and Byrds","floor":29.0,"turns":4.0},{"damage":13.0,"enemies":"3 Cultists","floor":30.0,"turns":4.0},{"damage":28.0,"enemies":"Snecko","floor":31.0,"turns":4.0},{"damage":8.0,"enemies":"Collector","floor":33.0,"turns":9.0},{"damage":8.0,"enemies":"Orb Walker","floor":35.0,"turns":3.0},{"damage":3.0,"enemies":"3 Darklings","floor":36.0,"turns":4.0},{"damage":40.0,"enemies":"Transient","floor":39.0,"turns":5.0},{"damage":0.0,"enemies":"Maw","floor":41.0,"turns":8.0},{"damage":11,"enemies":"Nemesis","floor":42,"turns":9},{"damage":0,"enemies":"3 Darklings","floor":45,"turns":6},{"damage":0,"enemies":"Sphere and 2 Shapes","floor":46,"turns":5},{"damage":0,"enemies":"Jaw Worm Horde","floor":48,"turns":5},{"damage":34,"enemies":"Replay:Hell Engine","floor":50,"turns":16}],"seed_played":"6367254765306507944","potions_obtained":[{"floor":1.0,"key":"Dexterity Potion"},{"floor":2.0,"key":"Regen Potion"},{"floor":7.0,"key":"ColorlessPotion"},{"floor":10.0,"key":"AttackPotion"},{"floor":18.0,"key":"Reflective Coating"},{"floor":24.0,"key":"DistilledChaos"},{"floor":30.0,"key":"Explosive Potion"},{"floor":33.0,"key":"SkillPotion"},{"floor":41.0,"key":"PowerPotion"},{"floor":42,"key":"DistilledChaos"}],"is_trial":false,"path_per_floor":["M","M","M","M","?","R","M","E","T","M","M","M","R","T","R","B",null,"M","?","?","M","?","R","E","R","T","E","$","M","M","M","R","B",null,"M","M","?","$","M","R","M","E","T","R","M","M","R","M","R","B",null],"character_chosen":"DEFECT","items_purchased":["Capacitor","ReplayTheSpireMod:Calculation Training","Replay:Antivirus Software","Conserve Battery","ReplayTheSpireMod:ShopPack","Happy Flower"],"campfire_rested":5,"item_purchase_floors":[28,28,28,38,38,38],"current_hp_per_floor":[72,71,71,69,69,69,65,31,31,14,9,9,33,33,57,40,70,49,49,49,43,43,67,57,57,57,50,50,50,37,9,33,25,66,58,55,55,55,45,45,45,34,34,73,73,73,73,73,73,39],"gold":147,"neow_bonus":"RANDOM_EVENT","is_daily":false,"chose_seed":false,"campfire_upgraded":5,"win_rate":0.0,"timestamp":1612764307,"path_taken":["M","?","M","M","?","R","M","E","T","M","M","M","R","?","R","BOSS","M","?","?","M","?","R","E","R","T","E","$","M","M","M","R","BOSS","M","?","?","$","M","R","M","E","T","R","M","?","R","M","R","BOSS"],"items_purchased_type":["Card","Card","Relic","Card","Relic","Relic"],"build_version":"2020-12-22","purchased_purges":1,"victory":true,"max_hp_per_floor":[80,80,80,80,80,80,80,80,80,80,80,80,80,80,80,80,80,80,80,80,80,80,80,80,80,80,80,80,80,80,80,80,80,80,80,80,80,80,80,80,80,80,80,80,80,80,80,80,80,80],"relic_stats":{"Nunchaku":[12],"Regal Pillow":15,"Gremlin Horn":[29,29],"Happy Flower":[18],"counters":[27,153],"obtain_stats":[{"Golden Egg":9,"Regal Pillow":42,"Gremlin Horn":14,"Replay:Towering Pillar of Hats":27,"Happy Flower":38,"Replay:WaspNest":8,"Ring of Chaos":17,"Nunchaku":24,"Philosopher\u0027s Stone":34,"downfall:ExtraCursedKey":19,"Replay:Antivirus Software":28,"Toxic Egg 2":43,"Cracked Core":0,"Symbiotic Virus":26,"ReplayTheSpireMod:ShopPack":38},{"Golden Egg":6,"Regal Pillow":23,"Gremlin Horn":9,"Replay:Towering Pillar of Hats":14,"Happy Flower":20,"Replay:WaspNest":6,"Ring of Chaos":10,"Nunchaku":13,"Philosopher\u0027s Stone":18,"downfall:ExtraCursedKey":11,"Replay:Antivirus Software":14,"Toxic Egg 2":23,"Cracked Core":0,"Symbiotic Virus":13,"ReplayTheSpireMod:ShopPack":20},{"Golden Egg":28,"Regal Pillow":121,"Gremlin Horn":39,"Replay:Towering Pillar of Hats":71,"Happy Flower":99,"Replay:WaspNest":28,"Ring of Chaos":50,"Nunchaku":66,"Philosopher\u0027s Stone":92,"downfall:ExtraCursedKey":57,"Replay:Antivirus Software":71,"Toxic Egg 2":121,"Cracked Core":0,"Symbiotic Virus":66,"ReplayTheSpireMod:ShopPack":99}]},"card_choices":[{"not_picked":["ReplayTheSpireMod:Reroute Power","Conserve Battery"],"picked":"Glacier","floor":1.0},{"not_picked":["Panic Button","Skim"],"picked":"Loop","floor":2.0},{"not_picked":["Steam","Gash","Barrage"],"picked":"SKIP","floor":3.0},{"not_picked":["Steam","Barrage"],"picked":"Gash","floor":3.0},{"not_picked":["Beam Cell","Redo"],"picked":"Go for the Eyes","floor":4.0},{"not_picked":["Go for the Eyes","Beam Cell","Lockon"],"picked":"SKIP","floor":7.0},{"not_picked":["Darkness","Fusion"],"picked":"White Noise","floor":8.0},{"not_picked":["Storm","Beam Cell"],"picked":"Panic Button","floor":10.0},{"not_picked":["Aggregate","Storm"],"picked":"ReplayTheSpireMod:System Scan","floor":11.0},{"not_picked":["Compile Driver","Steam"],"picked":"Electrodynamics","floor":12.0},{"not_picked":["Meteor Strike","ReplayTheSpireMod:Omega Cannon"],"picked":"All For One","floor":16.0},{"not_picked":["Leap","Cold Snap"],"picked":"Chill","floor":18.0},{"not_picked":["Gash","Compile Driver"],"picked":"Skim","floor":21.0},{"not_picked":["Tempest+1","BasicCrystalCard"],"picked":"Melter+1","floor":24.0},{"not_picked":["ReplayTheSpireMod:Reroute Power","Sweeping Beam"],"picked":"Crystallizer","floor":27.0},{"not_picked":["Leap","Hologram","Turbo"],"picked":"SKIP","floor":29.0},{"not_picked":["Stack","ReplayTheSpireMod:System Scan"],"picked":"Mirror Shield","floor":30.0},{"not_picked":["Leap","Panic Button"],"picked":"Glacier","floor":31.0},{"not_picked":["Buffer","ReplayRNGCard"],"picked":"Core Surge","floor":33.0},{"not_picked":["Steam+1","Redo"],"picked":"Ball Lightning+1","floor":35.0},{"not_picked":["Capacitor","Barrage"],"picked":"Beam Cell+1","floor":36.0},{"not_picked":["Sadistic Nature","Poisoned Strike"],"picked":"ReplayUltimateDefense","floor":38.0},{"not_picked":["Mind Blast","Magnetism"],"picked":"ReplayUltimateDefense","floor":38.0},{"not_picked":["Good Instincts","Secret Technique"],"picked":"Forethought","floor":38.0},{"not_picked":["Conserve Battery","Force Field+1"],"picked":"Doom and Gloom","floor":39.0},{"not_picked":["Coolheaded","Scrape+1"],"picked":"Compile Driver+1","floor":41.0},{"not_picked":["Steam+1","Compile Driver","Panic Button+1"],"picked":"SKIP","floor":42},{"not_picked":["Panic Button+1","Barrage","Ball Lightning"],"picked":"SKIP","floor":45},{"not_picked":["Rebound+1","Compile Driver+1"],"picked":"Amplify+1","floor":46},{"not_picked":["Hologram+1","Cold Snap+1"],"picked":"Recycle+1","floor":48}],"player_experience":389347,"relics_obtained":[{"floor":8.0,"key":"Replay:WaspNest"},{"floor":9.0,"key":"Golden Egg"},{"floor":14.0,"key":"Gremlin Horn"},{"floor":24.0,"key":"Nunchaku"},{"floor":26.0,"key":"Symbiotic Virus"},{"floor":27.0,"key":"Replay:Towering Pillar of Hats"},{"floor":42,"key":"Regal Pillow"},{"floor":43,"key":"Toxic Egg 2"}],"event_choices":[{"damage_healed":0.0,"max_hp_gain":5.0,"max_hp_loss":0.0,"gold_gain":0.0,"event_name":"Big Fish","player_choice":"Donut","floor":0.0,"gold_loss":0.0,"damage_taken":0.0},{"damage_healed":0.0,"max_hp_gain":0.0,"max_hp_loss":0.0,"gold_gain":0.0,"event_name":"betterThird:BetterGoop","player_choice":"Left","floor":5.0,"gold_loss":20.0,"damage_taken":0.0},{"damage_healed":0.0,"max_hp_gain":0.0,"max_hp_loss":8.0,"gold_gain":0.0,"event_name":"betterThird:BetterWriting","player_choice":"Simplicity","floor":20.0,"gold_loss":0.0,"damage_taken":0.0},{"cards_removed":["Gash"],"damage_healed":0.0,"max_hp_gain":0.0,"max_hp_loss":0.0,"gold_gain":0.0,"event_name":"Wheel of Change","player_choice":"Card Removal","floor":22.0,"gold_loss":0.0,"damage_taken":0.0},{"cards_removed":["Writhe"],"damage_healed":0.0,"max_hp_gain":0.0,"max_hp_loss":0.0,"gold_gain":0.0,"event_name":"Wheel of Change","player_choice":"Card Removal","floor":37.0,"gold_loss":0.0,"damage_taken":0.0}],"is_beta":false,"boss_relics":[{"not_picked":["SacredBark","Velvet Choker"],"picked":"Ring of Chaos"},{"not_picked":["Calling Bell","Runic Dome"],"picked":"Philosopher\u0027s Stone"}],"items_purged_floors":[28],"is_endless":false,"potions_floor_spawned":[1,2,7,10,18,24,30,33,41,42],"ascension_level":7}}