{"host":"p4v0hquynnreu717","time":1612778435,"event":{"mods":["BaseMod","Better Vampires","DeckTracker","Googly Eyes","Minty Spire (QoL Compilation)","Quick Restart","StSLib","SuperFastMode"],"gold_per_floor":[20,32,52,52,62,62,87,87,87,100,100,100,118,143,143,217,267,278,278,296,151,161,161,174,174,174],"floor_reached":25,"language":"ZHS","playtime":833,"items_purged":["Strike_R"],"score":376,"play_id":"b331efc9-2d5b-4239-98bb-daecabb0275a","local_time":"20210208180035","is_ascension_mode":true,"campfire_choices":[{"data":"Carnage","floor":6.0,"key":"SMITH"},{"data":"True Grit","floor":8.0,"key":"SMITH"},{"data":"Dark Embrace","floor":12.0,"key":"SMITH"},{"data":"Barricade","floor":15.0,"key":"SMITH"},{"data":"Entrench","floor":23.0,"key":"SMITH"}],"circlet_count":0,"master_deck":["AscendersBane","Strike_R","Strike_R","Strike_R","Defend_R","Defend_R","Defend_R","Defend_R","Bash","Master of Strategy","Carnage+1","Dark Embrace+1","Brutality","True Grit+1","Whirlwind+1","Barricade+1","Shockwave+1","Berserk","Entrench+1","Spot Weakness+1","Decay","Entrench"],"relics":["Burning Blood","Bag of Marbles","Molten Egg 2","TungstenRod","Tiny House"],"acts_visited":["Exordium","TheCity"],"potions_floor_usage":[24],"damage_taken":[{"damage":1.0,"enemies":"Cultist","floor":1.0,"turns":3.0},{"damage":4.0,"enemies":"Jaw Worm","floor":2.0,"turns":4.0},{"damage":0.0,"enemies":"Small Slimes","floor":3.0,"turns":3.0},{"damage":23.0,"enemies":"Red Slaver","floor":5.0,"turns":4.0},{"damage":30.0,"enemies":"Lagavulin","floor":7.0,"turns":6.0},{"damage":21.0,"enemies":"3 Louse","floor":10.0,"turns":4.0},{"damage":8.0,"enemies":"Blue Slaver","floor":13.0,"turns":2.0},{"damage":19.0,"enemies":"3 Sentries","floor":14.0,"turns":7.0},{"damage":65.0,"enemies":"The Guardian","floor":16.0,"turns":15.0},{"damage":38.0,"enemies":"2 Thieves","floor":18.0,"turns":4.0},{"damage":2.0,"enemies":"3 Byrds","floor":20.0,"turns":5.0},{"damage":7.0,"enemies":"3 Cultists","floor":22.0,"turns":5.0},{"damage":32,"enemies":"Chosen and Byrds","floor":24,"turns":12},{"damage":0,"enemies":"Gremlin Leader","floor":25,"turns":3}],"seed_played":"7424019500106819411","potions_obtained":[{"floor":2.0,"key":"BloodPotion"},{"floor":5.0,"key":"CultistPotion"},{"floor":7.0,"key":"FairyPotion"},{"floor":13.0,"key":"FairyPotion"},{"floor":17.0,"key":"EntropicBrew"},{"floor":18.0,"key":"FearPotion"},{"floor":20.0,"key":"ElixirPotion"}],"is_trial":false,"path_per_floor":["M","M","M","?","M","R","E","R","T","M","?","R","M","E","R","B",null,"M","?","M","$","M","R","M","E"],"character_chosen":"IRONCLAD","items_purchased":["Entrench"],"campfire_rested":0,"item_purchase_floors":[21],"current_hp_per_floor":[73,75,75,75,58,58,49,49,49,34,34,34,32,19,19,20,66,34,34,38,38,37,37,11,11,11],"gold":174,"neow_bonus":"RANDOM_COLORLESS_2","is_daily":false,"chose_seed":false,"campfire_upgraded":5,"win_rate":0.0,"timestamp":1612778435,"path_taken":["M","?","M","?","M","R","E","R","T","M","?","R","?","E","R","BOSS","M","?","?","$","M","R","M","E"],"items_purchased_type":["Card"],"build_version":"2020-12-22","purchased_purges":1,"victory":false,"max_hp_per_floor":[75,75,75,75,75,75,75,75,75,75,75,75,75,75,75,75,80,80,80,80,80,80,80,80,80,80],"card_choices":[{"not_picked":["Panache","Violence"],"picked":"Master of Strategy","floor":0.0},{"not_picked":["Clash","Burning Pact"],"picked":"Carnage","floor":1.0},{"not_picked":["Perfected Strike","Pommel Strike","Havoc"],"picked":"SKIP","floor":2.0},{"not_picked":["Body Slam","Iron Wave"],"picked":"Dark Embrace","floor":3.0},{"not_picked":["Sword Boomerang","Anger","Heavy Blade"],"picked":"SKIP","floor":5.0},{"not_picked":["Blood for Blood","Dark Embrace"],"picked":"True Grit","floor":7.0},{"not_picked":["Fiend Fire+1","Twin Strike+1"],"picked":"Whirlwind+1","floor":10.0},{"not_picked":["Iron Wave+1","Evolve"],"picked":"Shockwave","floor":13.0},{"not_picked":["Brutality","Whirlwind+1","Thunderclap+1"],"picked":"SKIP","floor":14.0},{"not_picked":["Double Tap","Immolate+1"],"picked":"Berserk","floor":16.0},{"not_picked":["Thunderclap+1","Combust"],"picked":"Entrench","floor":17.0},{"not_picked":["Whirlwind+1","Twin Strike+1"],"picked":"Spot Weakness+1","floor":18.0},{"not_picked":["Carnage+1","Flex","Perfected Strike+1"],"picked":"SKIP","floor":20.0},{"not_picked":["Ghostly Armor+1","Shockwave","Cleave+1"],"picked":"SKIP","floor":22.0},{"not_picked":["Headbutt+1","Twin Strike+1","Iron Wave+1"],"picked":"SKIP","floor":24}],"player_experience":806066,"relics_obtained":[{"floor":7.0,"key":"Bag of Marbles"},{"floor":9.0,"key":"Molten Egg 2"},{"floor":14.0,"key":"TungstenRod"}],"event_choices":[{"damage_healed":0.0,"max_hp_gain":0.0,"max_hp_loss":0.0,"gold_gain":0.0,"cards_transformed":["Strike_R"],"event_name":"Living Wall","player_choice":"Change","floor":4.0,"gold_loss":0.0,"damage_taken":0.0,"cards_obtained":["Brutality"]},{"damage_healed":0.0,"max_hp_gain":0.0,"max_hp_loss":0.0,"gold_gain":0.0,"event_name":"Match and Keep!","player_choice":"1 cards matched","floor":11.0,"gold_loss":0.0,"damage_taken":0.0,"cards_obtained":["Barricade"]},{"damage_healed":0.0,"max_hp_gain":0.0,"max_hp_loss":0.0,"gold_gain":0.0,"event_name":"Wheel of Change","player_choice":"Cursed","floor":19.0,"gold_loss":0.0,"damage_taken":0.0,"cards_obtained":["Decay"]}],"is_beta":false,"boss_relics":[{"not_picked":["Sozu","Velvet Choker"],"picked":"Tiny House"}],"items_purged_floors":[21],"is_endless":false,"potions_floor_spawned":[2,5,7,13,18,20],"killed_by":"Gremlin Leader","ascension_level":15}}