{"host":"2q4w55ev63ot6isg","time":1612762153,"event":{"mods":["Aspiration","BaseMod","Downfall","Hubris","Marisa????????","Minty Spire (QoL Compilation)","Replay The Spire","StSLib","The Cursed","The Jungle","The Servant 0.9.4"],"gold_per_floor":[192,207,207,219,235,13,62,74,74,5,5,17,17,33,47,144,144,144,154,154,169,269,120,120,133,133,168,118,133,161,61,76,171,171,171,184,201,246,110,128,151,151,51,62,62,62,78,128,145,145],"floor_reached":51,"language":"ENG","playtime":2349,"items_purged":["Delirium","bronze:Strike"],"score":756,"play_id":"e7f287d3-a035-46c4-be1e-c625f892e3f5","local_time":"20210207212913","is_ascension_mode":false,"campfire_choices":[{"data":"bronze:Hardcode","floor":11,"key":"SMITH"},{"floor":13,"key":"REST"},{"floor":26,"key":"REST"},{"data":"bronze:OilSpill","floor":35,"key":"PURGE"},{"data":"Replay:SS_forest_2","floor":42,"key":"SMITH"},{"data":"expansioncontent:DashGenerateEvil","floor":45,"key":"SMITH"}],"circlet_count":0,"master_deck":["bronze:Replicate","bronze:Branch","bronze:Optimize","bronze:RecursiveStrike","bronze:BugBarrage","expansioncontent:StudyTheSpire+1","bronze:Flail","bronze:Return","bronze:FunctionCard","bronze:Repair","bronze:Return","bronze:Verify","expansioncontent:DashGenerateEvil+1","expansioncontent:PrepareCrush","bronze:DelayedSlice","bronze:SpaghettiCode","bronze:DelayedSlice","bronze:ClassDefault","bronze:MaxOutput","bronze:CleanCode","bronze:DelayedGuard","bronze:Branch","Replay:SS_forest_2+1","bronze:Repair","bronze:Repair","bronze:Repair+1","bronze:Mutator","bronze:DelayedSlice+1"],"relics":["bronze:PlatinumCore","Shuriken","hubris:OldNail","Replay:Grab Bag","Busted Crown","Sozu","Nilry\u0027s Codex","aspiration:RitualStick","PreservedInsect","Replay:Bottled Snecko","Akabeko","Pandora\u0027s Box","Counterbalance","bronze:ProtectiveGoggles","Pondfish Scales"],"acts_visited":["Exordium","TheCity","TheBeyond"],"potions_floor_usage":[16,23],"damage_taken":[{"damage":5,"enemies":"Jaw Worm","floor":2,"turns":5},{"damage":0,"enemies":"Small Slimes","floor":4,"turns":3},{"damage":3,"enemies":"2 Louse","floor":5,"turns":3},{"damage":2,"enemies":"downfall:FleeingMerchant","floor":6,"turns":4},{"damage":8,"enemies":"Red Slaver","floor":8,"turns":2},{"damage":7,"enemies":"downfall:FleeingMerchant","floor":10,"turns":4},{"damage":7,"enemies":"Blue Slaver","floor":12,"turns":4},{"damage":14,"enemies":"3 Louse","floor":14,"turns":3},{"damage":18,"enemies":"2 Fungi Beasts","floor":15,"turns":4},{"damage":35,"enemies":"WA_ARCHETYPE_RETAIN","floor":16,"turns":7},{"damage":18,"enemies":"Shell Parasite","floor":19,"turns":6},{"damage":0,"enemies":"Chosen","floor":21,"turns":4},{"damage":8,"enemies":"downfall:FleeingMerchant","floor":23,"turns":4},{"damage":8,"enemies":"3 Cultists","floor":25,"turns":5},{"damage":14,"enemies":"Slavers","floor":27,"turns":5},{"damage":4,"enemies":"Cultist and Chosen","floor":29,"turns":4},{"damage":0,"enemies":"Book of Stabbing","floor":30,"turns":3},{"damage":12,"enemies":"Snake Plant","floor":32,"turns":3},{"damage":26,"enemies":"SI_MIRROR_ARCHETYPE","floor":33,"turns":8},{"damage":2,"enemies":"3 Darklings","floor":36,"turns":3},{"damage":0,"enemies":"Orb Walker","floor":37,"turns":3},{"damage":4,"enemies":"2 Orb Walkers","floor":38,"turns":4},{"damage":18,"enemies":"Jaw Worm Horde","floor":40,"turns":5},{"damage":6,"enemies":"Writhing Mass","floor":44,"turns":3},{"damage":16,"enemies":"Spire Growth","floor":47,"turns":2},{"damage":0,"enemies":"Spire Growth","floor":48,"turns":2},{"damage":0,"enemies":"Sphere and 2 Shapes","floor":49,"turns":2},{"damage":10,"enemies":"IC_BLOCK_ARCHETYPE","floor":50,"turns":6}],"seed_played":"-1154978062964158696","potions_obtained":[{"floor":5,"key":"champ:CounterPotion"},{"floor":8,"key":"SpeedPotion"},{"floor":12,"key":"Block Potion"},{"floor":15,"key":"Slimebound:ThreeZeroPotion"}],"is_trial":false,"path_per_floor":["R","M","?","M","M","$","T","M","?","$","R","M","R","M","M","B",null,"R","M","?","M","?","$","T","M","R","E","?","M","E","$","M","B",null,"R","M","M","?","$","M","T","R","NS","M","R","?","M","?","M","B",null],"character_chosen":"THE_AUTOMATON","items_purchased":["expansioncontent:StudyTheSpire+1","bronze:Flail","bronze:Boost","expansioncontent:DashGenerateEvil","PreservedInsect","expansioncontent:PrepareCrush","Replay:SS_forest_2","bronze:Repair"],"campfire_rested":2,"item_purchase_floors":[6,6,10,23,23,23,39,39],"current_hp_per_floor":[77,72,60,60,57,55,55,47,47,40,40,33,56,42,34,9,77,61,53,38,38,38,37,37,39,62,58,77,73,77,77,72,55,77,77,77,77,77,77,73,73,73,73,77,77,77,77,77,77,77],"gold":145,"neow_bonus":"TEN_PERCENT_HP_BONUS","is_daily":false,"chose_seed":false,"campfire_upgraded":3,"win_rate":0.0,"timestamp":1612762153,"path_taken":["R","M","?","M","M","$","T","M","?","$","R","M","R","M","M","BOSS","R","M","?","M","?","$","T","M","R","E","?","M","E","?","M","BOSS","R","M","M","?","$","M","T","R","NS","M","R","?","?","?","M","BOSS"],"items_purchased_type":["Card","Card","Card","Card","Relic","Card","Card","Card"],"build_version":"2020-12-22","purchased_purges":2,"victory":true,"max_hp_per_floor":[77,77,77,77,77,77,77,77,77,77,77,77,77,77,77,77,77,77,77,77,77,77,77,77,77,77,77,77,77,77,77,77,77,77,77,77,77,77,77,77,77,77,77,77,77,77,77,77,77,77],"card_choices":[{"not_picked":["bronze:BitShift","bronze:DigitalCarnage"],"picked":"bronze:Branch","floor":2},{"not_picked":["bronze:OilSpill","bronze:Deprecate"],"picked":"bronze:Optimize","floor":4},{"not_picked":["bronze:Repulsor","bronze:OilSpill"],"picked":"bronze:RecursiveStrike","floor":5},{"not_picked":["bronze:Invalidate","bronze:Turbo"],"picked":"bronze:BugBarrage","floor":6},{"not_picked":["bronze:Frontload","bronze:Fortify"],"picked":"bronze:Return","floor":8},{"not_picked":["bronze:InfiniteBeams","bronze:MaxOutput"],"picked":"bronze:Hardcode","floor":10},{"not_picked":["bronze:BuggyMess","bronze:ForLoop","bronze:Overheat"],"picked":"SKIP","floor":12},{"not_picked":["bronze:WildBeam","bronze:BuggyMess"],"picked":"bronze:Repair","floor":14},{"not_picked":["bronze:OilSpill","bronze:Invalidate"],"picked":"bronze:Return","floor":15},{"not_picked":["bronze:Mutator","bronze:SpaghettiCode"],"picked":"bronze:Verify","floor":16},{"not_picked":["bronze:Deprecate"],"picked":"SKIP","floor":19},{"not_picked":["bronze:BuggyMess"],"picked":"SKIP","floor":21},{"not_picked":["bronze:ForceShield"],"picked":"SKIP","floor":23},{"not_picked":[],"picked":"bronze:DelayedSlice","floor":25},{"not_picked":[],"picked":"bronze:NullPointer+1","floor":27},{"not_picked":["bronze:Invalidate"],"picked":"SKIP","floor":29},{"not_picked":["bronze:DelayedSlice"],"picked":"SKIP","floor":30},{"not_picked":["bronze:OilSpill"],"picked":"SKIP","floor":32},{"not_picked":[],"picked":"bronze:SpaghettiCode","floor":33},{"not_picked":["bronze:Deprecate"],"picked":"SKIP","floor":36},{"not_picked":[],"picked":"bronze:Safeguard+1","floor":37},{"not_picked":[],"picked":"bronze:Repair+1","floor":40},{"not_picked":["bronze:Separator"],"picked":"SKIP","floor":44},{"not_picked":[],"picked":"bronze:DelayedSlice+1","floor":47},{"not_picked":["bronze:Overheat"],"picked":"SKIP","floor":49}],"player_experience":237099,"relics_obtained":[{"floor":7,"key":"hubris:OldNail"},{"floor":18,"key":"Nilry\u0027s Codex"},{"floor":24,"key":"Replay:Bottled Snecko"},{"floor":27,"key":"Replay:Mystery Machine"},{"floor":30,"key":"Akabeko"},{"floor":38,"key":"Counterbalance"},{"floor":41,"key":"bronze:ProtectiveGoggles"},{"floor":48,"key":"Pondfish Scales"}],"event_choices":[{"damage_healed":0,"gold_gain":0,"player_choice":"Success","damage_taken":12,"relics_obtained":["Shuriken"],"max_hp_gain":0,"max_hp_loss":0,"event_name":"Scrap Ooze","floor":3,"gold_loss":0},{"damage_healed":0,"gold_gain":0,"player_choice":"Fight","damage_taken":0,"max_hp_gain":0,"max_hp_loss":0,"event_name":"Mysterious Sphere","floor":38,"gold_loss":0}],"is_beta":false,"boss_relics":[{"not_picked":["Replay:Wanted Poster","Honey Jar"],"picked":"Replay:Grab Bag"},{"not_picked":["Velvet Choker","aspiration:FutureDiary"],"picked":"Busted Crown"},{"not_picked":["Cursed Key","Painkiller Herb"],"picked":"Sozu"},{"not_picked":["hubris:HollowSoul","Kintsugi"],"picked":"bronze:PlatinumCore"},{"not_picked":["Tiny House","Replay:Drink Me"],"picked":"Pandora\u0027s Box"}],"items_purged_floors":[23,31],"is_endless":false,"potions_floor_spawned":[5,8,12,15,19,21,25,40,44,48],"ascension_level":0}}