{"host":"tj6tjcyqgbd0xj5u","time":1612814448,"event":{"mods":["Aspiration","BaseMod","Better Match","BetterRewards","Challenge The Spire","Conspire","Defuse TimeMaze Blight","Dota2Spire","Downfall","Energized Spire","Evolution","GifTheSpireLib","Good Game Mod","Halation","Hubris","Hyrulean Relics","Infinite Spire","Minty Spire (QoL Compilation)","Reliquary","Replay The Spire","Reworked Bosses","Spikes Relics","StS++","StSLib","Stuff the Spire"],"gold_per_floor":[116,116,127,127,146,146,177,193,193,221,221,238,238,257,257,354,354,354,354,354,354,354,354,354,354,354,354,354,354,354,354,354,354,354,354,354,354,354,354,354,354,354,354,354,354,354,354,354,354,354,354,347,347,347,341,336,326,314,314,314,314,314,307,303,294,294,280,280,260,253,253,243,243,236,236,231,231,222,217,205,205,200,200,183,183,176,86,78,77,76,76,56,56,56,48,48,38,37,28,28,8,8,4,2,0,0,0,0,0,0,0,0,0,0,0,0,0,0,0,0,0,0,0,0,0,0,0,0,0,0,0,0,0,0,0,0,0,0,0,0,0,0,0,0,0,0,0,0,0,0,0,0,0,0,0,0,0],"floor_reached":158,"language":"ENG","playtime":4426,"items_purged":["Cleave","Cleave+1"],"score":5352,"play_id":"d7db914b-dd71-4e51-9da8-38bbad39df03","local_time":"20210208160048","is_ascension_mode":false,"campfire_choices":[{"data":"True Grit","floor":6.0,"key":"SMITH"},{"data":"Double Tap","floor":15.0,"key":"SMITH"},{"data":"Flex","floor":24.0,"key":"SMITH"},{"data":"Flex","floor":30.0,"key":"SMITH"},{"floor":32.0,"key":"REST"},{"floor":49.0,"key":"REST"},{"data":"hubris:InfiniteBlow+2","floor":59.0,"key":"SMITH"},{"data":"hubris:InfiniteBlow+3","floor":61.0,"key":"SMITH"},{"data":"hubris:InfiniteBlow+4","floor":66.0,"key":"SMITH"},{"data":"hubris:InfiniteBlow+6","floor":66.0,"key":"SMITH"},{"floor":75.0,"key":"REST"},{"data":"hubris:InfiniteBlow+8","floor":81.0,"key":"SMITH"},{"data":"hubris:InfiniteBlow+11","floor":81.0,"key":"SMITH"},{"data":"hubris:InfiniteBlow+14","floor":83.0,"key":"SMITH"},{"data":"hubris:InfiniteBlow+17","floor":83.0,"key":"SMITH"},{"data":"hubris:InfiniteBlow+22","floor":91.0,"key":"SMITH"},{"data":"hubris:InfiniteBlow+26","floor":91.0,"key":"SMITH"},{"data":"Necronomicurse","floor":93.0,"key":"SMITH"},{"data":"hubris:InfiniteBlow+31","floor":93.0,"key":"SMITH"},{"data":"StuffTheSpire:BrainWave","floor":108.0,"key":"SMITH"},{"data":"hubris:InfiniteBlow+34","floor":108.0,"key":"SMITH"},{"data":"hubris:InfiniteBlow+38","floor":110.0,"key":"SMITH"},{"data":"hubris:InfiniteBlow+39","floor":110.0,"key":"SMITH"},{"data":"hubris:InfiniteBlow+42","floor":112.0,"key":"SMITH"},{"data":"hubris:InfiniteBlow+44","floor":112.0,"key":"SMITH"},{"data":"hubris:InfiniteBlow+46","floor":117.0,"key":"SMITH"},{"data":"hubris:InfiniteBlow+48","floor":117.0,"key":"SMITH"},{"floor":125,"key":"DIG"},{"floor":127,"key":"REST"},{"floor":142,"key":"REST"},{"data":"Looming Evil","floor":148,"key":"SMITH"},{"data":"hubris:InfiniteBlow+53","floor":148,"key":"SMITH"},{"data":"Cleave+1","floor":154,"key":"PURGE"}],"circlet_count":0,"master_deck":["Shrug It Off+1","Shrug It Off+1","Shrug It Off+1","Phantasmal Killer+1","Twin Strike+1","Spot Weakness+1","True Grit+1","Double Tap+1","Clothesline+1","conspire:Charge+1","Limit Break+1","Spot Weakness+1","Flex+1","Flex+1","Flex+1","StuffTheSpire:Slingshot+1","hubris:InfiniteBlow+55","Heavy Blade+1","infinitespire:UltimateForm+1","infinitespire:OneForAll+1","Necronomicurse","Life Link+1","StuffTheSpire:BrainWave+1","Evolve+1"],"relics":["StuffTheSpire:OccultApparatus","EVO:Axolotl","REME:ComplimentaryCards","zeldaRelics:CourageTriforce","StSpp:GiftCard","Ectoplasm","hubris:Towel","zeldaRelics:WisdomTriforce","halation:HeavySnake","zeldaRelics:PowerTriforce","Mango","infinitespire:CheckeredPen","Replay:WaspNest","halation:PinkAlligatorPlush","Bag of Marbles","reliquary:PrincelyHelmet","halation:PenCase","aspiration:RitualDagger","Necronomicon","conspire:TopHat","Gremlin Horn","Eternal Feather","Pantograph","SacredBark","Dota2Spire:Satanic","halation:PrussianBluePaint","reliquary:PorcupineQuills","reliquary:Boomerang","reliquary:Craggleroot","zeldaRelics:RedTunic","hubris:Icosahedron","StuffTheSpire:SapphireSignet","Dota2Spire:BlackKingBar","Replay:Grab Bag","hubris:RunicObelisk","halation:ForbiddenBikini","SlaversCollar","Red Mask","Replay:Multitool","aspiration:ArtOfWarUpgrade","MiniBlackHole","reliquary:RosewoodLute","conspire:Flyswatter","infinitespire:EvilPickle","ChewingGum","halation:EternalFortune","ReplayTheSpireMod:Ring of Addiction","hubris:EmptyBottle","Toy Ornithopter","Ring of Fury","Ornamental Fan","Meat on the Bone","halation:LostSnail","energizedSpire:MagnifyingGlass","zeldaRelics:Navi"],"acts_visited":["Exordium","TheCity","TheBeyond","Exordium","TheCity","TheBeyond","Exordium","TheCity","TheBeyond","TheEnding"],"potions_floor_usage":[124,126,126,131,131,135,135,143,143,143,150,152,152,152,156,157],"damage_taken":[{"damage":11.0,"enemies":"Jaw Worm","floor":1.0,"turns":2.0},{"damage":0.0,"enemies":"Cultist","floor":3.0,"turns":2.0},{"damage":0.0,"enemies":"2 Louse","floor":5.0,"turns":1.0},{"damage":9.0,"enemies":"Replay:BlueRogue","floor":7.0,"turns":4.0},{"damage":10.0,"enemies":"Blue Slaver","floor":8.0,"turns":3.0},{"damage":20.0,"enemies":"Gremlin Nob","floor":10.0,"turns":4.0},{"damage":12.0,"enemies":"Exordium Thugs","floor":12.0,"turns":3.0},{"damage":0.0,"enemies":"Large Slime","floor":14.0,"turns":4.0},{"damage":26.0,"enemies":"Fading Forest","floor":16.0,"turns":11.0},{"damage":2.0,"enemies":"Chosen","floor":18.0,"turns":3.0},{"damage":0.0,"enemies":"Spheric Guardian","floor":19.0,"turns":3.0},{"damage":8.0,"enemies":"Centurion and Healer","floor":21.0,"turns":3.0},{"damage":0.0,"enemies":"conspire:Head Lice","floor":23.0,"turns":4.0},{"damage":15.0,"enemies":"Snake Plant","floor":27.0,"turns":2.0},{"damage":18.0,"enemies":"3 Cultists","floor":28.0,"turns":3.0},{"damage":7.0,"enemies":"Replay:Snechameleon","floor":29.0,"turns":3.0},{"damage":14.0,"enemies":"conspire:HollyBat","floor":31.0,"turns":5.0},{"damage":19.0,"enemies":"bossMod:newCollector","floor":33.0,"turns":4.0},{"damage":3.0,"enemies":"3 Darklings","floor":35.0,"turns":2.0},{"damage":19.0,"enemies":"Orb Walker","floor":36.0,"turns":3.0},{"damage":17.0,"enemies":"Writhing Mass","floor":39.0,"turns":3.0},{"damage":10.0,"enemies":"Giant Head","floor":40.0,"turns":5.0},{"damage":12.0,"enemies":"4 Shapes","floor":41.0,"turns":2.0},{"damage":0.0,"enemies":"Reptomancer","floor":42.0,"turns":3.0},{"damage":0.0,"enemies":"Mind Bloom Boss Battle","floor":44.0,"turns":2.0},{"damage":72.0,"enemies":"Nightmare","floor":45.0,"turns":6.0},{"damage":0.0,"enemies":"3 Darklings","floor":46.0,"turns":2.0},{"damage":0.0,"enemies":"Giant Head","floor":48.0,"turns":3.0},{"damage":18.0,"enemies":"bossMod:newAwakened","floor":50.0,"turns":6.0},{"damage":4.0,"enemies":"Cultist","floor":52.0,"turns":2.0},{"damage":2.0,"enemies":"2 Louse","floor":55.0,"turns":1.0},{"damage":2.0,"enemies":"Jaw Worm","floor":56.0,"turns":1.0},{"damage":23.0,"enemies":"Gremlin Nob","floor":57.0,"turns":2.0},{"damage":4.0,"enemies":"2 Fungi Beasts","floor":58.0,"turns":2.0},{"damage":24.0,"enemies":"Blue Slaver","floor":63.0,"turns":2.0},{"damage":5.0,"enemies":"Exordium Thugs","floor":64.0,"turns":1.0},{"damage":10.0,"enemies":"Large Slime","floor":65.0,"turns":2.0},{"damage":21.0,"enemies":"The Guardian","floor":67.0,"turns":3.0},{"damage":25.0,"enemies":"2 Thieves","floor":69.0,"turns":1.0},{"damage":34.0,"enemies":"Shell Parasite","floor":70.0,"turns":2.0},{"damage":27.0,"enemies":"3 Cultists","floor":72.0,"turns":3.0},{"damage":10.0,"enemies":"Sentry and Sphere","floor":74.0,"turns":2.0},{"damage":69.0,"enemies":"Slavers","floor":76.0,"turns":1.0},{"damage":30.0,"enemies":"Book of Stabbing","floor":78.0,"turns":2.0},{"damage":3.0,"enemies":"Shelled Parasite and Fungi","floor":79.0,"turns":1.0},{"damage":6.0,"enemies":"Slavers","floor":80.0,"turns":2.0},{"damage":46.0,"enemies":"Centurion and Healer","floor":82.0,"turns":2.0},{"damage":11.0,"enemies":"bossMod:newChamp","floor":84.0,"turns":3.0},{"damage":3.0,"enemies":"Orb Walker","floor":86.0,"turns":1.0},{"damage":3.0,"enemies":"3 Shapes","floor":88.0,"turns":1.0},{"damage":3.0,"enemies":"Mind Bloom Boss Battle","floor":89.0,"turns":1.0},{"damage":3.0,"enemies":"Writhing Mass","floor":90.0,"turns":1.0},{"damage":9.0,"enemies":"Nemesis","floor":92.0,"turns":3.0},{"damage":6.0,"enemies":"Sphere and 2 Shapes","floor":95.0,"turns":2.0},{"damage":6.0,"enemies":"3 Darklings","floor":97.0,"turns":2.0},{"damage":3.0,"enemies":"Writhing Mass","floor":98.0,"turns":1.0},{"damage":6.0,"enemies":"Maw","floor":99.0,"turns":2.0},{"damage":17.0,"enemies":"bossMod:newShapes","floor":101.0,"turns":3.0},{"damage":3.0,"enemies":"Small Slimes","floor":103.0,"turns":1.0},{"damage":3.0,"enemies":"2 Louse","floor":104.0,"turns":1.0},{"damage":4.0,"enemies":"Cultist","floor":105.0,"turns":1.0},{"damage":39.0,"enemies":"Cultist","floor":106.0,"turns":3.0},{"damage":13.0,"enemies":"3 Louse","floor":109.0,"turns":2.0},{"damage":13.0,"enemies":"3 Sentries","floor":113.0,"turns":2.0},{"damage":10.0,"enemies":"Large Slime","floor":114.0,"turns":1.0},{"damage":17.0,"enemies":"Exordium Thugs","floor":116.0,"turns":2.0},{"damage":16.0,"enemies":"Slime Boss","floor":118.0,"turns":2.0},{"damage":11,"enemies":"3 Byrds","floor":120,"turns":1},{"damage":19,"enemies":"Masked Bandits","floor":121,"turns":2},{"damage":21,"enemies":"conspire:MimicChest","floor":122,"turns":2},{"damage":11,"enemies":"2 Thieves","floor":124,"turns":1},{"damage":20,"enemies":"Slavers","floor":126,"turns":2},{"damage":9,"enemies":"Snake Plant","floor":129,"turns":1},{"damage":22,"enemies":"Cultist and Chosen","floor":130,"turns":2},{"damage":28,"enemies":"Nightmare","floor":131,"turns":3},{"damage":10,"enemies":"Sentry and Sphere","floor":133,"turns":1},{"damage":48,"enemies":"Pondfish","floor":135,"turns":4},{"damage":36,"enemies":"Orb Walker","floor":137,"turns":2},{"damage":10,"enemies":"3 Shapes","floor":140,"turns":1},{"damage":46,"enemies":"R_Hoarder","floor":143,"turns":4},{"damage":21,"enemies":"Jaw Worm Horde","floor":150,"turns":2},{"damage":84,"enemies":"bossMod:newShapes","floor":152,"turns":3},{"damage":10,"enemies":"Shield and Spear","floor":156,"turns":1},{"damage":269,"enemies":"The Heart","floor":157,"turns":1}],"seed_played":"8257912020850674589","potions_obtained":[{"floor":5.0,"key":"Explosive Potion"},{"floor":7.0,"key":"Death Potion"},{"floor":8.0,"key":"StSpp:InhibitionPotion"},{"floor":14.0,"key":"Dota2Spire:Clarity"},{"floor":19.0,"key":"Ancient Potion"},{"floor":29.0,"key":"conspire:TimeTravelPotion"},{"floor":33.0,"key":"SpeedPotion"},{"floor":35.0,"key":"Dota2Spire:Clarity"},{"floor":36.0,"key":"Venom Potion"},{"floor":40.0,"key":"champ:CounterPotion"},{"floor":41.0,"key":"Regen Potion"},{"floor":46.0,"key":"Languid Potion"},{"floor":50.0,"key":"AttackPotion"},{"floor":52.0,"key":"ColorlessPotion"},{"floor":58.0,"key":"Dota2Spire:HealingSalve"},{"floor":65.0,"key":"Venom Potion"},{"floor":69.0,"key":"Fruit Juice"},{"floor":76.0,"key":"DuplicationPotion"},{"floor":78.0,"key":"Swift Potion"},{"floor":84.0,"key":"Fire Potion"},{"floor":88.0,"key":"Slimebound:ThreeZeroPotion"},{"floor":90.0,"key":"DistilledChaos"},{"floor":95.0,"key":"FearPotion"},{"floor":97.0,"key":"LiquidBronze"},{"floor":104.0,"key":"Weak Potion"},{"floor":106.0,"key":"StSpp:ScatteredWeakPotion"},{"floor":109.0,"key":"Milkshake"},{"floor":116.0,"key":"Block Potion"},{"floor":120,"key":"DuplicationPotion"},{"floor":124,"key":"champ:CounterPotion"},{"floor":129,"key":"Reflective Coating"},{"floor":133,"key":"Adrenaline Potion"},{"floor":137,"key":"sneckomod:MuddlingPotion"},{"floor":141,"key":"Strength Potion"},{"floor":141,"key":"Swift Potion"},{"floor":141,"key":"StSpp:ScatteredPotion"},{"floor":152,"key":"Slimebound:ThreeZeroPotion"},{"floor":156,"key":"Death Potion"}],"is_trial":true,"path_per_floor":["M","?","M","$","M","R","E","M","T","E","?","M","?","M","R","B",null,"M","M","?","M","?","E","R","?","T","M","M","E","R","M","R","B",null,"M","M","?","?","M","E","M","E","T","?","NM","M","?","E","R","B",null,"M","?","?","M","M","E","M","R","T","R","AVR","M","M","M","R","B",null,"M","M","?","M","?","M","R","E","T","E","M","E","R","M","R","B",null,"M","?","M","?","M","R","E","R","T","M","?","M","M","M","R","B",null,"M","M","M","?","?","R","M","R","T","R","E","M","?","M","R","B",null,"M","?","?","?","M","R","E","R","T","M","M","NM","$","M","R","B",null,"M","$","?","M","?","R","E","R","T","AVR","?","R","?","M","R","B",null,"R","$","E","B",null],"character_chosen":"IRONCLAD","items_purchased":[],"campfire_rested":5,"item_purchase_floors":[],"current_hp_per_floor":[88,88,93,93,93,93,90,86,86,72,65,59,56,62,62,42,93,93,93,93,91,91,93,93,93,93,84,72,71,71,63,90,77,93,93,80,80,80,69,65,59,74,74,94,28,34,34,40,72,60,107,107,107,107,107,107,90,92,92,92,92,92,74,75,71,71,56,107,93,65,49,28,28,24,57,112,112,88,91,91,103,63,75,95,112,112,112,112,112,112,112,109,112,112,112,101,101,101,101,101,90,101,101,101,101,68,68,83,76,91,91,101,94,90,90,73,88,85,101,90,71,50,50,39,54,34,79,79,70,48,20,20,10,55,32,101,65,65,68,61,61,107,76,91,91,91,81,96,54,50,65,33,103,103,103,96,53],"gold":0,"neow_bonus":"","is_daily":false,"chose_seed":false,"campfire_upgraded":26,"win_rate":0.0,"timestamp":1612814448,"path_taken":["M","?","?","$","M","R","E","M","T","E","?","M","?","M","R","BOSS","M","M","?","?","?","E","R","?","T","?","M","E","R","M","R","BOSS","M","M","?","?","M","E","M","E","T","?","NM","M","?","E","R","BOSS","M","?","?","M","M","E","M","R","T","R","AVR","?","?","M","R","BOSS","M","M","?","M","?","M","R","E","T","E","M","E","R","M","R","BOSS","M","?","?","?","M","R","E","R","T","M","?","M","M","M","R","BOSS","M","?","M","?","?","R","M","R","T","R","E","M","?","M","R","BOSS","BOSS","M","?","?","?","?","R","E","R","T","M","M","NM","$","M","R","BOSS","M","?","?","?","?","R","E","R","T","AVR","?","R","?","M","R","BOSS","R","$","E","BOSS"],"items_purchased_type":[],"build_version":"2020-12-22","purchased_purges":2,"victory":true,"max_hp_per_floor":[93,93,93,93,93,93,93,93,93,93,93,93,93,93,93,93,93,93,93,93,93,93,93,93,93,93,93,93,93,93,93,93,93,93,93,93,93,93,93,93,93,93,93,107,107,107,107,107,107,107,107,107,107,107,107,107,107,107,107,107,107,107,107,107,107,107,107,107,112,112,112,112,112,112,112,112,112,112,112,112,112,112,112,112,112,112,112,112,112,112,112,112,112,112,112,101,101,101,101,101,101,101,101,101,101,101,101,101,101,101,101,101,101,101,101,101,101,101,101,101,101,101,101,101,101,101,101,101,101,101,101,101,101,101,101,101,101,101,104,107,107,107,107,107,107,107,105,105,105,103,103,103,103,103,103,101,101],"card_choices":[{"not_picked":["Dropkick","Anger"],"picked":"Twin Strike","floor":1.0},{"not_picked":["StuffTheSpire:Slingshot","Burning Pact"],"picked":"Spot Weakness","floor":3.0},{"not_picked":["ReplayReversal","Heavy Blade"],"picked":"True Grit","floor":5.0},{"not_picked":["Hemokinesis","Perfected Strike","Armaments"],"picked":"SKIP","floor":7.0},{"not_picked":["StuffTheSpire:RagingBull","Shrug It Off","Evolve"],"picked":"SKIP","floor":8.0},{"not_picked":["Dark Embrace","StSpp:Vengeance"],"picked":"Double Tap","floor":10.0},{"not_picked":["StuffTheSpire:Incineration","Feel No Pain"],"picked":"Clothesline","floor":12.0},{"not_picked":["ReplayTheSpireMod:Strike From Hell","StuffTheSpire:RockThrow"],"picked":"conspire:Charge","floor":14.0},{"not_picked":["Bludgeon","Barricade"],"picked":"Limit Break","floor":16.0},{"not_picked":["Shockwave","Burning Pact"],"picked":"Spot Weakness","floor":18.0},{"not_picked":["Dual Wield+1","Warcry"],"picked":"Flex","floor":19.0},{"not_picked":["Thunderclap","Run Through+1","Cleave"],"picked":"SKIP","floor":21.0},{"not_picked":["Twin Strike+1","Battle Trance"],"picked":"Flex","floor":23.0},{"not_picked":["Thunderclap+1","Searing Blow+1","Clash"],"picked":"SKIP","floor":27.0},{"not_picked":["Combust","Armaments+1"],"picked":"Flex","floor":28.0},{"not_picked":["Double Tap","Rampage","StuffTheSpire:Incineration"],"picked":"SKIP","floor":29.0},{"not_picked":["Armaments","Flex+1","Clothesline"],"picked":"SKIP","floor":31.0},{"not_picked":["Power Through","Anger+1","Headbutt+1"],"picked":"SKIP","floor":35.0},{"not_picked":["StSpp:TheBiggerTheyAre","conspire:ExplosiveBarrier"],"picked":"StuffTheSpire:Slingshot+1","floor":36.0},{"not_picked":["Pommel Strike+1","Iron Wave","ReplayTheSpireMod:Strike From Hell+1"],"picked":"SKIP","floor":39.0},{"not_picked":["Shockwave","Hemokinesis+1","Dark Embrace+1"],"picked":"SKIP","floor":40.0},{"not_picked":["Pommel Strike+1","Blood for Blood","Shrug It Off+1"],"picked":"SKIP","floor":41.0},{"not_picked":["Havoc","Shrug It Off+1","StSpp:Succumb+1"],"picked":"SKIP","floor":42.0},{"not_picked":["ReplayTheSpireMod:Chaos Vortex","hubris:Rewind"],"picked":"hubris:InfiniteBlow","floor":45.0},{"not_picked":["Thunderclap","Abandon"],"picked":"Heavy Blade+1","floor":45.0},{"not_picked":["Clash+1","Rampage+1","ReplayTheSpireMod:Corrosion Curse"],"picked":"SKIP","floor":46.0},{"not_picked":["ReplayTheSpireMod:Stacked","Exhume","StSpp:CounterStrike+1"],"picked":"SKIP","floor":48.0},{"not_picked":["hubris:SharpeningStone","Pommel Strike","StuffTheSpire:Slingshot"],"picked":"SKIP","floor":52.0},{"not_picked":["Pommel Strike","Shrug It Off","Armaments"],"picked":"SKIP","floor":55.0},{"not_picked":["Flame Barrier","Armaments","Wild Strike"],"picked":"SKIP","floor":56.0},{"not_picked":["Reckless Charge","Absolvement","Bludgeon"],"picked":"SKIP","floor":57.0},{"not_picked":["Thunderclap","Wild Strike","Clothesline"],"picked":"SKIP","floor":58.0},{"not_picked":["ReplayReversal","Cleave","Twin Strike"],"picked":"SKIP","floor":63.0},{"not_picked":["Thunderclap","Cleave","ReplayReversal"],"picked":"SKIP","floor":64.0},{"not_picked":["Second Wind","Whirlwind","Heavy Blade"],"picked":"SKIP","floor":65.0},{"not_picked":["Blood for Blood+1","StSpp:IntoTheAbyss","StuffTheSpire:RockThrow"],"picked":"SKIP","floor":69.0},{"not_picked":["Feel No Pain+1","conspire:Charge","Hemokinesis+1"],"picked":"SKIP","floor":70.0},{"not_picked":["Bloodletting","Run Through","Combust"],"picked":"SKIP","floor":72.0},{"not_picked":["Massacre","Replay:Undeath\u0027s Touch","Warcry"],"picked":"SKIP","floor":74.0},{"not_picked":["StSpp:Vengeance","Carnage+1","Shrug It Off+1"],"picked":"SKIP","floor":76.0},{"not_picked":["StSpp:TheBiggerTheyAre","Run Through","Flame Barrier"],"picked":"SKIP","floor":78.0},{"not_picked":["Dark Embrace+1","ReplayTheSpireMod:Limb From Limb","Wild Strike+1"],"picked":"SKIP","floor":79.0},{"not_picked":["Bloodletting","Anger+1"],"picked":"infinitespire:OneForAll","floor":80.0},{"not_picked":["Abandon","Bloodletting+1","StSpp:Sprint"],"picked":"SKIP","floor":82.0},{"not_picked":["Clash","Heavy Blade","StuffTheSpire:Slingshot"],"picked":"SKIP","floor":86.0},{"not_picked":["Body Slam+1","Wild Strike+1","Corruption"],"picked":"SKIP","floor":88.0},{"not_picked":["Sentinel+1","Intimidate","StSpp:Succumb+1"],"picked":"SKIP","floor":90.0},{"not_picked":["ReplayTheSpireMod:Muscle Training","Iron Wave","Flex"],"picked":"SKIP","floor":92.0},{"not_picked":["ReplayTheSpireMod:Muscle Training+1","Havoc+1"],"picked":"Life Link+1","floor":95.0},{"not_picked":["StuffTheSpire:RockThrow","Seeing Red","Body Slam"],"picked":"SKIP","floor":97.0},{"not_picked":["Run Through+1","Wild Strike+1","StuffTheSpire:Incineration+1"],"picked":"SKIP","floor":98.0},{"not_picked":["Headbutt","Uppercut+1","hubris:ReadiedAction"],"picked":"SKIP","floor":99.0},{"not_picked":["Thunderclap","StSpp:MuscleMemory"],"picked":"Evolve","floor":103.0},{"not_picked":["Headbutt","True Grit","Iron Wave"],"picked":"SKIP","floor":104.0},{"not_picked":["Warcry","StuffTheSpire:Slingshot","ReplayTheSpireMod:Strike From Hell"],"picked":"SKIP","floor":105.0},{"not_picked":["Burning Pact","StSpp:Succumb","True Grit"],"picked":"SKIP","floor":109.0},{"not_picked":["True Grit","Flex","Intimidate"],"picked":"SKIP","floor":113.0},{"not_picked":["Pommel Strike","StuffTheSpire:Incineration","Second Wind"],"picked":"SKIP","floor":114.0},{"not_picked":["ReplayTheSpireMod:Muscle Training","StuffTheSpire:RagingBull","Thunderclap"],"picked":"SKIP","floor":116.0},{"not_picked":["StSpp:Succumb","ReplayReversal","Bloodletting"],"picked":"SKIP","floor":120},{"not_picked":["Wild Strike","Twin Strike","StuffTheSpire:RagingBull"],"picked":"SKIP","floor":124},{"not_picked":["Perfected Strike","Ghostly Armor","Replay:Undeath\u0027s Touch+1"],"picked":"SKIP","floor":126},{"not_picked":["StuffTheSpire:BloodClot","Feel No Pain","StSpp:Succumb"],"picked":"SKIP","floor":129},{"not_picked":["StuffTheSpire:BloodClot","Feel No Pain","StSpp:Succumb"],"picked":"SKIP","floor":129},{"not_picked":["Body Slam","Clash+1","StuffTheSpire:Slingshot"],"picked":"SKIP","floor":130},{"not_picked":["Whirlwind","Replay:Undeath\u0027s Touch","ReplayTheSpireMod:Muscle Training"],"picked":"SKIP","floor":131},{"not_picked":["StSpp:TheBiggerTheyAre","Shrug It Off","StSpp:Jab"],"picked":"SKIP","floor":133},{"not_picked":["Immolate","ReplayTheSpireMod:Strike From Hell+1","Replay:Undeath\u0027s Touch"],"picked":"SKIP","floor":137},{"not_picked":["Replay:Undeath\u0027s Touch+1","Clash","StSpp:MuscleMemory+1"],"picked":"SKIP","floor":140},{"not_picked":["Replay:Undeath\u0027s Touch+1","Power Through","StuffTheSpire:Pyroclast"],"picked":"SKIP","floor":143},{"not_picked":["Abandon","StSpp:TheBiggerTheyAre","Clash"],"picked":"SKIP","floor":150},{"not_picked":["ReplayTheSpireMod:Muscle Training","Warcry","Absolvement"],"picked":"SKIP","floor":156}],"player_experience":136151,"relics_obtained":[{"floor":7.0,"key":"zeldaRelics:CouragePiece"},{"floor":9.0,"key":"zeldaRelics:CouragePiece"},{"floor":10.0,"key":"zeldaRelics:CouragePiece"},{"floor":23.0,"key":"zeldaRelics:WisdomPiece"},{"floor":26.0,"key":"zeldaRelics:WisdomPiece"},{"floor":29.0,"key":"zeldaRelics:WisdomPiece"},{"floor":40.0,"key":"zeldaRelics:PowerPiece"},{"floor":42.0,"key":"zeldaRelics:PowerPiece"},{"floor":43.0,"key":"zeldaRelics:PowerPiece"},{"floor":44.0,"key":"Mango"},{"floor":45.0,"key":"infinitespire:CheckeredPen"},{"floor":48.0,"key":"Replay:WaspNest"},{"floor":57.0,"key":"Bag of Marbles"},{"floor":60.0,"key":"reliquary:PrincelyHelmet"},{"floor":71.0,"key":"Necronomicon"},{"floor":76.0,"key":"conspire:TopHat"},{"floor":77.0,"key":"Gremlin Horn"},{"floor":78.0,"key":"Eternal Feather"},{"floor":80.0,"key":"Pantograph"},{"floor":89.0,"key":"Dota2Spire:Satanic"},{"floor":92.0,"key":"halation:PrussianBluePaint"},{"floor":94.0,"key":"reliquary:PorcupineQuills"},{"floor":100.0,"key":"reliquary:Boomerang"},{"floor":106.0,"key":"zeldaRelics:RedTunic"},{"floor":111.0,"key":"StuffTheSpire:SapphireSignet"},{"floor":113.0,"key":"Dota2Spire:BlackKingBar"},{"floor":121,"key":"Red Mask"},{"floor":122,"key":"Replay:Multitool"},{"floor":125,"key":"Art of War"},{"floor":126,"key":"MiniBlackHole"},{"floor":128,"key":"reliquary:RosewoodLute"},{"floor":131,"key":"conspire:Flyswatter"},{"floor":140,"key":"halation:EternalFortune"},{"floor":141,"key":"ReplayTheSpireMod:Ring of Addiction"},{"floor":141,"key":"hubris:EmptyBottle"},{"floor":141,"key":"Toy Ornithopter"},{"floor":141,"key":"Ring of Fury"},{"floor":143,"key":"Ornamental Fan"},{"floor":145,"key":"Meat on the Bone"},{"floor":156,"key":"zeldaRelics:Navi"}],"event_choices":[{"damage_healed":0.0,"max_hp_gain":0.0,"max_hp_loss":0.0,"gold_gain":0.0,"event_name":"Upgrade Shrine","player_choice":"Upgraded","floor":2.0,"gold_loss":0.0,"damage_taken":0.0,"cards_upgraded":["Phantasmal Killer"]},{"cards_removed":["Cleave"],"damage_healed":0.0,"max_hp_gain":0.0,"max_hp_loss":0.0,"gold_gain":0.0,"event_name":"Golden Wing","player_choice":"Card Removal","floor":11.0,"gold_loss":0.0,"damage_taken":7.0},{"damage_healed":0.0,"max_hp_gain":0.0,"max_hp_loss":0.0,"gold_gain":0.0,"event_name":"Scrap Ooze","player_choice":"Success","floor":13.0,"gold_loss":0.0,"damage_taken":3.0,"relics_obtained":["StSpp:GiftCard"]},{"damage_healed":0.0,"max_hp_gain":0.0,"max_hp_loss":0.0,"gold_gain":0.0,"event_name":"Accursed Blacksmith","player_choice":"Forge","floor":20.0,"gold_loss":0.0,"damage_taken":0.0,"cards_upgraded":["Limit Break"]},{"cards_removed":["Shrug It Off"],"damage_healed":5.0,"max_hp_gain":0.0,"max_hp_loss":0.0,"gold_gain":0.0,"event_name":"Bonfire Elementals","player_choice":"Offered Common","floor":25.0,"gold_loss":0.0,"damage_taken":0.0},{"cards_removed":["Shrug It Off"],"damage_healed":5.0,"max_hp_gain":0.0,"max_hp_loss":0.0,"gold_gain":0.0,"event_name":"Bonfire Elementals","player_choice":"Offered Special","floor":25.0,"gold_loss":0.0,"damage_taken":0.0},{"cards_removed":["Bash"],"damage_healed":0.0,"max_hp_gain":0.0,"max_hp_loss":0.0,"gold_gain":0.0,"event_name":"Falling","player_choice":"Removed Attack","floor":37.0,"gold_loss":0.0,"damage_taken":0.0},{"damage_healed":0.0,"max_hp_gain":0.0,"max_hp_loss":0.0,"gold_gain":0.0,"event_name":"Tomb of Lord Red Mask","player_choice":"Ignored","floor":38.0,"gold_loss":0.0,"damage_taken":0.0},{"damage_healed":0.0,"max_hp_gain":0.0,"max_hp_loss":0.0,"gold_gain":0.0,"event_name":"MindBloom","player_choice":"Fight","floor":44.0,"gold_loss":0.0,"damage_taken":0.0},{"damage_healed":0.0,"max_hp_gain":0.0,"max_hp_loss":0.0,"gold_gain":0.0,"event_name":"Living Wall","player_choice":"Grow","floor":53.0,"gold_loss":0.0,"damage_taken":0.0,"cards_upgraded":["hubris:InfiniteBlow"]},{"damage_healed":0.0,"max_hp_gain":0.0,"max_hp_loss":0.0,"gold_gain":0.0,"event_name":"Cursed Tome","player_choice":"Obtained Book","floor":71.0,"gold_loss":0.0,"damage_taken":16.0},{"cards_removed":["Cleave"],"damage_healed":0.0,"max_hp_gain":0.0,"max_hp_loss":0.0,"gold_gain":0.0,"event_name":"Designer","player_choice":"Upgrade and Remove","floor":87.0,"gold_loss":90.0,"damage_taken":0.0,"cards_upgraded":["hubris:InfiniteBlow"]},{"damage_healed":0.0,"max_hp_gain":0.0,"max_hp_loss":0.0,"gold_gain":0.0,"event_name":"MindBloom","player_choice":"Fight","floor":89.0,"gold_loss":0.0,"damage_taken":0.0},{"damage_healed":0,"gold_gain":0,"player_choice":"Fought Bandits","damage_taken":0,"max_hp_gain":0,"max_hp_loss":0,"event_name":"Masked Bandits","floor":121,"gold_loss":0},{"damage_healed":0,"gold_gain":0,"player_choice":"Memory 3","damage_taken":10,"max_hp_gain":0,"max_hp_loss":0,"event_name":"SensoryStone","floor":147,"gold_loss":0}],"is_beta":false,"boss_relics":[{"not_picked":["aspiration:DefectSkillbook","hubris:BlackHole"],"picked":"Ectoplasm"},{"not_picked":["conspire:SeveredTorchhead","hubris:GrandSneckoEye"],"picked":"halation:HeavySnake"},{"not_picked":["infinitespire:Burning Sword","halation:SmartPhone"],"picked":"halation:PinkAlligatorPlush"},{"not_picked":["halation:CatFaceCupcake","hubris:BlackHole","StuffTheSpire:RunicConfusion"]},{"not_picked":["hubris:GrandSneckoEye","ChewingGum"],"picked":"SacredBark"},{"not_picked":["Tiny House","reliquary:Ember"],"picked":"reliquary:Craggleroot"},{"not_picked":["hubris:ScarierMask","Sandwich"],"picked":"Replay:Grab Bag"},{"not_picked":["energizedSpire:TabascoSauce","hubris:CrackedHourglass"],"picked":"hubris:RunicObelisk"},{"not_picked":["reliquary:RedCape","infinitespire:Cupcake"],"picked":"halation:ForbiddenBikini"},{"not_picked":["aspiration:WatcherSkillbook","halation:Risk"],"picked":"SlaversCollar"},{"not_picked":["aspiration:PoetsPen_weak","energizedSpire:SpiderWeb"],"picked":"ChewingGum"},{"not_picked":["Velvet Choker","Replay:Drink Me"],"picked":"energizedSpire:MagnifyingGlass"}],"items_purged_floors":[62,146],"is_endless":true,"potions_floor_spawned":[5,7,8,14,19,29,33,35,36,40,41,46,50,52,58,65,69,76,78,79,84,88,90,95,97,99,104,106,109,116,120,124,129,133,137,152,156],"ascension_level":0}}