{"host":"uv5ws9rdk87e8i5k","time":1612803037,"event":{"mods":["AchievementEnabler","BaseMod","Colored Map","Minty Spire (QoL Compilation)","Permanent Neow","Quick Restart","StSLib","SuperFastMode","The Necromancer"],"gold_per_floor":[52,84,123,158,233,261,261,261,261],"floor_reached":8,"language":"ENG","playtime":216,"items_purged":[],"score":78,"play_id":"56a03502-97e8-4f9a-8825-0cc9dca776ea","local_time":"20210208105037","is_ascension_mode":true,"campfire_choices":[{"data":"HandOfGreed","floor":7,"key":"SMITH"}],"circlet_count":0,"master_deck":["Strike_R","Strike_R","Strike_R","Strike_R","Strike_R","Defend_R","Defend_R","Defend_R","Defend_R","Bash","HandOfGreed+1","True Grit","Whirlwind","Shrug It Off","Infernal Blade","Burning Pact"],"relics":["Burning Blood","Happy Flower"],"acts_visited":["Exordium"],"potions_floor_usage":[8],"damage_taken":[{"damage":2,"enemies":"2 Louse","floor":1,"turns":3},{"damage":1,"enemies":"Jaw Worm","floor":2,"turns":5},{"damage":0,"enemies":"Cultist","floor":3,"turns":2},{"damage":29,"enemies":"Lots of Slimes","floor":4,"turns":4},{"damage":11,"enemies":"3 Louse","floor":5,"turns":7},{"damage":40,"enemies":"3 Sentries","floor":6,"turns":6},{"damage":21,"enemies":"Gremlin Nob","floor":8,"turns":3}],"seed_played":"-3961193946824273198","potions_obtained":[{"floor":3,"key":"CultistPotion"},{"floor":4,"key":"Ancient Potion"},{"floor":6,"key":"Energy Potion"}],"is_trial":false,"path_per_floor":["M","M","M","M","M","E","R","E"],"character_chosen":"IRONCLAD","items_purchased":[],"campfire_rested":0,"item_purchase_floors":[],"current_hp_per_floor":[76,80,80,57,52,18,18,0,0],"gold":261,"neow_bonus":"RANDOM_COLORLESS_2","is_daily":false,"chose_seed":false,"campfire_upgraded":1,"win_rate":0.0,"timestamp":1612803037,"path_taken":["M","M","M","M","M","E","R","E"],"items_purchased_type":[],"build_version":"2020-12-22","purchased_purges":0,"victory":false,"max_hp_per_floor":[80,80,80,80,80,80,80,80,80],"card_choices":[{"not_picked":["Panache","The Bomb"],"picked":"HandOfGreed","floor":0},{"not_picked":["Heavy Blade","Clothesline"],"picked":"True Grit","floor":1},{"not_picked":["Anger","Armaments"],"picked":"Whirlwind","floor":2},{"not_picked":["Clothesline","Clash","Flex"],"picked":"SKIP","floor":3},{"not_picked":["Pommel Strike","True Grit"],"picked":"Shrug It Off","floor":4},{"not_picked":["Combust","Entrench"],"picked":"Infernal Blade","floor":5},{"not_picked":["Combust","Entrench"],"picked":"Burning Pact","floor":6}],"player_experience":252275,"relics_obtained":[{"floor":6,"key":"Happy Flower"}],"event_choices":[],"is_beta":false,"boss_relics":[],"items_purged_floors":[],"is_endless":false,"potions_floor_spawned":[3,4,6],"killed_by":"Gremlin Nob","ascension_level":6}}