{"host":"f3chan41r3z23lol","time":1612763154,"event":{"mods":["BaseMod","Hermit","Minty Spire (QoL Compilation)","StSLib","The Poker Player"],"gold_per_floor":[114,114,131,147,165,165,183,197,197,210,228,228,261,277,277,373,373,389,232,232,11,11,11,36,50,50,79,91,91,181,193,193,289,339,349,193,238,238,252,252,26,26,51,0,27,50,67,84,84,84,84,84],"floor_reached":50,"language":"KOR","playtime":2685,"items_purged":["PokerPlayerMod:Diamond2"],"score":588,"play_id":"aaed32fd-a3bd-4c61-af97-102439a0e7bd","local_time":"20210208144554","is_ascension_mode":true,"metric_token":350,"campfire_choices":[{"data":"PokerPlayerMod:Spade1","floor":6,"key":"SMITH"},{"floor":12,"key":"REST"},{"data":"PokerPlayerMod:Mulligan","floor":15,"key":"SMITH"},{"data":"PokerPlayerMod:Club1","floor":23,"key":"SMITH"},{"data":"PokerPlayerMod:Club2","floor":29,"key":"SMITH"},{"data":"PokerPlayerMod:Trickery","floor":32,"key":"SMITH"},{"data":"PokerPlayerMod:Club2","floor":40,"key":"SMITH"},{"data":"PokerPlayerMod:Heart2","floor":49,"key":"SMITH"}],"circlet_count":0,"master_deck":["PokerPlayerMod:Diamond3","PokerPlayerMod:Diamond3","PokerPlayerMod:Diamond4","PokerPlayerMod:Diamond5","PokerPlayerMod:Spade2","PokerPlayerMod:Spade3","PokerPlayerMod:Spade3","PokerPlayerMod:Spade4","PokerPlayerMod:Club3","PokerPlayerMod:Club3","PokerPlayerMod:Heart3","PokerPlayerMod:TrumpStrike","PokerPlayerMod:BadJoker+1","PokerPlayerMod:Mulligan+1","PokerPlayerMod:Spade6","PokerPlayerMod:Spade4","PokerPlayerMod:Trickery+1","PokerPlayerMod:Diamond10+","PokerPlayerMod:MagicTrick","PokerPlayerMod:Club6","PokerPlayerMod:SecondChance","PokerPlayerMod:WasteCollection","PokerPlayerMod:Sharpen","PokerPlayerMod:ThinkingTime+1","PokerPlayerMod:Club4","PokerPlayerMod:Heart8","PokerPlayerMod:Club5","PokerPlayerMod:Club7","PokerPlayerMod:Diamond3","PokerPlayerMod:ClubDance+1","PokerPlayerMod:Club4"],"relics":["PokerPlayerMod:DeckCase","Calipers","Omamori","SlaversCollar","Sling","PokerPlayerMod:Splitter","Darkstone Periapt","MealTicket","Du-Vu Doll","Tiny House","Juzu Bracelet","FossilizedHelix","War Paint","Red Mask","CeramicFish"],"acts_visited":["Exordium","TheCity","TheBeyond"],"potions_floor_usage":[0,41,50],"damage_taken":[{"damage":3,"enemies":"Small Slimes","floor":1,"turns":3},{"damage":9,"enemies":"Cultist","floor":3,"turns":4},{"damage":6,"enemies":"Jaw Worm","floor":4,"turns":3},{"damage":0,"enemies":"Exordium Thugs","floor":5,"turns":3},{"damage":3,"enemies":"2 Fungi Beasts","floor":7,"turns":3},{"damage":0,"enemies":"3 Louse","floor":8,"turns":2},{"damage":2,"enemies":"Lots of Slimes","floor":10,"turns":2},{"damage":0,"enemies":"Large Slime","floor":11,"turns":3},{"damage":7,"enemies":"Lagavulin","floor":13,"turns":4},{"damage":4,"enemies":"Looter","floor":14,"turns":3},{"damage":20,"enemies":"Hexaghost","floor":16,"turns":11},{"damage":0,"enemies":"Chosen","floor":18,"turns":3},{"damage":0,"enemies":"Gremlin Leader","floor":24,"turns":3},{"damage":1,"enemies":"Shell Parasite","floor":25,"turns":3},{"damage":0,"enemies":"Slavers","floor":27,"turns":2},{"damage":12,"enemies":"Centurion and Healer","floor":28,"turns":2},{"damage":3,"enemies":"Shelled Parasite and Fungi","floor":31,"turns":3},{"damage":41,"enemies":"Champ","floor":33,"turns":12},{"damage":3,"enemies":"3 Shapes","floor":35,"turns":2},{"damage":34,"enemies":"2 Orb Walkers","floor":37,"turns":4},{"damage":19,"enemies":"3 Darklings","floor":39,"turns":3},{"damage":34,"enemies":"Spire Growth","floor":46,"turns":5},{"damage":0,"enemies":"Maw","floor":47,"turns":5},{"damage":0,"enemies":"Transient","floor":48,"turns":5},{"damage":65,"enemies":"Awakened One","floor":50,"turns":11}],"seed_played":"-9066752173147337544","potions_obtained":[{"floor":0,"key":"Fruit Juice"},{"floor":0,"key":"SpeedPotion"},{"floor":0,"key":"LiquidMemories"},{"floor":1,"key":"Ancient Potion"},{"floor":2,"key":"EntropicBrew"},{"floor":2,"key":"Dexterity Potion"}],"is_trial":false,"path_per_floor":["M","?","M","M","M","R","M","M","T","M","M","R","E","M","R","B",null,"M","$","?","$","?","R","E","M","T","E","M","R","?","M","R","B",null,"M","$","?","?","M","R","$","?","T","?","T","M","M","M","R","B"],"character_chosen":"THE_POKER_PLAYER","items_purchased":["Sling","PokerPlayerMod:Sharpen","PokerPlayerMod:Splitter","Juzu Bracelet","Fruit Juice","AttackPotion"],"campfire_rested":1,"item_purchase_floors":[19,21,21,36,41,41],"current_hp_per_floor":[54,54,48,42,46,46,45,45,45,46,46,57,50,50,50,34,57,57,57,57,57,57,57,57,56,56,56,52,52,40,53,53,22,62,59,62,40,40,37,37,57,57,57,57,57,33,49,49,49,0,0,0],"gold":84,"neow_bonus":"THREE_SMALL_POTIONS","is_daily":false,"chose_seed":false,"campfire_upgraded":7,"win_rate":0.0,"timestamp":1612763154,"path_taken":["M","?","M","?","M","R","M","M","T","M","M","R","E","M","R","BOSS","M","$","?","?","?","R","E","M","T","E","M","R","?","M","R","BOSS","M","$","?","?","M","R","$","?","T","?","?","M","M","M","R","BOSS"],"items_purchased_type":["Relic","Card","Relic","Relic","Potion","Potion"],"build_version":"2020-12-22","purchased_purges":1,"victory":false,"max_hp_per_floor":[57,57,57,57,57,57,57,57,57,57,57,57,57,57,57,57,57,57,57,57,57,57,57,57,57,57,57,57,57,57,57,57,57,62,62,62,62,62,62,62,67,67,67,67,67,67,67,67,67,67,67,67],"card_choices":[{"not_picked":["PokerPlayerMod:Club2","PokerPlayerMod:Diamond7"],"picked":"PokerPlayerMod:Spade6","floor":1},{"not_picked":["PokerPlayerMod:Club2","PokerPlayerMod:Diamond2"],"picked":"PokerPlayerMod:Spade4","floor":3},{"not_picked":["PokerPlayerMod:Club4","PokerPlayerMod:WildCard"],"picked":"PokerPlayerMod:Trickery","floor":4},{"not_picked":["PokerPlayerMod:Diamond2","PokerPlayerMod:Spade4","PokerPlayerMod:Trickery"],"picked":"SKIP","floor":5},{"not_picked":["PokerPlayerMod:Diamond3","PokerPlayerMod:Spade3","PokerPlayerMod:Diamond2"],"picked":"SKIP","floor":7},{"not_picked":["PokerPlayerMod:Heart3","PokerPlayerMod:RiskyBet"],"picked":"PokerPlayerMod:Diamond10+","floor":8},{"not_picked":["PokerPlayerMod:Diamond3","PokerPlayerMod:Diamond4"],"picked":"PokerPlayerMod:MagicTrick","floor":10},{"not_picked":["PokerPlayerMod:Spade4","PokerPlayerMod:Spade3","PokerPlayerMod:CloakAndDiamond"],"picked":"SKIP","floor":11},{"not_picked":["PokerPlayerMod:Diamond3","PokerPlayerMod:Spade2"],"picked":"PokerPlayerMod:Club6","floor":13},{"not_picked":["PokerPlayerMod:Configure","PokerPlayerMod:Club2"],"picked":"PokerPlayerMod:SecondChance","floor":14},{"not_picked":["PokerPlayerMod:Spade7","PokerPlayerMod:Spade10+"],"picked":"PokerPlayerMod:WasteCollection","floor":16},{"not_picked":["PokerPlayerMod:SpadeStrike","PokerPlayerMod:HotShotCut","PokerPlayerMod:Diamond2"],"picked":"SKIP","floor":18},{"not_picked":["PokerPlayerMod:FlyingCard","PokerPlayerMod:ClubStrike"],"picked":"PokerPlayerMod:Club4","floor":24},{"not_picked":["PokerPlayerMod:Raise","PokerPlayerMod:Club3","PokerPlayerMod:FillThePot+1"],"picked":"SKIP","floor":25},{"not_picked":["PokerPlayerMod:Diamond3","PokerPlayerMod:DiamondStrike"],"picked":"PokerPlayerMod:Heart8","floor":27},{"not_picked":["PokerPlayerMod:MagicTrick+1","PokerPlayerMod:DartThrow"],"picked":"PokerPlayerMod:Club5","floor":28},{"not_picked":["PokerPlayerMod:JackOfSpades+1","PokerPlayerMod:Diamond2","PokerPlayerMod:Spade2"],"picked":"SKIP","floor":31},{"not_picked":["PokerPlayerMod:Diamond3","PokerPlayerMod:Sharpen"],"picked":"PokerPlayerMod:Club7","floor":35},{"not_picked":["PokerPlayerMod:Spade2","PokerPlayerMod:Diamond2"],"picked":"PokerPlayerMod:Diamond3","floor":37},{"not_picked":["PokerPlayerMod:Diamond2","PokerPlayerMod:Spade3"],"picked":"PokerPlayerMod:ClubDance+1","floor":39},{"not_picked":["PokerPlayerMod:HiddenCard","PokerPlayerMod:Club2"],"picked":"PokerPlayerMod:Club4","floor":46},{"not_picked":["PokerPlayerMod:Raise+1","PokerPlayerMod:Spade4","PokerPlayerMod:ClubsClub+1"],"picked":"SKIP","floor":47},{"not_picked":["PokerPlayerMod:Configure","PokerPlayerMod:Diamond2","PokerPlayerMod:Spade1"],"picked":"SKIP","floor":48}],"player_experience":238854,"relics_obtained":[{"floor":9,"key":"Calipers"},{"floor":13,"key":"Omamori"},{"floor":24,"key":"Darkstone Periapt"},{"floor":26,"key":"MealTicket"},{"floor":27,"key":"Du-Vu Doll"},{"floor":37,"key":"FossilizedHelix"},{"floor":43,"key":"War Paint"},{"floor":45,"key":"CeramicFish"}],"event_choices":[{"damage_healed":0,"gold_gain":0,"player_choice":"Got Potions","damage_taken":0,"max_hp_gain":0,"max_hp_loss":0,"event_name":"Lab","floor":2,"gold_loss":0},{"damage_healed":0,"gold_gain":0,"player_choice":"Forge","damage_taken":0,"max_hp_gain":0,"max_hp_loss":0,"event_name":"Accursed Blacksmith","floor":20,"gold_loss":0,"cards_upgraded":["PokerPlayerMod:Diamond2"]},{"damage_healed":0,"gold_gain":0,"player_choice":"Think Hard","damage_taken":0,"max_hp_gain":0,"max_hp_loss":0,"event_name":"PokerPlayerMod:Vampires","floor":22,"gold_loss":0,"cards_obtained":["PokerPlayerMod:ThinkingTime"]},{"damage_healed":0,"gold_gain":90,"player_choice":"GOLD ","damage_taken":12,"max_hp_gain":0,"max_hp_loss":0,"event_name":"Knowing Skull","floor":30,"potions_obtained":[],"gold_loss":0,"cards_obtained":[]},{"damage_healed":0,"gold_gain":0,"player_choice":"Fight","damage_taken":0,"max_hp_gain":0,"max_hp_loss":0,"event_name":"Mysterious Sphere","floor":37,"gold_loss":0},{"damage_healed":0,"gold_gain":0,"player_choice":"Memory 1","damage_taken":0,"max_hp_gain":0,"max_hp_loss":0,"event_name":"SensoryStone","floor":38,"gold_loss":0},{"damage_healed":0,"gold_gain":0,"player_choice":"Upgraded","damage_taken":0,"max_hp_gain":0,"max_hp_loss":0,"event_name":"Upgrade Shrine","floor":42,"gold_loss":0,"cards_upgraded":["PokerPlayerMod:Diamond3"]},{"damage_healed":0,"gold_gain":0,"player_choice":"Paid","damage_taken":0,"relics_obtained":["Red Mask"],"max_hp_gain":0,"max_hp_loss":0,"event_name":"Tomb of Lord Red Mask","floor":44,"gold_loss":51}],"is_beta":false,"boss_relics":[{"not_picked":["Empty Cage","Calling Bell"],"picked":"SlaversCollar"},{"not_picked":["Runic Dome","Astrolabe"],"picked":"Tiny House"}],"items_purged_floors":[41],"is_endless":false,"potions_floor_spawned":[1,3,8,11,14,25,28,35,46,48],"killed_by":"Awakened One","ascension_level":1}}