{"host":"ibckqdmmf9y74ymf","time":1612813026,"event":{"mods":["2.2 Compatiblity","BaseMod","Colored Map","Curses Come First","Highlight Path","Minty Spire (QoL Compilation)","Quick Restart","Rare Cards Sparkle","Relic Stats","StSLib"],"gold_per_floor":[115,125,138,138,63,63,77,77,77,109,125,125,125,137,137,216,216,228,240,260,185,204,204,222,222,222,256,256,256,271,284,284,284,284],"floor_reached":33,"language":"ENG","playtime":1123,"items_purged":[],"score":542,"play_id":"96928a80-393f-4ad9-ae0c-31cc75195406","local_time":"20210208203706","is_ascension_mode":true,"campfire_choices":[{"data":"Bash","floor":6.0,"key":"SMITH"},{"floor":8.0,"key":"REST"},{"floor":13.0,"key":"REST"},{"data":"Shrug It Off","floor":15.0,"key":"SMITH"},{"floor":23,"key":"REST"},{"floor":25,"key":"REST"},{"floor":32,"key":"REST"}],"circlet_count":0,"master_deck":["AscendersBane","Defend_R","Defend_R","Defend_R","Bash+1","Infernal Blade+1","Clothesline+1","Demon Form+1","Feel No Pain+1","Sword Boomerang","Cleave","Spot Weakness","Offering","Dark Embrace+1","Shrug It Off+1","Corruption+1","Shockwave","True Grit","Pummel","Battle Trance"],"relics":["Astrolabe","Mercury Hourglass","Frozen Egg 2","Fusion Hammer","Mango","Potion Belt"],"acts_visited":["Exordium","TheCity"],"potions_floor_usage":[27],"damage_taken":[{"damage":0.0,"enemies":"Jaw Worm","floor":1.0,"turns":1.0},{"damage":4.0,"enemies":"2 Louse","floor":2.0,"turns":4.0},{"damage":4.0,"enemies":"Small Slimes","floor":3.0,"turns":3.0},{"damage":21.0,"enemies":"3 Louse","floor":7.0,"turns":3.0},{"damage":22.0,"enemies":"3 Sentries","floor":10.0,"turns":6.0},{"damage":5.0,"enemies":"Gremlin Gang","floor":11.0,"turns":2.0},{"damage":7.0,"enemies":"Exordium Thugs","floor":14.0,"turns":2.0},{"damage":28.0,"enemies":"Hexaghost","floor":16.0,"turns":7.0},{"damage":25,"enemies":"2 Thieves","floor":18,"turns":4},{"damage":8,"enemies":"3 Byrds","floor":19,"turns":4},{"damage":0,"enemies":"3 Cultists","floor":20,"turns":4},{"damage":7,"enemies":"Centurion and Healer","floor":22,"turns":4},{"damage":6,"enemies":"Cultist and Chosen","floor":24,"turns":4},{"damage":31,"enemies":"Book of Stabbing","floor":27,"turns":5},{"damage":6,"enemies":"Snake Plant","floor":30,"turns":4},{"damage":3,"enemies":"Snecko","floor":31,"turns":4},{"damage":0,"enemies":"Automaton","floor":33,"turns":1}],"seed_played":"-3348074173129195760","potions_obtained":[{"floor":1.0,"key":"Block Potion"},{"floor":2.0,"key":"FearPotion"},{"floor":30,"key":"DuplicationPotion"}],"is_trial":false,"path_per_floor":["M","M","M","?","?","R","M","R","T","E","M","?","R","M","R","B",null,"M","M","M","?","M","R","M","R","T","E","?","?","M","M","R","B"],"character_chosen":"IRONCLAD","items_purchased":[],"campfire_rested":5,"item_purchase_floors":[],"current_hp_per_floor":[68,64,60,53,53,53,32,54,54,32,27,27,49,42,42,14,60,35,27,27,27,20,42,36,58,72,41,15,15,9,6,34,34,34],"gold":284,"neow_bonus":"BOSS_RELIC","is_daily":false,"chose_seed":false,"campfire_upgraded":2,"win_rate":0.0,"timestamp":1612813026,"path_taken":["M","M","M","?","?","R","M","R","T","E","M","?","R","M","R","BOSS","M","M","M","?","M","R","M","R","T","E","?","?","M","M","R","BOSS"],"items_purchased_type":[],"build_version":"2020-12-22","purchased_purges":0,"victory":false,"max_hp_per_floor":[75,75,75,75,75,75,75,75,75,75,75,75,75,75,75,75,75,75,75,75,75,75,75,75,75,89,89,94,94,94,94,94,94,94],"relic_stats":{"counters":[17,62],"Astrolabe":["Infernal Blade","Clothesline","Demon Form"],"obtain_stats":[{"Potion Belt":27,"Astrolabe":0,"Mango":26,"Fusion Hammer":17,"Frozen Egg 2":10,"Burning Blood":0,"Mercury Hourglass":9},{"Potion Belt":14,"Astrolabe":0,"Mango":13,"Fusion Hammer":8,"Frozen Egg 2":5,"Burning Blood":0,"Mercury Hourglass":4},{"Potion Belt":53,"Astrolabe":0,"Mango":48,"Fusion Hammer":28,"Frozen Egg 2":17,"Burning Blood":0,"Mercury Hourglass":11}],"Mercury Hourglass":[257]},"card_choices":[{"not_picked":["Sever Soul","Havoc"],"picked":"Feel No Pain","floor":1.0},{"not_picked":["Warcry","Havoc"],"picked":"Sword Boomerang","floor":2.0},{"not_picked":["Twin Strike","Body Slam"],"picked":"Cleave","floor":3.0},{"not_picked":["Wild Strike","Twin Strike"],"picked":"Spot Weakness","floor":7.0},{"not_picked":["Headbutt","Uppercut"],"picked":"Offering","floor":10.0},{"not_picked":["Headbutt","Body Slam"],"picked":"Dark Embrace+1","floor":11.0},{"not_picked":["Body Slam","Iron Wave"],"picked":"Shrug It Off","floor":14.0},{"not_picked":["Offering","Impervious"],"picked":"Corruption+1","floor":16.0},{"not_picked":["Dual Wield","Pommel Strike"],"picked":"Shockwave","floor":18},{"not_picked":["Iron Wave","Headbutt+1","Cleave"],"picked":"SKIP","floor":19},{"not_picked":["Intimidate","Sword Boomerang","Thunderclap"],"picked":"SKIP","floor":20},{"not_picked":["Iron Wave","Armaments","Perfected Strike"],"picked":"SKIP","floor":22},{"not_picked":["Sever Soul","Twin Strike"],"picked":"True Grit","floor":24},{"not_picked":["Double Tap","Cleave+1"],"picked":"Pummel","floor":27},{"not_picked":["Cleave","Flex+1"],"picked":"Battle Trance","floor":30},{"not_picked":["True Grit","Headbutt","Body Slam"],"picked":"SKIP","floor":31}],"player_experience":691151,"relics_obtained":[{"floor":9.0,"key":"Mercury Hourglass"},{"floor":10.0,"key":"Frozen Egg 2"},{"floor":26,"key":"Mango"},{"floor":27,"key":"Potion Belt"}],"event_choices":[{"cards_removed":["Strike_R"],"damage_healed":0.0,"max_hp_gain":0.0,"max_hp_loss":0.0,"gold_gain":0.0,"event_name":"Golden Wing","player_choice":"Card Removal","floor":4.0,"gold_loss":0.0,"damage_taken":7.0},{"cards_removed":["Strike_R"],"damage_healed":0.0,"max_hp_gain":0.0,"max_hp_loss":0.0,"gold_gain":0.0,"event_name":"The Cleric","player_choice":"Card Removal","floor":5.0,"gold_loss":75.0,"damage_taken":0.0},{"damage_healed":0.0,"max_hp_gain":0.0,"max_hp_loss":0.0,"gold_gain":0.0,"event_name":"Liars Game","player_choice":"Ignored","floor":12.0,"gold_loss":0.0,"damage_taken":0.0},{"cards_removed":["Strike_R"],"damage_healed":0,"gold_gain":0,"player_choice":"Gave Gold","damage_taken":0,"max_hp_gain":0,"max_hp_loss":0,"event_name":"Beggar","floor":21,"gold_loss":75},{"damage_healed":0,"gold_gain":0,"player_choice":"Shed Blood","damage_taken":31,"max_hp_gain":5,"max_hp_loss":0,"event_name":"Forgotten Altar","floor":28,"gold_loss":0},{"damage_healed":0,"gold_gain":0,"player_choice":"Forge","damage_taken":0,"max_hp_gain":0,"max_hp_loss":0,"event_name":"Accursed Blacksmith","floor":29,"gold_loss":0,"cards_upgraded":["Feel No Pain"]}],"is_beta":false,"boss_relics":[{"not_picked":["Black Star","Ectoplasm"],"picked":"Fusion Hammer"}],"items_purged_floors":[],"is_endless":false,"potions_floor_spawned":[1,2,3,18,22,24,30],"killed_by":"Automaton","ascension_level":20}}