{"host":"rwmcmr2m88k7tuzm","time":1612789325,"event":{"mods":["A Magickal Journey","Aspiration","BaseMod","BetterRewards","Conspire","Downfall","Hubris","Infinite Spire","Minty Spire (QoL Compilation)","Quick Restart","Replay The Spire","Shop Mod","StSLib","SuperFastMode","The Hayseed","The Necromancer"],"gold_per_floor":[115,1,15,15,15,15,15,46,46,46,57,83,83,97,97,192,192,210,229,229,239,31,56,74,91,91,116,116,27,27,38,38,133,133,148,159,159,176,176,211,211,221,221,240,240,250,250,270,270,365,365,369,215,218,223,237,237,230,222,276,276,284,284,284,293,293,365,365,360,360,360,358,111,124,124,117,142,156,156,163,157,157,157,210,210,211,213,213,240,0,0,0,0,24,24,15,29,29,29,29,100,100,106,106,108,111,111,111,108,133,133,139,139,159,159,84,84,106,106,115,115,214,214,214,214,214,214,214,222,221,221,213,69,69,130,130,133,133,133,133,132,132,354,355,355,370,346,346,346,346,346,269,269],"floor_reached":152,"language":"ENG","playtime":5070,"items_purged":["Strike_R","Strike_R+1","Decay"],"score":3436,"play_id":"5d1c7c67-6e55-41fb-8e8b-4f10108cda67","local_time":"20210208130205","is_ascension_mode":false,"campfire_choices":[{"floor":6.0,"key":"REST"},{"floor":10.0,"key":"REST"},{"data":"Poisoned Strike","floor":13.0,"key":"SMITH"},{"data":"ReplayTheSpireMod:Brewmster","floor":15.0,"key":"SMITH"},{"data":"ReplayTheSpireMod:Book of Names","floor":28.0,"key":"SMITH"},{"data":"Bandage Up","floor":32.0,"key":"SMITH"},{"data":"Reaper","floor":47.0,"key":"SMITH"},{"data":"Offering","floor":49.0,"key":"SMITH"},{"data":"Poisoned Strike","floor":57,"key":"SMITH"},{"data":"Pummel","floor":61,"key":"SMITH"},{"data":"infinitespire:Oblivion","floor":66,"key":"SMITH"},{"data":"Juggernaut","floor":75,"key":"SMITH"},{"floor":83,"key":"REST"},{"floor":91,"key":"REST"},{"data":"infinitespire:Starlight","floor":93,"key":"SMITH"},{"data":"infinitespire:Oblivion+1","floor":100,"key":"SMITH"},{"data":"infinitespire:Oblivion+2","floor":108,"key":"SMITH"},{"data":"Juggernaut+1","floor":117,"key":"SMITH"},{"data":"Replay:Bootleg Shield Generator+1","floor":117,"key":"SMITH"},{"floor":125,"key":"REST"},{"data":"infinitespire:Oblivion+3","floor":127,"key":"SMITH"},{"data":"Juggernaut+2","floor":127,"key":"SMITH"},{"floor":134,"key":"REST"},{"data":"Demon Form","floor":148,"key":"SMITH"},{"data":"Offering","floor":148,"key":"SMITH"},{"data":"Demon Form+1","floor":151,"key":"SMITH"},{"data":"Demon Form+2","floor":151,"key":"SMITH"}],"circlet_count":0,"master_deck":["Strike_R+2","Strike_R+3","Defend_R+2","Defend_R+3","Defend_R+2","Bash","Poisoned Strike+1","Poisoned Strike+1","ReplayTheSpireMod:Brewmster+1","Replay:Sssssssssshield+1","Replay:Bootleg Shield Generator+2","Replay:Undeath\u0027s Touch","Offering+1","Juggernaut+3","Twin Strike+1","ReplayTheSpireMod:Book of Names+1","Replay:Undeath\u0027s Touch+1","Pummel+1","Rampage+1","Reaper+1","Uppercut+2","Flex+1","infinitespire:Oblivion+4","Twin Strike+1","infinitespire:Starlight+1","infinitespire:Starlight+1","Whirlwind+1","Flex+1","Offering","Pummel","Power Through+1","Reaper","Cleave","infinitespire:TheBestDefense","Offering+1","Flash of Steel","Demon Form+3","Pummel+1","Replay:Sssssssssshield+1"],"relics":["Burning Blood","War Paint","MerchantsRug","DollysMirror","infinitespire:BottledMercury","ReplayTheSpireMod:ShopPack","Strange Spoon","Bottled Tornado","hubris:IronBody","infinitespire:PuzzleCube","aspiration:ChemicalBlood","hubris:PeanutButter","Anchor","Replay:Ringing Soul","Sundial","aspiration:PoetsPen_weak","hubris:Towel","Replay:Baseball","Bag of Marbles","PreservedInsect","Centennial Puzzle","aspiration:RitualStick","Snack Pack","Bronze Scales","Juzu Bracelet","conspire:InfiniteJournal","Pondfish Scales","Durian","Red Mask","Dream Catcher","Blood Vial","Blue Candle","hubris:Backtick","Torii","Replay:Arrowhead","conspire:Dentures","aspiration:BabyByrd","hubris:SphereOfDissonance","Whetstone","TheAbacus","Gremlin Food","Onion Ring","Simple Rune"],"acts_visited":["Exordium","TheCity","TheBeyond","Exordium","TheCity","TheBeyond","Exordium","TheCity","TheBeyond"],"potions_floor_usage":[67,67,67,67,74,74,80,80,80,84,86,87,89,96,96,97,101,101,101,101,103,112,129,130,132,132,132,132,135,135,135,146,152,152,152],"damage_taken":[{"damage":0.0,"enemies":"2 Louse","floor":1.0,"turns":4.0},{"damage":1.0,"enemies":"conspire:RoseBush","floor":3.0,"turns":5.0},{"damage":15.0,"enemies":"Replay:BlueRogue","floor":8.0,"turns":4.0},{"damage":6.0,"enemies":"Cultist","floor":11.0,"turns":2.0},{"damage":6.0,"enemies":"Exordium Wildlife","floor":14.0,"turns":4.0},{"damage":7.0,"enemies":"Slime Boss","floor":16.0,"turns":13.0},{"damage":26.0,"enemies":"conspire:FuzzyDice","floor":18.0,"turns":6.0},{"damage":23.0,"enemies":"3 Byrds","floor":19.0,"turns":6.0},{"damage":9.0,"enemies":"Cultist and Chosen","floor":21.0,"turns":5.0},{"damage":4.0,"enemies":"Nightmare","floor":23.0,"turns":6.0},{"damage":10.0,"enemies":"conspire:HollyBat","floor":24.0,"turns":5.0},{"damage":0.0,"enemies":"Snecko","floor":25.0,"turns":3.0},{"damage":19.0,"enemies":"Gremlin Leader","floor":27.0,"turns":4.0},{"damage":6.0,"enemies":"Centurion and Healer","floor":31.0,"turns":6.0},{"damage":7.0,"enemies":"conspire:MysteriousRune","floor":33.0,"turns":6.0},{"damage":18.0,"enemies":"3 Shapes","floor":35.0,"turns":3.0},{"damage":1.0,"enemies":"Orb Walker","floor":36.0,"turns":3.0},{"damage":21.0,"enemies":"Sphere and 2 Shapes","floor":38.0,"turns":4.0},{"damage":9.0,"enemies":"R_Hoarder","floor":40.0,"turns":5.0},{"damage":0.0,"enemies":"Spire Growth","floor":42.0,"turns":3.0},{"damage":13.0,"enemies":"Maw","floor":44.0,"turns":5.0},{"damage":11.0,"enemies":"Jaw Worm Horde","floor":46.0,"turns":4.0},{"damage":13.0,"enemies":"4 Shapes","floor":48.0,"turns":3.0},{"damage":81.0,"enemies":"conspire:OrnateMirror","floor":50.0,"turns":8.0},{"damage":0.0,"enemies":"2 Louse","floor":52.0,"turns":2.0},{"damage":0,"enemies":"Cultist","floor":54,"turns":3},{"damage":2,"enemies":"Small Slimes","floor":55,"turns":3},{"damage":0,"enemies":"Red Slaver","floor":56,"turns":1},{"damage":0,"enemies":"Large Slime","floor":58,"turns":4},{"damage":14,"enemies":"Gremlin Gang","floor":59,"turns":2},{"damage":4,"enemies":"Exordium Thugs","floor":62,"turns":2},{"damage":0,"enemies":"2 Fungi Beasts","floor":65,"turns":1},{"damage":63,"enemies":"Hexaghost","floor":67,"turns":3},{"damage":2,"enemies":"3 Byrds","floor":69,"turns":2},{"damage":0,"enemies":"conspire:FuzzyDice","floor":72,"turns":3},{"damage":8,"enemies":"conspire:SneckoGhost","floor":74,"turns":3},{"damage":5,"enemies":"Centurion and Healer","floor":76,"turns":3},{"damage":0,"enemies":"Book of Stabbing","floor":78,"turns":3},{"damage":45,"enemies":"Gremlin Leader","floor":80,"turns":3},{"damage":23,"enemies":"Shelled Parasite and Fungi","floor":81,"turns":3},{"damage":5,"enemies":"Automaton","floor":84,"turns":4},{"damage":15,"enemies":"3 Shapes","floor":86,"turns":2},{"damage":0,"enemies":"Orb Walker","floor":87,"turns":2},{"damage":25,"enemies":"2 Orb Walkers","floor":89,"turns":3},{"damage":76,"enemies":"Maw","floor":96,"turns":5},{"damage":9,"enemies":"R_Hoarder","floor":97,"turns":3},{"damage":150,"enemies":"infinitespire:MassOfShapes","floor":101,"turns":7},{"damage":0,"enemies":"Small Slimes","floor":103,"turns":1},{"damage":7,"enemies":"Jaw Worm","floor":105,"turns":2},{"damage":0,"enemies":"conspire:RoseBush","floor":106,"turns":1},{"damage":0,"enemies":"Blue Slaver","floor":109,"turns":2},{"damage":4,"enemies":"Replay:BlueRogue","floor":110,"turns":1},{"damage":10,"enemies":"Red Slaver","floor":112,"turns":3},{"damage":0,"enemies":"Fading Forest","floor":118,"turns":9},{"damage":0,"enemies":"Shell Parasite","floor":120,"turns":1},{"damage":4,"enemies":"Spheric Guardian","floor":129,"turns":1},{"damage":85,"enemies":"Snecko","floor":130,"turns":5},{"damage":49,"enemies":"conspire:MimicChest","floor":132,"turns":6},{"damage":32,"enemies":"hubris:MusketHawk","floor":135,"turns":5},{"damage":0,"enemies":"3 Shapes","floor":137,"turns":3},{"damage":0,"enemies":"Orb Walker","floor":141,"turns":2},{"damage":0,"enemies":"R_Hoarder","floor":144,"turns":5},{"damage":0,"enemies":"Reptomancer","floor":146,"turns":2},{"damage":0,"enemies":"Maw","floor":147,"turns":4},{"damage":474,"enemies":"infinitespire:LordOfFortification","floor":152,"turns":11}],"seed_played":"230535648167635942","potions_obtained":[{"floor":11.0,"key":"SpeedPotion"},{"floor":14.0,"key":"Ancient Potion"},{"floor":25.0,"key":"EssenceOfSteel"},{"floor":27.0,"key":"Adrenaline Potion"},{"floor":31.0,"key":"Strength Potion"},{"floor":36.0,"key":"Flashbang"},{"floor":38.0,"key":"infinitespire:BlackPotion"},{"floor":44.0,"key":"Fruit Juice"},{"floor":48.0,"key":"Block Potion"},{"floor":50.0,"key":"DistilledChaos"},{"floor":52.0,"key":"hexamod:SoulburnPotion"},{"floor":56,"key":"Adrenaline Potion"},{"floor":67,"key":"Guardian:BlockOnCardUsePotion"},{"floor":67,"key":"Swift Potion"},{"floor":67,"key":"FearPotion"},{"floor":80,"key":"SkillPotion"},{"floor":80,"key":"Swift Potion"},{"floor":84,"key":"DistilledChaos"},{"floor":87,"key":"Languid Potion"},{"floor":96,"key":"Weak Potion"},{"floor":101,"key":"BloodPotion"},{"floor":101,"key":"CultistPotion"},{"floor":101,"key":"SkillPotion"},{"floor":103,"key":"BlessingOfTheForge"},{"floor":114,"key":"FairyPotion"},{"floor":129,"key":"DuplicationPotion"},{"floor":132,"key":"LiquidBronze"},{"floor":135,"key":"LiquidBronze"},{"floor":152,"key":"PowerPotion"}],"is_trial":false,"path_per_floor":["M","$","M","?","?","R","?","E","T","R","M","T","R","M","R","B",null,"M","M","AVR","M","$","NM","M","M","T","E","R","$","?","M","R","B",null,"M","M","?","M","?","E","?","M","T","M","?","M","R","M","R","B",null,"M","$","M","M","M","R","M","M","T","R","M","AVR","?","M","R","B",null,"M","?","?","M","$","E","R","M","T","E","?","E","M","?","R","B",null,"M","M","?","?","?","R","?","R","T","?","M","E","$","?","R","B",null,"M","?","M","M","?","R","M","E","T","M","?","?","?","$","R","B",null,"M","?","?","?","?","R","?","R","T","M","M","?","?","$","R","B",null,"M","?","?","?","M","?","?","E","T","E","M","R","?","?","R","B"],"character_chosen":"IRONCLAD","items_purchased":["War Paint","MerchantsRug","Poisoned Strike","DollysMirror","infinitespire:BottledMercury","ReplayTheSpireMod:ShopPack","Strange Spoon","hubris:PeanutButter","Bandage Up","PreservedInsect","Snack Pack","TheAbacus"],"campfire_rested":6,"item_purchase_floors":[0,0,0,0,0,0,2,22,29,53,73,133],"current_hp_per_floor":[45,45,50,34,34,58,58,49,49,73,73,73,73,73,73,72,80,60,43,43,56,56,58,64,70,70,73,73,76,76,83,83,86,86,74,79,79,73,73,89,89,92,92,92,92,96,96,90,90,41,97,97,97,97,97,97,97,97,97,97,97,97,100,100,100,100,53,100,100,100,80,100,100,103,103,103,103,103,103,78,80,80,103,103,103,96,103,82,76,76,109,109,109,109,112,99,115,115,110,110,50,123,126,129,129,129,129,129,129,129,129,129,129,97,100,100,100,132,132,135,138,138,138,108,143,143,143,143,143,93,96,114,117,146,144,146,146,149,149,149,149,149,149,152,152,152,155,155,155,158,158,0,0],"gold":269,"neow_bonus":"","is_daily":false,"chose_seed":false,"campfire_upgraded":21,"win_rate":0.0,"timestamp":1612789325,"path_taken":["M","$","M","?","?","R","?","E","T","R","?","?","R","M","R","BOSS","M","M","AVR","M","?","NM","M","M","T","E","R","$","?","M","R","BOSS","M","M","?","?","?","E","?","M","T","?","?","M","R","M","R","BOSS","M","$","?","M","M","R","M","?","T","R","M","AVR","?","?","R","BOSS","M","?","?","M","$","E","R","M","T","E","?","E","M","?","R","BOSS","M","M","?","?","?","R","?","R","T","?","M","E","$","?","R","BOSS","M","?","M","M","?","R","M","E","T","M","?","?","?","?","R","BOSS","M","?","?","?","?","R","?","R","T","M","M","?","?","?","R","BOSS","M","?","?","?","M","?","?","E","T","E","M","R","?","?","R","BOSS"],"items_purchased_type":["Relic","Relic","Card","Relic","Relic","Relic","Relic","Relic","Card","Relic","Relic","Relic"],"build_version":"2020-12-22","purchased_purges":3,"victory":false,"max_hp_per_floor":[80,80,80,80,80,80,80,80,80,80,80,80,80,80,80,80,80,80,80,80,80,80,80,80,80,80,80,80,83,83,83,83,86,86,86,86,86,89,89,89,89,92,92,92,92,97,97,97,97,97,97,97,97,97,97,97,97,97,97,97,97,97,100,100,100,100,100,100,100,100,100,100,100,103,103,103,103,103,103,103,103,103,103,103,103,103,103,106,111,111,111,111,111,111,114,117,120,120,120,120,123,123,126,129,129,129,129,129,129,129,129,129,129,129,132,132,132,132,132,135,138,138,138,143,143,143,143,143,143,143,143,143,143,146,146,146,146,149,149,149,149,149,149,152,152,152,155,155,155,158,158,158,158],"card_choices":[{"not_picked":["Magnetism","Crow Ritual"],"picked":"ReplayTheSpireMod:Brewmster","floor":0.0},{"not_picked":["Secret Weapon","Replay:Sssssssssstrike"],"picked":"Replay:Sssssssssshield","floor":0.0},{"not_picked":["PanicButton","Dramatic Entrance"],"picked":"Replay:Bootleg Shield Generator","floor":0.0},{"not_picked":["Havoc","Clash"],"picked":"Replay:Undeath\u0027s Touch","floor":1.0},{"not_picked":["Run Through","Flex"],"picked":"Offering","floor":3.0},{"not_picked":["Replay:Undeath\u0027s Touch","Defy Death","ReplayTheSpireMod:LeadingStrike"],"picked":"SKIP","floor":8.0},{"not_picked":["hubris:CleavingFinish","Clash","Massacre"],"picked":"SKIP","floor":11.0},{"not_picked":["Blood for Blood","Defy Death","hubris:CleavingFinish"],"picked":"SKIP","floor":14.0},{"not_picked":["Limit Break","Offering"],"picked":"Juggernaut","floor":16.0},{"not_picked":["Flame Barrier","Body Slam","Clothesline"],"picked":"SKIP","floor":18.0},{"not_picked":["Combust","Pummel"],"picked":"Twin Strike+1","floor":19.0},{"not_picked":["Armaments","Headbutt"],"picked":"Replay:Undeath\u0027s Touch","floor":21.0},{"not_picked":["Hemogenesis","Dark Embrace","Headbutt"],"picked":"SKIP","floor":23.0},{"not_picked":["Rupture","Heavy Blade"],"picked":"Pummel","floor":24.0},{"not_picked":["Replay:Undeath\u0027s Touch","Body Slam"],"picked":"Rampage+1","floor":25.0},{"not_picked":["Sever Soul","Pommel Strike","Replay:Undeath\u0027s Touch"],"picked":"SKIP","floor":27.0},{"not_picked":["Iron Wave","True Grit","Dark Embrace+1"],"picked":"SKIP","floor":31.0},{"not_picked":["conspire:HitWhereItHurts","Brutality"],"picked":"Reaper","floor":33.0},{"not_picked":["Clothesline+1","Twin Strike+1","Run Through+1"],"picked":"SKIP","floor":35.0},{"not_picked":["Perfected Strike+1","Anger+1","Clothesline"],"picked":"SKIP","floor":36.0},{"not_picked":["Heavy Blade","Warcry"],"picked":"Uppercut+1","floor":38.0},{"not_picked":["Run Through","Body Slam","Entrench+1"],"picked":"SKIP","floor":40.0},{"not_picked":["Heavy Blade+1","ReplayReversal"],"picked":"Flex+1","floor":42.0},{"not_picked":["Headbutt+1","Barricade","Body Slam"],"picked":"SKIP","floor":44.0},{"not_picked":["Carnage","Shrug It Off","Warcry"],"picked":"SKIP","floor":46.0},{"not_picked":["Shrug It Off+1","Anger","Metallicize"],"picked":"SKIP","floor":48.0},{"not_picked":["Sword Boomerang","Dark Embrace","Infernal Blade"],"picked":"SKIP","floor":52.0},{"not_picked":["Clothesline","Cleave","Thunderclap"],"picked":"SKIP","floor":54},{"not_picked":["Uppercut","Shockwave","Twin Strike"],"picked":"SKIP","floor":55},{"not_picked":["Twin Strike","Shockwave","True Grit"],"picked":"SKIP","floor":56},{"not_picked":["Rupture","Heavy Blade","Dark Embrace"],"picked":"SKIP","floor":58},{"not_picked":["ReplayReversal","Havoc","Replay:Undeath\u0027s Touch"],"picked":"SKIP","floor":59},{"not_picked":["conspire:Purge","Havoc","conspire:ExplosiveBarrier"],"picked":"SKIP","floor":62},{"not_picked":["Body Slam","Thunderclap","Spot Weakness"],"picked":"SKIP","floor":65},{"not_picked":["Power Through","Flame Barrier","Hemokinesis"],"picked":"SKIP","floor":69},{"not_picked":["Shrug It Off","Heavy Blade","Anger"],"picked":"SKIP","floor":72},{"not_picked":["Dual Wield","Cleave"],"picked":"Twin Strike+1","floor":74},{"not_picked":["Bloodletting","Wild Strike+1","Pummel"],"picked":"SKIP","floor":76},{"not_picked":["Pommel Strike","ReplayTheSpireMod:Strike From Hell","Clothesline"],"picked":"SKIP","floor":78},{"not_picked":["Massacre","Heavy Blade","Shrug It Off"],"picked":"SKIP","floor":80},{"not_picked":["Uppercut","Armaments","Perfected Strike"],"picked":"SKIP","floor":81},{"not_picked":["Perfected Strike","ReplayReversal","Feel No Pain"],"picked":"SKIP","floor":86},{"not_picked":["Dual Wield","Defy Death","Replay:Undeath\u0027s Touch"],"picked":"SKIP","floor":87},{"not_picked":["hubris:InfiniteBlow","infinitespire:Menacing"],"picked":"infinitespire:Starlight","floor":88},{"not_picked":["ReplayTheSpireMod:Stacked+1","Inflame"],"picked":"Whirlwind+1","floor":96},{"not_picked":["Eclipse","hubris:StunningStrike"],"picked":"Flex+1","floor":97},{"not_picked":["Berserk","Impervious"],"picked":"Offering","floor":101},{"not_picked":["Burning Pact","Entrench"],"picked":"Pummel","floor":103},{"not_picked":["Wild Strike","hubris:ReadiedAction","Twin Strike"],"picked":"SKIP","floor":105},{"not_picked":["Body Slam","Sword Boomerang","Flame Barrier"],"picked":"SKIP","floor":106},{"not_picked":["Perfected Strike","hubris:ReadiedAction","Body Slam"],"picked":"SKIP","floor":109},{"not_picked":["conspire:Charge","Sever Soul","Warcry"],"picked":"SKIP","floor":110},{"not_picked":["Eclipse","Clothesline","Sword Boomerang"],"picked":"SKIP","floor":112},{"not_picked":["Run Through","hubris:ReadiedAction"],"picked":"Reaper","floor":120},{"not_picked":["infinitespire:Collect","hubris:Fate"],"picked":"infinitespire:TheBestDefense","floor":121},{"not_picked":["hubris:ReadiedAction+1","Rampage+1","Sentinel"],"picked":"SKIP","floor":129},{"not_picked":["Twin Strike","Heavy Blade","Warcry+1"],"picked":"SKIP","floor":130},{"not_picked":["hubris:CleavingFinish","Replay:Undeath\u0027s Touch"],"picked":"Offering","floor":134},{"not_picked":["Heavy Blade+1","Pommel Strike+1","Carnage"],"picked":"SKIP","floor":137},{"not_picked":["Bandage Up","Enlightenment"],"picked":"Flash of Steel","floor":138},{"not_picked":["Armaments","Shrug It Off","Pommel Strike+1"],"picked":"SKIP","floor":141},{"not_picked":["ReplayReversal","Life Link"],"picked":"Demon Form","floor":144},{"not_picked":["Shrug It Off+1","Thunderclap","Wild Strike"],"picked":"SKIP","floor":146},{"not_picked":["Pommel Strike+1","Twin Strike+1"],"picked":"Pummel+1","floor":147}],"player_experience":244443,"relics_obtained":[{"floor":8.0,"key":"Bottled Tornado"},{"floor":9.0,"key":"hubris:IronBody"},{"floor":12.0,"key":"infinitespire:PuzzleCube"},{"floor":23.0,"key":"Anchor"},{"floor":26.0,"key":"Replay:Ringing Soul"},{"floor":27.0,"key":"Sundial"},{"floor":40.0,"key":"Replay:Baseball"},{"floor":43.0,"key":"Bag of Marbles"},{"floor":60,"key":"Centennial Puzzle"},{"floor":74,"key":"Bronze Scales"},{"floor":77,"key":"Juzu Bracelet"},{"floor":78,"key":"conspire:InfiniteJournal"},{"floor":80,"key":"Pondfish Scales"},{"floor":89,"key":"Durian"},{"floor":94,"key":"Dream Catcher"},{"floor":97,"key":"Blood Vial"},{"floor":110,"key":"Replay:Arrowhead"},{"floor":111,"key":"conspire:Dentures"},{"floor":128,"key":"hubris:SphereOfDissonance"},{"floor":132,"key":"Whetstone"},{"floor":144,"key":"Gremlin Food"},{"floor":145,"key":"Onion Ring"},{"floor":146,"key":"Simple Rune"}],"event_choices":[{"damage_healed":0.0,"max_hp_gain":0.0,"max_hp_loss":0.0,"gold_gain":0.0,"event_name":"Shining Light","player_choice":"Entered Light","floor":4.0,"gold_loss":0.0,"damage_taken":16.0,"cards_upgraded":["Replay:Sssssssssshield","Defend_R"]},{"damage_healed":0.0,"max_hp_gain":0.0,"max_hp_loss":0.0,"gold_gain":0.0,"event_name":"conspire:LoneGhost","player_choice":"Disagree","floor":5.0,"gold_loss":0.0,"damage_taken":0.0},{"damage_healed":0.0,"max_hp_gain":0.0,"max_hp_loss":0.0,"gold_gain":0.0,"event_name":"Upgrade Shrine","player_choice":"Upgraded","floor":7.0,"gold_loss":0.0,"damage_taken":0.0,"cards_upgraded":["Replay:Bootleg Shield Generator"]},{"damage_healed":0.0,"max_hp_gain":0.0,"max_hp_loss":0.0,"gold_gain":0.0,"event_name":"Back to Basics","player_choice":"Simplicity","floor":30.0,"gold_loss":0.0,"damage_taken":0.0,"cards_upgraded":["Strike_R","Strike_R","Strike_R","Strike_R","Defend_R"]},{"damage_healed":0.0,"max_hp_gain":0.0,"max_hp_loss":0.0,"gold_gain":0.0,"event_name":"Transmorgrifier","player_choice":"Ignored","floor":37.0,"gold_loss":0.0,"damage_taken":0.0},{"cards_removed":["Defend_R"],"damage_healed":0.0,"max_hp_gain":0.0,"max_hp_loss":0.0,"gold_gain":0.0,"event_name":"Bonfire Elementals","player_choice":"Offered Basic","floor":41.0,"gold_loss":0.0,"damage_taken":0.0},{"damage_healed":0,"gold_gain":0,"player_choice":"Ignored","damage_taken":0,"max_hp_gain":0,"max_hp_loss":0,"event_name":"Transmorgrifier","floor":64,"gold_loss":0},{"damage_healed":0,"gold_gain":0,"player_choice":"Simplicity","damage_taken":0,"max_hp_gain":0,"max_hp_loss":0,"event_name":"Back to Basics","floor":70,"gold_loss":0,"cards_upgraded":[]},{"damage_healed":0,"gold_gain":0,"player_choice":"Fight","damage_taken":0,"max_hp_gain":0,"max_hp_loss":0,"event_name":"Mysterious Sphere","floor":89,"gold_loss":0},{"damage_healed":0,"gold_gain":0,"player_choice":"Paid","damage_taken":0,"relics_obtained":["Red Mask"],"max_hp_gain":0,"max_hp_loss":0,"event_name":"Tomb of Lord Red Mask","floor":90,"gold_loss":240},{"damage_healed":0,"gold_gain":0,"player_choice":"Leave","damage_taken":0,"max_hp_gain":0,"max_hp_loss":0,"event_name":"conspire:Investor","floor":92,"gold_loss":0},{"damage_healed":0,"gold_gain":0,"player_choice":"Copied","damage_taken":0,"max_hp_gain":0,"max_hp_loss":0,"event_name":"Duplicator","floor":95,"gold_loss":0,"cards_obtained":["infinitespire:Starlight"]},{"damage_healed":0,"gold_gain":0,"player_choice":"Cursed","damage_taken":0,"max_hp_gain":0,"max_hp_loss":0,"event_name":"Wheel of Change","floor":115,"gold_loss":0,"cards_obtained":["Decay"]},{"damage_healed":0,"gold_gain":0,"player_choice":"Read","damage_taken":0,"max_hp_gain":0,"max_hp_loss":0,"event_name":"The Library","floor":121,"gold_loss":0,"cards_obtained":["Cleave"]},{"damage_healed":0,"gold_gain":99,"player_choice":"Stole From Cult","damage_taken":0,"max_hp_gain":0,"max_hp_loss":0,"event_name":"Nest","floor":122,"gold_loss":0},{"damage_healed":0,"gold_gain":0,"player_choice":"Shed Blood","damage_taken":35,"max_hp_gain":5,"max_hp_loss":0,"event_name":"Forgotten Altar","floor":124,"gold_loss":0},{"damage_healed":0,"gold_gain":0,"player_choice":"Simplicity","damage_taken":0,"max_hp_gain":0,"max_hp_loss":0,"event_name":"Back to Basics","floor":126,"gold_loss":0,"cards_upgraded":["Strike_R","Strike_R","Defend_R","Defend_R","Defend_R"]},{"damage_healed":0,"gold_gain":0,"player_choice":"Ignored","damage_taken":0,"max_hp_gain":0,"max_hp_loss":0,"event_name":"Ghosts","floor":131,"gold_loss":0},{"damage_healed":0,"gold_gain":0,"player_choice":"Memory 1","damage_taken":0,"max_hp_gain":0,"max_hp_loss":0,"event_name":"SensoryStone","floor":138,"gold_loss":0},{"cards_removed":["Bandage Up"],"damage_healed":0,"gold_gain":0,"player_choice":"Removed Skill","damage_taken":0,"max_hp_gain":0,"max_hp_loss":0,"event_name":"Falling","floor":139,"gold_loss":0},{"damage_healed":0,"gold_gain":0,"player_choice":"Ignored","damage_taken":0,"max_hp_gain":0,"max_hp_loss":0,"event_name":"NoteForYourself","floor":142,"gold_loss":0},{"damage_healed":0,"gold_gain":222,"player_choice":"Wore Mask","damage_taken":0,"max_hp_gain":0,"max_hp_loss":0,"event_name":"Tomb of Lord Red Mask","floor":143,"gold_loss":0},{"damage_healed":0,"gold_gain":0,"player_choice":"Copied","damage_taken":0,"max_hp_gain":0,"max_hp_loss":0,"event_name":"Duplicator","floor":150,"gold_loss":0,"cards_obtained":["Replay:Sssssssssshield"]}],"is_beta":false,"boss_relics":[{"not_picked":["Fusion Hammer","aspiration:RitualDagger","Sozu"]},{"not_picked":["infinitespire:Burning Sword","infinitespire:Cupcake"],"picked":"aspiration:PoetsPen_weak"},{"not_picked":["Mark of Pain","Philosopher\u0027s Stone","aspiration:WatcherSkillbook"]},{"not_picked":["Replay:Grab Bag","Cursed Key","Honey Jar"]},{"not_picked":["Velvet Choker","Replay:Wanted Poster","Replay:Ancient Bell"]},{"not_picked":["conspire:SlowCooker","Replay:Bronze Core"],"picked":"hubris:Backtick"},{"not_picked":["hubris:RunicObelisk","Honey Jar","aspiration:SilentSkillbook"]},{"not_picked":["ReplayTheSpireMod:DimensionalGlitch","Runic Pyramid","infinitespire:Burning Sword"]}],"items_purged_floors":[20,63,116],"is_endless":true,"potions_floor_spawned":[11,14,16,19,21,24,25,31,38,40,44,48,52,56,59,62,65,74,81,84,87,96,97,101,103,109,110,112,130,132,144,147],"killed_by":"infinitespire:LordOfFortification","ascension_level":0}}