{"host":"ly20tmf9be7b85hl","time":1612800071,"event":{"mods":["BaseMod","Colored Map","Keyboard Shortcuts","Minty Spire (QoL Compilation)","Permanent Neow","Quick Restart","SuperFastMode"],"gold_per_floor":[116,191,191,61,61,95,95,12,12,27,27,47,65,79,79,79,79],"floor_reached":16,"language":"KOR","playtime":314,"items_purged":["Strike_G"],"score":200,"play_id":"8e38ceca-fa96-428a-9ece-d3baa8a090e5","local_time":"20210209010111","is_ascension_mode":true,"campfire_choices":[{"data":"Blade Dance","floor":7,"key":"SMITH"},{"data":"Tactician","floor":11,"key":"SMITH"},{"data":"Calculated Gamble","floor":15,"key":"SMITH"}],"circlet_count":0,"master_deck":["AscendersBane","Strike_G","Strike_G","Strike_G","Strike_G","Defend_G","Defend_G","Defend_G","Defend_G","Defend_G","Survivor","Neutralize","Poisoned Stab","Blade Dance+1","Calculated Gamble+1","Tactician+1","Tactician","Reflex","Crippling Poison"],"relics":["Runic Pyramid","Eternal Feather","Strawberry","Calipers"],"acts_visited":["Exordium"],"potions_floor_usage":[14,14,16],"damage_taken":[{"damage":0.0,"enemies":"Jaw Worm","floor":1.0,"turns":7.0},{"damage":32,"enemies":"3 Sentries","floor":6,"turns":13},{"damage":6,"enemies":"2 Louse","floor":10,"turns":4},{"damage":0,"enemies":"Cultist","floor":12,"turns":3},{"damage":17,"enemies":"3 Louse","floor":13,"turns":3},{"damage":7,"enemies":"Exordium Wildlife","floor":14,"turns":3},{"damage":13,"enemies":"Hexaghost","floor":16,"turns":10}],"seed_played":"-5077776754732679995","potions_obtained":[{"floor":10,"key":"SteroidPotion"},{"floor":13,"key":"AttackPotion"},{"floor":14,"key":"Energy Potion"}],"is_trial":false,"path_per_floor":["M","?","?","$","?","E","R","$","T","M","R","M","M","M","R","B"],"character_chosen":"THE_SILENT","items_purchased":["Blade Dance","Tactician"],"campfire_rested":0,"item_purchase_floors":[4,8],"current_hp_per_floor":[59,48,22,22,44,19,28,28,28,22,31,31,14,7,16,3,3],"gold":79,"neow_bonus":"BOSS_RELIC","is_daily":false,"chose_seed":false,"campfire_upgraded":3,"win_rate":0.0,"timestamp":1612800071,"path_taken":["M","?","?","$","?","E","R","?","T","M","R","M","M","M","R","BOSS"],"items_purchased_type":["Card","Card"],"build_version":"2020-12-22","purchased_purges":1,"victory":false,"max_hp_per_floor":[66,66,66,66,66,73,73,73,73,73,73,73,73,73,73,73,73],"card_choices":[{"not_picked":["Quick Slash","Underhanded Strike"],"picked":"Poisoned Stab","floor":1.0},{"not_picked":["Setup","Riddle With Holes"],"picked":"Calculated Gamble","floor":6},{"not_picked":["Acrobatics","Deflect"],"picked":"Tactician","floor":10},{"not_picked":["Sucker Punch","Crippling Poison","Dash"],"picked":"SKIP","floor":12},{"not_picked":["Poisoned Stab","Slice"],"picked":"Reflex","floor":13},{"not_picked":["Caltrops","Slice"],"picked":"Crippling Poison","floor":14}],"player_experience":851253,"relics_obtained":[{"floor":6,"key":"Strawberry"},{"floor":9,"key":"Calipers"}],"event_choices":[{"damage_healed":0.0,"max_hp_gain":0.0,"max_hp_loss":0.0,"gold_gain":75.0,"event_name":"World of Goop","player_choice":"Gather Gold","floor":2.0,"gold_loss":0.0,"damage_taken":11.0},{"damage_healed":0.0,"max_hp_gain":0.0,"max_hp_loss":0.0,"gold_gain":0.0,"event_name":"Scrap Ooze","player_choice":"Success","floor":3.0,"gold_loss":0.0,"damage_taken":26.0,"relics_obtained":["Eternal Feather"]},{"damage_healed":22.0,"max_hp_gain":0.0,"max_hp_loss":0.0,"gold_gain":0.0,"event_name":"Big Fish","player_choice":"Banana","floor":5.0,"gold_loss":0.0,"damage_taken":0.0}],"is_beta":false,"boss_relics":[],"items_purged_floors":[4],"is_endless":false,"potions_floor_spawned":[10,13,14],"killed_by":"Hexaghost","ascension_level":20}}