{"host":"j4g6ia6asvpyu2b0","time":1612788872,"event":{"mods":["BaseMod","Colored Map","Minty Spire (QoL Compilation)","Permanent Neow","Quick Restart","Relic Stats","StSLib","Unceasing Turn Reminder"],"gold_per_floor":[366,366,366,8,8,8,49,49,120,140,171,171,20,36,36,167,167,185,200,200,31,31,31,62,85,167,167,211,225,256,275,275,404,404,429,379,393,71,0,39,39,82,82,105,129,160,216,239,239,239,239,239,5,48,48],"floor_reached":56,"language":"ENG","playtime":2890,"items_purged":["Pain"],"score":1534,"play_id":"3d1ce1f9-40da-418d-8f9c-34697f9d8dca","local_time":"20210208055432","is_ascension_mode":true,"campfire_choices":[{"data":"Quick Slash","floor":6.0,"key":"SMITH"},{"data":"Neutralize","floor":8.0,"key":"SMITH"},{"data":"Well Laid Plans","floor":12.0,"key":"SMITH"},{"data":"Flying Knee","floor":15.0,"key":"SMITH"},{"floor":23.0,"key":"RECALL"},{"floor":27.0,"key":"REST"},{"floor":32,"key":"REST"},{"floor":41,"key":"REST"},{"data":"1","floor":49,"key":"LIFT"},{"data":"2","floor":52,"key":"LIFT"}],"circlet_count":0,"master_deck":["Strike_G+1","Strike_G+1","Strike_G+1","Strike_G+1","Strike_G+1","Defend_G+1","Defend_G+1","Defend_G+1","Defend_G+1","Defend_G+1","Survivor+1","Neutralize+1","Flying Knee+1","Quick Slash+1","Crippling Poison+1","Acrobatics+1","Well Laid Plans+1","PiercingWail+1","LessonLearned","Disarm+1","Jack Of All Trades+1","Riddle With Holes+1","Crippling Poison+1","Flash of Steel+1","Dodge and Roll+1","Noxious Fumes+1","Warcry+1","Battle Trance+1","Flash of Steel+1","Hologram+1","Adrenaline+1","CurseOfTheBell","Backflip+1","Outmaneuver+1","Infinite Blades+1","Tactician+1","Reflex+1","Feel No Pain+1","Headbutt+1","Apotheosis+1","TalkToTheHand","PiercingWail+1","Panache","Sadistic Nature"],"relics":["Ring of the Snake","Golden Idol","Toxic Egg 2","Gremlin Horn","Ornamental Fan","Snake Skull","PrismaticShard","Fusion Hammer","HornCleat","Letter Opener","Kunai","Nunchaku","Calling Bell","Ancient Tea Set","Pear","Lizard Tail","Dead Branch","Red Mask","Shuriken","Potion Belt","Girya","Tingsha","Pen Nib"],"acts_visited":["Exordium","TheCity","TheBeyond","TheEnding"],"potions_floor_usage":[55,55,55,55,55,55,55,55,55,55],"damage_taken":[{"damage":5.0,"enemies":"Jaw Worm","floor":1.0,"turns":7.0},{"damage":21.0,"enemies":"Gremlin Nob","floor":7.0,"turns":4.0},{"damage":2.0,"enemies":"Small Slimes","floor":10.0,"turns":3.0},{"damage":8.0,"enemies":"Lagavulin","floor":11.0,"turns":6.0},{"damage":0.0,"enemies":"2 Louse","floor":14.0,"turns":2.0},{"damage":34.0,"enemies":"Slime Boss","floor":16.0,"turns":13.0},{"damage":0.0,"enemies":"Chosen","floor":18.0,"turns":5.0},{"damage":2.0,"enemies":"Spheric Guardian","floor":19.0,"turns":5.0},{"damage":0.0,"enemies":"Slavers","floor":24.0,"turns":4.0},{"damage":0.0,"enemies":"Centurion and Healer","floor":25.0,"turns":6.0},{"damage":15,"enemies":"Book of Stabbing","floor":28,"turns":7},{"damage":0,"enemies":"3 Cultists","floor":29,"turns":3},{"damage":7,"enemies":"Gremlin Leader","floor":30,"turns":6},{"damage":0,"enemies":"Cultist and Chosen","floor":31,"turns":4},{"damage":4,"enemies":"Champ","floor":33,"turns":11},{"damage":3,"enemies":"3 Darklings","floor":35,"turns":5},{"damage":0,"enemies":"Orb Walker","floor":37,"turns":3},{"damage":0,"enemies":"Reptomancer","floor":40,"turns":7},{"damage":4,"enemies":"Giant Head","floor":42,"turns":6},{"damage":5,"enemies":"Spire Growth","floor":44,"turns":4},{"damage":0,"enemies":"Sphere and 2 Shapes","floor":45,"turns":4},{"damage":0,"enemies":"Nemesis","floor":46,"turns":5},{"damage":10,"enemies":"2 Orb Walkers","floor":47,"turns":4},{"damage":0,"enemies":"Transient","floor":48,"turns":5},{"damage":11,"enemies":"Awakened One","floor":50,"turns":13},{"damage":17,"enemies":"Shield and Spear","floor":54,"turns":4},{"damage":15,"enemies":"The Heart","floor":55,"turns":8}],"seed_played":"-4339321295736153463","potions_obtained":[{"floor":5.0,"key":"PowerPotion"},{"floor":5.0,"key":"LiquidMemories"},{"floor":5.0,"key":"GhostInAJar"},{"floor":10.0,"key":"EntropicBrew"},{"floor":19.0,"key":"EssenceOfSteel"},{"floor":28,"key":"Swift Potion"},{"floor":31,"key":"DuplicationPotion"},{"floor":42,"key":"AttackPotion"},{"floor":44,"key":"Ancient Potion"},{"floor":46,"key":"LiquidBronze"},{"floor":47,"key":"Strength Potion"}],"is_trial":false,"path_per_floor":["M","?","?","$","?","R","E","R","T","M","E","R","$","M","R","B",null,"M","M","?","$","?","R","E","M","T","R","E","M","E","M","R","B",null,"M","$","M","$","?","E","R","E","T","M","M","E","?","M","R","B",null,"R","$","E","B",null],"character_chosen":"THE_SILENT","items_purchased":["Toxic Egg 2","Quick Slash","PrismaticShard","Crippling Poison+1","Flash of Steel","Outmaneuver+1","Dead Branch","Infinite Blades","PiercingWail+1","Panache"],"campfire_rested":3,"item_purchase_floors":[4,4,13,21,21,36,38,38,53,53],"current_hp_per_floor":[65,70,69,69,69,69,48,48,48,46,38,38,38,38,38,4,69,69,67,67,67,55,55,55,55,55,74,59,59,52,52,74,70,84,81,81,81,81,81,81,84,80,80,75,75,75,65,65,65,54,84,84,84,67,52],"gold":48,"neow_bonus":"TWO_FIFTY_GOLD","is_daily":false,"chose_seed":false,"campfire_upgraded":4,"win_rate":0.0,"timestamp":1612788872,"path_taken":["M","?","?","?","?","R","E","R","T","M","E","R","$","M","R","BOSS","M","M","?","?","?","R","E","M","T","R","E","M","E","M","R","BOSS","M","$","M","$","?","E","R","E","T","M","M","E","?","M","R","BOSS","R","$","E","BOSS"],"items_purchased_type":["Relic","Card","Relic","Card","Card","Card","Relic","Card","Card","Card"],"build_version":"2020-12-22","purchased_purges":1,"victory":true,"max_hp_per_floor":[70,75,69,69,69,69,69,69,69,69,69,69,69,69,69,69,69,69,69,69,69,74,74,74,74,74,74,74,74,74,74,74,74,84,84,84,84,84,84,84,84,84,84,84,84,84,84,84,84,84,84,84,84,84,84],"relic_stats":{"Gremlin Horn":[27,29],"counters":[27,154],"Golden Idol":230,"Dead Branch":[141],"Tingsha":[51],"Snake Skull":[148],"Pen Nib":[3],"Letter Opener":[445],"Nunchaku":[26],"Lizard Tail":0,"Ornamental Fan":[352],"Shuriken":[43],"Kunai":[65],"obtain_stats":[{"Potion Belt":42,"Girya":46,"Pear":34,"Gremlin Horn":7,"Golden Idol":3,"Dead Branch":38,"Tingsha":47,"Snake Skull":11,"Pen Nib":54,"Letter Opener":26,"PrismaticShard":13,"Ancient Tea Set":34,"Calling Bell":34,"Nunchaku":30,"Lizard Tail":34,"HornCleat":24,"Ornamental Fan":9,"Shuriken":40,"Fusion Hammer":17,"Red Mask":39,"Kunai":28,"Toxic Egg 2":4,"Ring of the Snake":0},{"Potion Belt":19,"Girya":22,"Pear":15,"Gremlin Horn":2,"Golden Idol":1,"Dead Branch":17,"Tingsha":23,"Snake Skull":4,"Pen Nib":26,"Letter Opener":10,"PrismaticShard":4,"Ancient Tea Set":15,"Calling Bell":15,"Nunchaku":13,"Lizard Tail":15,"HornCleat":9,"Ornamental Fan":2,"Shuriken":18,"Fusion Hammer":6,"Red Mask":17,"Kunai":11,"Toxic Egg 2":1,"Ring of the Snake":0},{"Potion Belt":107,"Girya":120,"Pear":86,"Gremlin Horn":11,"Golden Idol":7,"Dead Branch":94,"Tingsha":124,"Snake Skull":20,"Pen Nib":146,"Letter Opener":55,"PrismaticShard":20,"Ancient Tea Set":86,"Calling Bell":86,"Nunchaku":71,"Lizard Tail":86,"HornCleat":49,"Ornamental Fan":11,"Shuriken":101,"Fusion Hammer":35,"Red Mask":94,"Kunai":62,"Toxic Egg 2":7,"Ring of the Snake":0}],"Ring of the Snake":[54]},"card_choices":[{"not_picked":["Dodge and Roll","Deflect"],"picked":"Flying Knee","floor":1.0},{"not_picked":["Poisoned Stab","Underhanded Strike"],"picked":"Crippling Poison+1","floor":7.0},{"not_picked":["Underhanded Strike","Dagger Throw"],"picked":"Acrobatics+1","floor":10.0},{"not_picked":["Flechettes","Outmaneuver+1"],"picked":"Well Laid Plans","floor":11.0},{"not_picked":["Swift Strike","Clash"],"picked":"PiercingWail+1","floor":14.0},{"not_picked":["Brilliance","Transmutation+1"],"picked":"LessonLearned","floor":16.0},{"not_picked":["Fusion+1","Well Laid Plans"],"picked":"Disarm+1","floor":18.0},{"not_picked":["Perfected Strike","ThirdEye+1","Rage+1"],"picked":"SKIP","floor":19.0},{"not_picked":["Heavy Blade","Crescendo+1"],"picked":"Dodge and Roll+1","floor":24.0},{"not_picked":["Outmaneuver+1","Tools of the Trade"],"picked":"Noxious Fumes","floor":25.0},{"not_picked":["Thunderclap","Scrape"],"picked":"Warcry+1","floor":28},{"not_picked":["Clash","Gash"],"picked":"Battle Trance+1","floor":29},{"not_picked":["Sucker Punch+1","Fire Breathing"],"picked":"Flash of Steel+1","floor":30},{"not_picked":["Nirvana","Ragnarok"],"picked":"Hologram+1","floor":31},{"not_picked":["Impervious+1","Meteor Strike"],"picked":"Adrenaline+1","floor":33},{"not_picked":["Nirvana+1","Bandage Up+1"],"picked":"Backflip+1","floor":35},{"not_picked":["Go for the Eyes+1","Gash+1","Nirvana+1"],"picked":"SKIP","floor":37},{"not_picked":["Rage+1","Dagger Spray"],"picked":"Tactician+1","floor":40},{"not_picked":["FollowUp","Heel Hook"],"picked":"Reflex+1","floor":42},{"not_picked":["Redo+1","LikeWater"],"picked":"Feel No Pain+1","floor":44},{"not_picked":["Deep Breath+1","Deflect+1"],"picked":"Headbutt+1","floor":45},{"not_picked":["Searing Blow+1","Chill+1"],"picked":"Apotheosis+1","floor":46},{"not_picked":["Protect+1","Rip and Tear+1"],"picked":"TalkToTheHand","floor":48},{"not_picked":["Havoc+1","Searing Blow"],"picked":"Sadistic Nature","floor":54}],"player_experience":1179760,"relics_obtained":[{"floor":7.0,"key":"Gremlin Horn"},{"floor":9.0,"key":"Ornamental Fan"},{"floor":11.0,"key":"Snake Skull"},{"floor":24.0,"key":"HornCleat"},{"floor":26.0,"key":"Letter Opener"},{"floor":28,"key":"Kunai"},{"floor":30,"key":"Nunchaku"},{"floor":34,"key":"Ancient Tea Set"},{"floor":34,"key":"Pear"},{"floor":34,"key":"Lizard Tail"},{"floor":40,"key":"Shuriken"},{"floor":42,"key":"Potion Belt"},{"floor":46,"key":"Girya"},{"floor":47,"key":"Tingsha"},{"floor":54,"key":"Pen Nib"}],"event_choices":[{"damage_healed":0.0,"max_hp_gain":5.0,"max_hp_loss":0.0,"gold_gain":0.0,"event_name":"Big Fish","player_choice":"Donut","floor":2.0,"gold_loss":0.0,"damage_taken":0.0},{"damage_healed":0.0,"max_hp_gain":0.0,"max_hp_loss":6.0,"gold_gain":0.0,"event_name":"Golden Idol","player_choice":"Lose Max HP","floor":3.0,"gold_loss":0.0,"damage_taken":0.0,"relics_obtained":["Golden Idol"]},{"damage_healed":0.0,"max_hp_gain":0.0,"max_hp_loss":0.0,"gold_gain":0.0,"event_name":"Lab","player_choice":"Got Potions","floor":5.0,"gold_loss":0.0,"damage_taken":0.0},{"damage_healed":0.0,"max_hp_gain":0.0,"max_hp_loss":0.0,"gold_gain":0.0,"event_name":"Match and Keep!","player_choice":"2 cards matched","floor":20.0,"gold_loss":0.0,"damage_taken":0.0,"cards_obtained":["Jack Of All Trades","Riddle With Holes"]},{"damage_healed":0.0,"max_hp_gain":5.0,"max_hp_loss":0.0,"gold_gain":0.0,"event_name":"Forgotten Altar","player_choice":"Shed Blood","floor":22.0,"gold_loss":0.0,"damage_taken":17.0},{"damage_healed":0,"gold_gain":0,"player_choice":"Paid","damage_taken":0,"relics_obtained":["Red Mask"],"max_hp_gain":0,"max_hp_loss":0,"event_name":"Tomb of Lord Red Mask","floor":39,"gold_loss":71},{"damage_healed":0,"gold_gain":0,"player_choice":"Fight","damage_taken":0,"max_hp_gain":0,"max_hp_loss":0,"event_name":"Mysterious Sphere","floor":47,"gold_loss":0}],"is_beta":false,"boss_relics":[{"not_picked":["Sozu","SlaversCollar"],"picked":"Fusion Hammer"},{"not_picked":["WristBlade","Tiny House"],"picked":"Calling Bell"}],"items_purged_floors":[4],"is_endless":false,"potions_floor_spawned":[10,19,28,29,31,33,42,44,46,47],"ascension_level":3}}