{"host":"1avr1135to2copjv","time":1612820668,"event":{"mods":["BaseMod","Colored Map","Colored Powertips","Downfall","Minty Spire (QoL Compilation)","Relic Stats","StSLib"],"gold_per_floor":[12,12,12,36,56,56,77,77,377,395,411,435,435,455,455,554,554,577,553,569,74,97,97,97,97],"floor_reached":24,"language":"ENG","playtime":1121,"items_purged":["Strike_G"],"score":374,"play_id":"644c5c97-2735-4c67-a44a-e2b2730287c6","local_time":"20210209004428","is_ascension_mode":true,"campfire_choices":[{"data":"Envenom","floor":6,"key":"SMITH"},{"data":"Neutralize","floor":8,"key":"SMITH"},{"floor":15,"key":"REST"},{"floor":23,"key":"REST"}],"circlet_count":0,"master_deck":["AscendersBane","Strike_G","Strike_G","Strike_G","Strike_G","Defend_G","Defend_G","Defend_G","Defend_G","Defend_G","Survivor","Neutralize+1","Envenom+1","Blade Dance","Riddle With Holes","Flechettes","Dash","Dagger Throw","Corpse Explosion","Backflip","Finisher","Cloak And Dagger","Infinite Blades","Panache"],"relics":["Ring of the Snake","Golden Idol","Old Coin","Shuriken","Fusion Hammer","Anchor","Bag of Preparation"],"acts_visited":["Exordium","TheCity"],"potions_floor_usage":[14,16,24],"damage_taken":[{"damage":6,"enemies":"2 Louse","floor":1,"turns":4},{"damage":2,"enemies":"Jaw Worm","floor":4,"turns":5},{"damage":0,"enemies":"Small Slimes","floor":5,"turns":3},{"damage":17,"enemies":"Red Slaver","floor":7,"turns":4},{"damage":18,"enemies":"Lots of Slimes","floor":10,"turns":4},{"damage":4,"enemies":"Blue Slaver","floor":11,"turns":3},{"damage":7,"enemies":"Looter","floor":12,"turns":4},{"damage":1,"enemies":"Exordium Wildlife","floor":14,"turns":4},{"damage":15,"enemies":"The Guardian","floor":16,"turns":9},{"damage":0,"enemies":"3 Byrds","floor":18,"turns":2},{"damage":14,"enemies":"2 Thieves","floor":19,"turns":5},{"damage":26,"enemies":"Cultist and Chosen","floor":20,"turns":6},{"damage":33,"enemies":"Slavers","floor":24,"turns":3}],"seed_played":"-559072623637160804","potions_obtained":[{"floor":4,"key":"CultistPotion"},{"floor":10,"key":"Swift Potion"},{"floor":14,"key":"Strength Potion"},{"floor":16,"key":"sneckomod:MuddlingPotion"},{"floor":20,"key":"PowerPotion"}],"is_trial":false,"path_per_floor":["M","?","?","M","M","R","M","R","T","M","M","M","?","M","R","B",null,"M","M","M","$","T","R","E"],"character_chosen":"THE_SILENT","items_purchased":["Anchor","Infinite Blades","Panache"],"campfire_rested":2,"item_purchase_floors":[21,21,21],"current_hp_per_floor":[53,53,53,51,51,51,34,34,34,16,12,5,5,4,22,7,47,47,33,7,7,7,25,0,0],"gold":97,"neow_bonus":"THREE_RARE_CARDS","is_daily":false,"chose_seed":false,"campfire_upgraded":2,"win_rate":0.0,"timestamp":1612820668,"path_taken":["M","?","?","M","?","R","M","R","T","M","M","M","?","?","R","BOSS","M","M","?","$","?","R","E"],"items_purchased_type":["Relic","Card","Card"],"build_version":"2020-12-22","purchased_purges":1,"victory":false,"max_hp_per_floor":[66,60,60,60,60,60,60,60,60,60,60,60,60,60,60,60,60,60,60,60,60,60,60,60,60],"relic_stats":{"counters":[13,56],"Golden Idol":60,"Shuriken":[12],"Bag of Preparation":[2],"obtain_stats":[{"Anchor":21,"Golden Idol":2,"Shuriken":13,"Fusion Hammer":17,"Bag of Preparation":22,"Ring of the Snake":0,"Old Coin":9},{"Anchor":12,"Golden Idol":1,"Shuriken":7,"Fusion Hammer":9,"Bag of Preparation":12,"Ring of the Snake":0,"Old Coin":4},{"Anchor":53,"Golden Idol":4,"Shuriken":27,"Fusion Hammer":40,"Bag of Preparation":53,"Ring of the Snake":0,"Old Coin":16}],"Ring of the Snake":[26]},"card_choices":[{"not_picked":["Storm of Steel","Phantasmal Killer"],"picked":"Envenom","floor":0},{"not_picked":["Dodge and Roll","Dagger Throw"],"picked":"Blade Dance","floor":1},{"not_picked":["Underhanded Strike","Heel Hook","Dodge and Roll"],"picked":"SKIP","floor":4},{"not_picked":["Escape Plan","Deflect"],"picked":"Blade Dance","floor":5},{"not_picked":["Cloak And Dagger","Bane"],"picked":"Riddle With Holes","floor":7},{"not_picked":["Concentrate","Dagger Throw"],"picked":"Flechettes","floor":10},{"not_picked":["Outmaneuver","Dodge and Roll","Blade Dance"],"picked":"SKIP","floor":11},{"not_picked":["Dodge and Roll","Caltrops"],"picked":"Dash","floor":12},{"not_picked":["Underhanded Strike","Sucker Punch"],"picked":"Dagger Throw","floor":14},{"not_picked":["Venomology","A Thousand Cuts"],"picked":"Corpse Explosion","floor":16},{"not_picked":["Terror","Skewer"],"picked":"Backflip","floor":18},{"not_picked":["Deflect","Prepared"],"picked":"Finisher","floor":19},{"not_picked":["Flechettes","Dash"],"picked":"Cloak And Dagger","floor":20}],"player_experience":1073698,"relics_obtained":[{"floor":9,"key":"Old Coin"},{"floor":22,"key":"Bag of Preparation"}],"event_choices":[{"damage_healed":0,"gold_gain":0,"player_choice":"Lose Max HP","damage_taken":0,"relics_obtained":["Golden Idol"],"max_hp_gain":0,"max_hp_loss":6,"event_name":"Golden Idol","floor":2,"gold_loss":0},{"damage_healed":0,"gold_gain":0,"player_choice":"Ignored","damage_taken":0,"max_hp_gain":0,"max_hp_loss":0,"event_name":"Liars Game","floor":3,"gold_loss":0},{"cards_removed":["Blade Dance"],"damage_healed":0,"gold_gain":0,"player_choice":"Gave Card","damage_taken":0,"relics_obtained":["Shuriken"],"max_hp_gain":0,"max_hp_loss":0,"event_name":"WeMeetAgain","floor":13,"gold_loss":0}],"is_beta":false,"boss_relics":[{"not_picked":["SlaversCollar","Philosopher\u0027s Stone"],"picked":"Fusion Hammer"}],"items_purged_floors":[21],"is_endless":false,"potions_floor_spawned":[4,10,11,14,16,19,20],"killed_by":"Slavers","ascension_level":19}}