{"host":"zwezhz46a5cjkxff","time":1612773670,"event":{"mods":["AchievementEnabler","BaseMod","Colored Map","Colored Powertips","DeckTracker","Minty Spire (QoL Compilation)","Permanent Neow","Quick Restart","Rare Cards Sparkle","Relic Stats","StSLib","SuperFastMode"],"gold_per_floor":[116,291,311,212,230,230,230],"floor_reached":6,"language":"ENG","playtime":156,"items_purged":["Doubt"],"score":40,"play_id":"8eb8d005-e79b-48a9-9ad9-62df1e3775c9","local_time":"20210208024110","is_ascension_mode":true,"campfire_choices":[],"circlet_count":0,"master_deck":["Strike_B","Strike_B","Strike_B","Strike_B","Defend_B","Defend_B","Defend_B","Defend_B","Zap","Dualcast","Creative AI","BootSequence","Coolheaded"],"relics":["Cracked Core"],"acts_visited":["Exordium"],"potions_floor_usage":[6,6],"damage_taken":[{"damage":20,"enemies":"Cultist","floor":1,"turns":5},{"damage":9,"enemies":"Jaw Worm","floor":3,"turns":3},{"damage":0,"enemies":"2 Louse","floor":5,"turns":2},{"damage":25,"enemies":"3 Sentries","floor":6,"turns":6}],"seed_played":"6904695275356788355","potions_obtained":[{"floor":3,"key":"Strength Potion"},{"floor":5,"key":"AttackPotion"}],"is_trial":false,"path_per_floor":["M","?","M","$","M","E"],"character_chosen":"DEFECT","items_purchased":["Coolheaded"],"campfire_rested":0,"item_purchase_floors":[4],"current_hp_per_floor":[34,34,25,25,25,0,0],"gold":230,"neow_bonus":"THREE_RARE_CARDS","is_daily":false,"chose_seed":false,"campfire_upgraded":0,"win_rate":0.0,"timestamp":1612773670,"path_taken":["M","?","M","$","M","E"],"items_purchased_type":["Card"],"build_version":"2020-12-22","purchased_purges":1,"victory":false,"max_hp_per_floor":[75,75,75,75,75,75,75],"relic_stats":{"counters":[4,16],"obtain_stats":[{"Cracked Core":0},{"Cracked Core":0},{"Cracked Core":0}]},"card_choices":[{"not_picked":["Meteor Strike","Rainbow"],"picked":"Creative AI","floor":0},{"not_picked":["Hologram","Heatsinks","Compile Driver"],"picked":"SKIP","floor":1},{"not_picked":["Go for the Eyes","Storm"],"picked":"BootSequence","floor":3},{"not_picked":["Darkness","Turbo","Conserve Battery"],"picked":"SKIP","floor":5}],"player_experience":81701,"relics_obtained":[],"event_choices":[{"damage_healed":0,"gold_gain":175,"player_choice":"AGREE","damage_taken":0,"max_hp_gain":0,"max_hp_loss":0,"event_name":"Liars Game","floor":2,"gold_loss":0,"cards_obtained":["Doubt"]}],"is_beta":false,"boss_relics":[],"items_purged_floors":[4],"is_endless":false,"potions_floor_spawned":[3,5],"killed_by":"3 Sentries","ascension_level":2}}