{"host":"oigynbtg272c19pw","time":1612793463,"event":{"mods":["BaseMod","Colored Map","Minty Spire (QoL Compilation)","Relic Stats","Slay the Relics Exporter","StSLib"],"gold_per_floor":[109,128,128,178,191,191,207,207,207,45,73,38,63,75,75,150,150,163,63,63,81,100,100,135,148,196,212,212,13,56,77,77,154,154,173,192,32,47,56,81,96,128,428,472,487,504,504,547,547,547,547,547,547,9,52,52],"floor_reached":57,"playtime":4328,"items_purged":["Strike_P","Conclude","Eruption"],"score":3173,"play_id":"ece99bce-0baf-4469-ab0f-4b93ddd8755e","local_time":"20210208151103","is_ascension_mode":true,"campfire_choices":[{"data":"BowlingBash","floor":6.0,"key":"SMITH"},{"data":"Halt","floor":8.0,"key":"SMITH"},{"data":"MentalFortress","floor":15.0,"key":"SMITH"},{"data":"Adaptation","floor":23.0,"key":"SMITH"},{"data":"WaveOfTheHand","floor":28.0,"key":"SMITH"},{"data":"Study","floor":32.0,"key":"SMITH"},{"floor":49.0,"key":"RECALL"},{"data":"Wallop","floor":53.0,"key":"SMITH"}],"circlet_count":0,"master_deck":["AscendersBane","Vigilance","BowlingBash+1","InnerPeace","Halt+1","Tantrum","Adaptation+1","MentalFortress+1","Wireheading","Study+1","DevaForm","Prostrate","CutThroughFate","FearNoEvil","WaveOfTheHand+1","Evaluate","Indignation","EmptyMind","Wallop+1","Wireheading","Swivel+1","LikeWater","Panacea","Fasting2+1","MentalFortress","Sadistic Nature","Bandage Up","MentalFortress"],"relics":["Coffee Dripper","Mummified Hand","Orichalcum","Thread and Needle","Pandora\u0027s Box","MutagenicStrength","Matryoshka","Oddly Smooth Stone","CeramicFish","MealTicket","Runic Pyramid","ClockworkSouvenir","Turnip","Pen Nib","Old Coin","Bottled Flame","Question Card","Toy Ornithopter","Vajra","Akabeko"],"acts_visited":["Exordium","TheCity","TheBeyond","TheEnding"],"potions_floor_usage":[56],"damage_taken":[{"damage":7.0,"enemies":"Jaw Worm","floor":1.0,"turns":5.0},{"damage":0.0,"enemies":"2 Louse","floor":2.0,"turns":2.0},{"damage":0.0,"enemies":"Cultist","floor":5.0,"turns":3.0},{"damage":2.0,"enemies":"Looter","floor":7.0,"turns":4.0},{"damage":3.0,"enemies":"3 Sentries","floor":11.0,"turns":6.0},{"damage":12.0,"enemies":"Gremlin Nob","floor":13.0,"turns":4.0},{"damage":7.0,"enemies":"3 Louse","floor":14.0,"turns":3.0},{"damage":6.0,"enemies":"Hexaghost","floor":16.0,"turns":8.0},{"damage":0.0,"enemies":"3 Byrds","floor":18.0,"turns":3.0},{"damage":2.0,"enemies":"Chosen","floor":21.0,"turns":5.0},{"damage":3.0,"enemies":"Snecko","floor":22.0,"turns":6.0},{"damage":0.0,"enemies":"Book of Stabbing","floor":24.0,"turns":4.0},{"damage":0.0,"enemies":"Centurion and Healer","floor":25.0,"turns":4.0},{"damage":8.0,"enemies":"Snake Plant","floor":27.0,"turns":4.0},{"damage":0.0,"enemies":"Gremlin Leader","floor":30.0,"turns":3.0},{"damage":7.0,"enemies":"Cultist and Chosen","floor":31.0,"turns":5.0},{"damage":0.0,"enemies":"Automaton","floor":33.0,"turns":7.0},{"damage":0.0,"enemies":"3 Shapes","floor":35.0,"turns":4.0},{"damage":7.0,"enemies":"3 Darklings","floor":36.0,"turns":5.0},{"damage":0.0,"enemies":"Maw","floor":38.0,"turns":6.0},{"damage":0.0,"enemies":"Nemesis","floor":40.0,"turns":5.0},{"damage":13.0,"enemies":"Jaw Worm Horde","floor":41.0,"turns":3.0},{"damage":0.0,"enemies":"Giant Head","floor":42.0,"turns":6.0},{"damage":0.0,"enemies":"Nemesis","floor":44.0,"turns":5.0},{"damage":0.0,"enemies":"Transient","floor":45.0,"turns":6.0},{"damage":17.0,"enemies":"3 Darklings","floor":46.0,"turns":3.0},{"damage":0.0,"enemies":"Giant Head","floor":48.0,"turns":5.0},{"damage":13.0,"enemies":"Awakened One","floor":50.0,"turns":7.0},{"damage":54.0,"enemies":"Time Eater","floor":51.0,"turns":8.0},{"damage":8.0,"enemies":"Shield and Spear","floor":55.0,"turns":5.0},{"damage":66,"enemies":"The Heart","floor":56,"turns":9}],"seed_played":"13862015252918970","potions_obtained":[{"floor":1.0,"key":"Block Potion"},{"floor":5.0,"key":"DuplicationPotion"},{"floor":11.0,"key":"Energy Potion"},{"floor":14.0,"key":"Weak Potion"},{"floor":18.0,"key":"Fire Potion"},{"floor":21.0,"key":"Dexterity Potion"},{"floor":30.0,"key":"Regen Potion"},{"floor":31.0,"key":"Weak Potion"},{"floor":33.0,"key":"SkillPotion"},{"floor":38.0,"key":"Dexterity Potion"},{"floor":40.0,"key":"SpeedPotion"},{"floor":41.0,"key":"Swift Potion"},{"floor":46.0,"key":"StancePotion"},{"floor":48.0,"key":"Ancient Potion"},{"floor":55.0,"key":"SteroidPotion"}],"is_trial":false,"path_per_floor":["M","M","?","?","M","R","M","R","T","$","E","?","E","M","R","B",null,"M","$","?","M","M","R","E","M","T","M","R","$","E","M","R","B",null,"M","M","$","M","?","E","M","E","T","E","M","M","?","E","R","B","B",null,"R","$","E","B",null],"character_chosen":"WATCHER","items_purchased":["Adaptation","Wallop","ClockworkSouvenir","Sadistic Nature","Vajra","GamblersBrew","Bandage Up"],"campfire_rested":0,"item_purchase_floors":[10,29,37,54,54,54,54],"current_hp_per_floor":[54,54,49,49,49,49,47,47,47,47,44,61,49,42,42,36,60,60,60,60,58,55,55,55,55,55,47,47,47,47,49,49,49,63,63,56,68,68,68,68,55,55,55,55,55,38,78,78,78,70,16,63,63,78,78,21],"gold":52,"neow_bonus":"BOSS_RELIC","is_daily":false,"chose_seed":false,"campfire_upgraded":7,"win_rate":0.0,"timestamp":1612793463,"path_taken":["M","M","?","?","M","R","?","R","T","$","E","?","E","M","R","BOSS","M","$","?","M","M","R","E","M","T","M","R","$","E","M","R","BOSS","M","M","$","M","?","E","M","E","T","E","M","M","?","E","R","BOSS","BOSS","R","$","E","BOSS"],"items_purchased_type":["Card","Card","Relic","Card","Relic","Potion","Card"],"build_version":"2020-12-13","purchased_purges":3,"victory":true,"max_hp_per_floor":[68,68,68,68,68,68,68,68,68,68,68,68,68,68,68,68,68,68,68,68,68,68,68,68,68,68,68,68,68,68,68,68,68,68,68,68,68,68,68,68,68,68,68,68,68,68,78,78,78,78,78,78,78,78,78,78],"relic_stats":{"counters":[31,153],"Mummified Hand":[203],"CeramicFish":99,"Pandora\u0027s Box":["Prostrate","CutThroughFate","FearNoEvil","WaveOfTheHand","Evaluate","Indignation","Conclude"],"MealTicket":27,"Turnip":[4],"Pen Nib":[11],"Orichalcum":[84],"Question Card":4,"obtain_stats":[{"CeramicFish":26,"Oddly Smooth Stone":26,"Vajra":54,"Thread and Needle":13,"Pen Nib":42,"Orichalcum":11,"Question Card":44,"Akabeko":55,"ClockworkSouvenir":37,"Old Coin":43,"Bottled Flame":43,"Matryoshka":24,"Mummified Hand":3,"MutagenicStrength":20,"Pandora\u0027s Box":17,"MealTicket":30,"Turnip":40,"Coffee Dripper":0,"PureWater":0,"Toy Ornithopter":48,"Runic Pyramid":34},{"CeramicFish":13,"Oddly Smooth Stone":13,"Vajra":29,"Thread and Needle":6,"Pen Nib":23,"Orichalcum":5,"Question Card":24,"Akabeko":30,"ClockworkSouvenir":19,"Old Coin":23,"Bottled Flame":23,"Matryoshka":12,"Mummified Hand":2,"MutagenicStrength":9,"Pandora\u0027s Box":8,"MealTicket":15,"Turnip":21,"Coffee Dripper":0,"PureWater":0,"Toy Ornithopter":27,"Runic Pyramid":17},{"CeramicFish":57,"Oddly Smooth Stone":57,"Vajra":139,"Thread and Needle":24,"Pen Nib":105,"Orichalcum":20,"Question Card":110,"Akabeko":144,"ClockworkSouvenir":85,"Old Coin":105,"Bottled Flame":105,"Matryoshka":53,"Mummified Hand":7,"MutagenicStrength":38,"Pandora\u0027s Box":35,"MealTicket":64,"Turnip":96,"Coffee Dripper":0,"PureWater":0,"Toy Ornithopter":124,"Runic Pyramid":76}],"Toy Ornithopter":15},"card_choices":[{"not_picked":["WaveOfTheHand","Swivel"],"picked":"BowlingBash","floor":1.0},{"not_picked":["SashWhip","Protect"],"picked":"InnerPeace","floor":2.0},{"not_picked":["Vengeance","CutThroughFate"],"picked":"Halt","floor":5.0},{"not_picked":["Protect","Consecrate"],"picked":"Tantrum","floor":7.0},{"not_picked":["FlyingSleeves","FollowUp"],"picked":"MentalFortress","floor":11.0},{"not_picked":["Blasphemy","EmptyFist"],"picked":"Wireheading","floor":13.0},{"not_picked":["BowlingBash","JustLucky"],"picked":"Study","floor":14.0},{"not_picked":["Devotion","Scrawl"],"picked":"DevaForm","floor":16.0},{"not_picked":["WindmillStrike","Halt","JustLucky"],"picked":"SKIP","floor":18.0},{"not_picked":["FlurryOfBlows","EmptyBody","Fasting2"],"picked":"SKIP","floor":21.0},{"not_picked":["FlurryOfBlows","EmptyBody","Fasting2"],"picked":"SKIP","floor":21.0},{"not_picked":["Consecrate","CrushJoints","Sanctity"],"picked":"SKIP","floor":22.0},{"not_picked":["Crescendo","FollowUp"],"picked":"EmptyMind","floor":24.0},{"not_picked":["SashWhip","Indignation","CutThroughFate"],"picked":"SKIP","floor":25.0},{"not_picked":["SashWhip","Indignation","CutThroughFate"],"picked":"SKIP","floor":25.0},{"not_picked":["ClearTheMind","FlurryOfBlows","EmptyFist+1"],"picked":"SKIP","floor":27.0},{"not_picked":["Meditate","Weave"],"picked":"Wireheading","floor":30.0},{"not_picked":["Consecrate","BowlingBash"],"picked":"DeusExMachina","floor":31.0},{"not_picked":["ThirdEye+1","Sanctity"],"picked":"Swivel+1","floor":35.0},{"not_picked":["Study","EmptyBody+1"],"picked":"LikeWater","floor":36.0},{"not_picked":["WheelKick+1","BattleHymn","JustLucky"],"picked":"SKIP","floor":38.0},{"not_picked":["Flash of Steel","Forethought"],"picked":"Panacea","floor":39.0},{"not_picked":["WindmillStrike","Evaluate","CutThroughFate+1"],"picked":"SKIP","floor":40.0},{"not_picked":["InnerPeace","Prostrate","CrushJoints+1"],"picked":"SKIP","floor":41.0},{"not_picked":["Sanctity","InnerPeace","PathToVictory+1"],"picked":"SKIP","floor":42.0},{"not_picked":["Nirvana","FlurryOfBlows"],"picked":"Fasting2+1","floor":44.0},{"not_picked":["Evaluate","Scrawl","EmptyBody","FollowUp"],"picked":"SKIP","floor":45.0},{"not_picked":["ForeignInfluence","Conclude","FlurryOfBlows","Evaluate"],"picked":"SKIP","floor":46.0},{"not_picked":["ForeignInfluence","Swivel","FollowUp"],"picked":"MentalFortress","floor":48.0},{"not_picked":["FollowUp","SashWhip","Omniscience"],"picked":"MentalFortress","floor":55.0}],"player_experience":1563050,"relics_obtained":[{"floor":11.0,"key":"Orichalcum"},{"floor":13.0,"key":"Thread and Needle"},{"floor":24.0,"key":"Matryoshka"},{"floor":26.0,"key":"Oddly Smooth Stone"},{"floor":26.0,"key":"CeramicFish"},{"floor":30.0,"key":"MealTicket"},{"floor":40.0,"key":"Turnip"},{"floor":42.0,"key":"Pen Nib"},{"floor":43.0,"key":"Old Coin"},{"floor":43.0,"key":"Bottled Flame"},{"floor":44.0,"key":"Question Card"},{"floor":48.0,"key":"Toy Ornithopter"},{"floor":55.0,"key":"Akabeko"}],"event_choices":[{"damage_healed":0.0,"max_hp_gain":0.0,"max_hp_loss":0.0,"gold_gain":0.0,"event_name":"Scrap Ooze","player_choice":"Success","floor":3.0,"gold_loss":0.0,"damage_taken":5.0,"relics_obtained":["Mummified Hand"]},{"damage_healed":0.0,"max_hp_gain":0.0,"max_hp_loss":0.0,"gold_gain":50.0,"event_name":"Golden Shrine","player_choice":"Pray","floor":4.0,"gold_loss":0.0,"damage_taken":0.0},{"damage_healed":17.0,"max_hp_gain":0.0,"max_hp_loss":0.0,"gold_gain":0.0,"event_name":"The Cleric","player_choice":"Healed","floor":12.0,"gold_loss":35.0,"damage_taken":0.0},{"damage_healed":0.0,"max_hp_gain":0.0,"max_hp_loss":0.0,"gold_gain":0.0,"event_name":"Drug Dealer","player_choice":"Inject Mutagens","floor":20.0,"gold_loss":0.0,"damage_taken":0.0,"relics_obtained":["MutagenicStrength"]},{"damage_healed":0.0,"max_hp_gain":0.0,"max_hp_loss":0.0,"gold_gain":0.0,"event_name":"SensoryStone","player_choice":"Memory 1","floor":39.0,"gold_loss":0.0,"damage_taken":0.0},{"cards_removed":["DeusExMachina"],"damage_healed":30.0,"max_hp_gain":10.0,"max_hp_loss":0.0,"gold_gain":0.0,"event_name":"Bonfire Elementals","player_choice":"Offered Rare","floor":47.0,"gold_loss":0.0,"damage_taken":0.0}],"is_beta":false,"boss_relics":[{"not_picked":["SlaversCollar","Runic Dome"],"picked":"Pandora\u0027s Box"},{"not_picked":["Sozu","VioletLotus"],"picked":"Runic Pyramid"}],"items_purged_floors":[10,19,29],"is_endless":false,"potions_floor_spawned":[1,5,11,14,18,21,25,30,31,33,38,40,41,44,46,48,55],"ascension_level":20}}