{"host":"ttt10ghevkhyjkzb","time":1612807969,"event":{"mods":["2.2 Compatiblity","AchievementEnabler","BaseMod","Googly Eyes","Minty Spire (QoL Compilation)","StSLib","The IronCluck"],"gold_per_floor":[117,117,117,142,142,142,180,199,199,237,256,274,274,295,295,418,418,437,64,64,64,82,82,103,103,103,116,116,131,131,31,31,133,183,197,120,140,140,140,140,140,140,140,152,202,254,254,129,129,129],"floor_reached":51,"language":"ENG","playtime":2634,"items_purged":["Strike_G","Defend_G","Defend_G"],"score":734,"play_id":"c6baea49-e724-401e-9fc2-bc1bc5e0b9c8","local_time":"20210208191249","is_ascension_mode":true,"campfire_choices":[{"data":"Cloak And Dagger","floor":6,"key":"SMITH"},{"data":"After Image","floor":13,"key":"SMITH"},{"data":"Infinite Blades","floor":15,"key":"SMITH"},{"floor":23,"key":"DIG"},{"data":"Cloak And Dagger","floor":30,"key":"SMITH"},{"floor":32,"key":"DIG"},{"data":"Accuracy","floor":40,"key":"SMITH"},{"data":"Cloak And Dagger","floor":42,"key":"SMITH"},{"data":"Madness","floor":47,"key":"SMITH"},{"floor":49,"key":"REST"}],"circlet_count":0,"master_deck":["Strike_G","Strike_G","Strike_G","Strike_G","Defend_G","Defend_G","Defend_G","Survivor","Neutralize","Backflip","Cloak And Dagger+1","Quick Slash","After Image+1","Quick Slash","Backflip+1","Infinite Blades+1","Cloak And Dagger+1","Infinite Blades+1","Cloak And Dagger+1","Corpse Explosion","Cloak And Dagger+1","Slice","Accuracy+1","Backstab+1","Dramatic Entrance","Madness+1","Madness+1","Backstab+1"],"relics":["Ring of the Snake","NeowsBlessing","Bloody Idol","Letter Opener","Art of War","Meat on the Bone","Centennial Puzzle","SlaversCollar","Shovel","Incense Burner","Dream Catcher","Pen Nib","MutagenicStrength","Ginger","Tiny House","The Specimen","Pocketwatch"],"acts_visited":["Exordium","TheCity","TheBeyond"],"potions_floor_usage":[16,16,29,44,50,50,50],"damage_taken":[{"damage":0,"enemies":"Small Slimes","floor":1,"turns":1},{"damage":0,"enemies":"2 Louse","floor":4,"turns":1},{"damage":0,"enemies":"Gremlin Nob","floor":7,"turns":1},{"damage":3,"enemies":"Jaw Worm","floor":8,"turns":4},{"damage":9,"enemies":"3 Sentries","floor":10,"turns":10},{"damage":0,"enemies":"2 Fungi Beasts","floor":11,"turns":4},{"damage":1,"enemies":"Blue Slaver","floor":12,"turns":3},{"damage":3,"enemies":"Looter","floor":14,"turns":3},{"damage":30,"enemies":"Hexaghost","floor":16,"turns":16},{"damage":13,"enemies":"Spheric Guardian","floor":18,"turns":6},{"damage":2,"enemies":"Shell Parasite","floor":22,"turns":7},{"damage":14,"enemies":"Snake Plant","floor":24,"turns":9},{"damage":8,"enemies":"Cultist and Chosen","floor":27,"turns":10},{"damage":21,"enemies":"Centurion and Healer","floor":29,"turns":15},{"damage":1,"enemies":"Champ","floor":33,"turns":12},{"damage":18,"enemies":"3 Darklings","floor":35,"turns":4},{"damage":0,"enemies":"3 Shapes","floor":37,"turns":4},{"damage":27,"enemies":"Writhing Mass","floor":44,"turns":6},{"damage":3,"enemies":"Mind Bloom Boss Battle","floor":45,"turns":4},{"damage":4,"enemies":"2 Orb Walkers","floor":46,"turns":5},{"damage":68,"enemies":"Awakened One","floor":50,"turns":10}],"seed_played":"5454492086266543690","potions_obtained":[{"floor":7,"key":"ColorlessPotion"},{"floor":10,"key":"ColorlessPotion"},{"floor":18,"key":"LiquidBronze"},{"floor":24,"key":"Explosive Potion"},{"floor":29,"key":"Fruit Juice"},{"floor":34,"key":"SteroidPotion"},{"floor":44,"key":"Ancient Potion"},{"floor":45,"key":"SkillPotion"}],"is_trial":false,"path_per_floor":["M","?","?","M","?","R","E","M","T","E","M","M","R","M","R","B",null,"M","$","?","$","M","R","M","?","T","M","?","M","R","$","R","B",null,"M","$","M","?","?","R","?","R","T","M","?","?","R","$","R","B",null],"character_chosen":"THE_SILENT","items_purchased":["Shovel","Accuracy"],"campfire_rested":1,"item_purchase_floors":[19,36],"current_hp_per_floor":[70,75,69,69,62,62,62,59,59,50,50,49,49,46,46,28,69,56,56,56,56,54,54,40,40,40,49,49,50,50,50,50,54,79,66,66,71,71,61,61,61,61,61,51,53,54,54,54,77,21],"gold":129,"neow_bonus":"THREE_ENEMY_KILL","is_daily":false,"chose_seed":false,"campfire_upgraded":7,"win_rate":0.0,"timestamp":1612807969,"path_taken":["M","?","?","M","?","R","E","M","T","E","M","M","R","M","R","BOSS","M","$","?","$","M","R","M","?","T","M","?","M","R","?","R","BOSS","M","$","M","?","?","R","?","R","T","?","?","?","R","$","R","BOSS"],"items_purchased_type":["Relic","Card"],"build_version":"2020-12-22","purchased_purges":3,"victory":true,"max_hp_per_floor":[70,75,69,69,69,69,69,69,69,69,69,69,69,69,69,69,69,69,69,69,69,69,69,69,69,69,69,69,74,74,74,74,74,79,79,79,79,79,79,79,79,79,79,79,79,79,79,79,79,79],"card_choices":[{"not_picked":["Underhanded Strike","Acrobatics"],"picked":"Backflip","floor":1},{"not_picked":["Poisoned Stab","Bane"],"picked":"Cloak And Dagger","floor":4},{"not_picked":["Underhanded Strike","Expertise"],"picked":"Quick Slash","floor":7},{"not_picked":["Skewer","Crippling Poison"],"picked":"After Image","floor":8},{"not_picked":["PiercingWail","Bane"],"picked":"Quick Slash","floor":10},{"not_picked":["Masterful Stab","Skewer","Sucker Punch"],"picked":"SKIP","floor":11},{"not_picked":["Deflect","Escape Plan"],"picked":"Backflip","floor":12},{"not_picked":["Caltrops","Tactician"],"picked":"Infinite Blades","floor":14},{"not_picked":["Poisoned Stab","Terror+1"],"picked":"Cloak And Dagger+1","floor":18},{"not_picked":["Dagger Spray","Blur"],"picked":"Infinite Blades+1","floor":22},{"not_picked":["Dagger Throw","Backflip"],"picked":"Cloak And Dagger","floor":24},{"not_picked":["Crippling Poison+1","Outmaneuver+1","Poisoned Stab"],"picked":"SKIP","floor":27},{"not_picked":["Bane","Underhanded Strike","Prepared"],"picked":"SKIP","floor":29},{"not_picked":["Grand Finale","Malaise"],"picked":"Corpse Explosion","floor":33},{"not_picked":["Acrobatics+1","Escape Plan"],"picked":"Cloak And Dagger","floor":34},{"not_picked":["Deadly Poison","Setup+1"],"picked":"Slice","floor":35},{"not_picked":["Quick Slash","Finisher"],"picked":"Backstab+1","floor":37},{"not_picked":["Mayhem","The Bomb"],"picked":"Dramatic Entrance","floor":38},{"not_picked":["Cloak And Dagger","Quick Slash"],"picked":"Backstab+1","floor":44}],"player_experience":125465,"relics_obtained":[{"floor":7,"key":"Art of War"},{"floor":9,"key":"Meat on the Bone"},{"floor":10,"key":"Centennial Puzzle"},{"floor":23,"key":"Dream Catcher"},{"floor":26,"key":"Pen Nib"},{"floor":32,"key":"Ginger"},{"floor":45,"key":"The Specimen"},{"floor":46,"key":"Pocketwatch"}],"event_choices":[{"damage_healed":0,"gold_gain":0,"player_choice":"Donut","damage_taken":0,"max_hp_gain":5,"max_hp_loss":0,"event_name":"Big Fish","floor":2,"gold_loss":0},{"damage_healed":0,"gold_gain":0,"player_choice":"Lose Max HP","damage_taken":0,"relics_obtained":["Golden Idol"],"max_hp_gain":0,"max_hp_loss":6,"event_name":"Golden Idol","floor":3,"gold_loss":0},{"damage_healed":0,"gold_gain":0,"player_choice":"Success","damage_taken":7,"relics_obtained":["Letter Opener"],"max_hp_gain":0,"max_hp_loss":0,"event_name":"Scrap Ooze","floor":5,"gold_loss":0},{"damage_healed":0,"gold_gain":0,"player_choice":"Opened","damage_taken":0,"relics_obtained":["Incense Burner"],"max_hp_gain":0,"max_hp_loss":0,"event_name":"The Mausoleum","floor":20,"gold_loss":0},{"damage_healed":0,"gold_gain":0,"player_choice":"Gave Idol","damage_taken":0,"relics_obtained":["Bloody Idol"],"max_hp_gain":0,"max_hp_loss":0,"event_name":"Forgotten Altar","floor":25,"relics_lost":["Golden Idol"],"gold_loss":0},{"damage_healed":0,"gold_gain":0,"player_choice":"Inject Mutagens","damage_taken":0,"relics_obtained":["MutagenicStrength"],"max_hp_gain":0,"max_hp_loss":0,"event_name":"Drug Dealer","floor":28,"gold_loss":0},{"damage_healed":0,"gold_gain":0,"player_choice":"Memory 1","damage_taken":0,"max_hp_gain":0,"max_hp_loss":0,"event_name":"SensoryStone","floor":38,"gold_loss":0},{"damage_healed":0,"gold_gain":0,"player_choice":"Embrace Madness","damage_taken":10,"max_hp_gain":0,"max_hp_loss":0,"event_name":"Winding Halls","floor":39,"gold_loss":0,"cards_obtained":["Madness","Madness"]},{"damage_healed":0,"gold_gain":0,"player_choice":"Upgraded","damage_taken":0,"max_hp_gain":0,"max_hp_loss":0,"event_name":"Upgrade Shrine","floor":41,"gold_loss":0,"cards_upgraded":["Madness"]},{"damage_healed":0,"gold_gain":0,"player_choice":"Fight","damage_taken":0,"max_hp_gain":0,"max_hp_loss":0,"event_name":"MindBloom","floor":45,"gold_loss":0},{"damage_healed":0,"gold_gain":0,"player_choice":"Fight","damage_taken":0,"max_hp_gain":0,"max_hp_loss":0,"event_name":"Mysterious Sphere","floor":46,"gold_loss":0}],"is_beta":false,"boss_relics":[{"not_picked":["HoveringKite","Calling Bell"],"picked":"SlaversCollar"},{"not_picked":["Cursed Key","Runic Dome"],"picked":"Tiny House"}],"items_purged_floors":[19,31,48],"is_endless":false,"potions_floor_spawned":[7,10,11,18,24,29,44,45],"ascension_level":1}}