{"host":"eaiphzh066bwqdh7","time":1612827716,"event":{"mods":["BaseMod","Better Note","Halation","Hubris","Minty Spire (QoL Compilation)","Reliquary","Replay The Spire","StSLib"],"gold_per_floor":[110,110,137,157,10,10,21,21,69,100,100,120,132,143,143,143,143],"floor_reached":16,"language":"ENG","playtime":474,"items_purged":["Strike_G"],"score":122,"play_id":"6d84958b-93b9-4d73-af1f-172689b0429f","local_time":"20210208184156","is_ascension_mode":true,"campfire_choices":[{"data":"Infinite Blades","floor":6,"key":"SMITH"},{"data":"Poisoned Stab","floor":8,"key":"SMITH"},{"floor":11,"key":"REST"},{"floor":15,"key":"REST"}],"circlet_count":0,"master_deck":["Strike_G","Strike_G","Strike_G","Defend_G","Defend_G","Defend_G","Defend_G","Defend_G","Survivor","Neutralize","Slice","Poisoned Stab+1","Infinite Blades+1","Slice","ReplayTheSpireMod:Necrosis","Catalyst"],"relics":["Ring of the Snake","Replay:Wax Seal","Snake Skull","Replay:Multitool"],"acts_visited":["Exordium"],"potions_floor_usage":[3,10,16,16,16],"damage_taken":[{"damage":0,"enemies":"2 Louse","floor":1,"turns":3},{"damage":8,"enemies":"Cultist","floor":4,"turns":4},{"damage":2,"enemies":"Jaw Worm","floor":7,"turns":4},{"damage":22,"enemies":"Lagavulin","floor":10,"turns":5},{"damage":1,"enemies":"Exordium Wildlife","floor":12,"turns":2},{"damage":9,"enemies":"Blue Slaver","floor":13,"turns":3},{"damage":6,"enemies":"Red Slaver","floor":14,"turns":2},{"damage":77,"enemies":"Slime Boss","floor":16,"turns":10}],"seed_played":"7094023213317231465","potions_obtained":[{"floor":3,"key":"CunningPotion"},{"floor":3,"key":"Elixir"},{"floor":3,"key":"Fruit Juice"},{"floor":4,"key":"Weak Potion"},{"floor":13,"key":"SneckoOil"}],"is_trial":false,"path_per_floor":["M","?","?","M","$","R","M","R","T","E","R","M","M","M","R","B"],"character_chosen":"THE_SILENT","items_purchased":["Infinite Blades"],"campfire_rested":2,"item_purchase_floors":[5],"current_hp_per_floor":[70,70,75,67,67,67,65,65,65,43,65,64,55,49,71,0,0],"gold":143,"neow_bonus":"RANDOM_COMMON_RELIC","is_daily":false,"chose_seed":false,"campfire_upgraded":2,"win_rate":0.0,"timestamp":1612827716,"path_taken":["M","?","?","M","$","R","M","R","T","E","R","?","M","M","R","BOSS"],"items_purchased_type":["Card"],"build_version":"2020-12-22","purchased_purges":1,"victory":false,"max_hp_per_floor":[70,70,75,75,75,75,75,75,75,75,75,75,75,75,75,75,75],"card_choices":[{"not_picked":["PiercingWail","ReplayTheSpireMod:Speed Training","Reflex"],"picked":"SKIP","floor":1},{"not_picked":["Well Laid Plans","Outmaneuver"],"picked":"Slice","floor":3},{"not_picked":["Finisher","Hidden Blade"],"picked":"Poisoned Stab","floor":4},{"not_picked":["Flying Knee","Dagger Spray"],"picked":"Slice","floor":7},{"not_picked":["Dash","Sneak Up"],"picked":"ReplayTheSpireMod:Necrosis","floor":10},{"not_picked":["Reflex","Quick Slash","Footwork"],"picked":"SKIP","floor":12},{"not_picked":["ReplayTheSpireMod:The Works","ReplayTheSpireMod:Scrap Shanks","Cloak And Dagger"],"picked":"SKIP","floor":13},{"not_picked":["hubris:Sniper","Dash"],"picked":"Catalyst","floor":14}],"player_experience":287368,"relics_obtained":[{"floor":9,"key":"Snake Skull"},{"floor":10,"key":"Replay:Multitool"}],"event_choices":[],"is_beta":false,"boss_relics":[],"items_purged_floors":[5],"is_endless":false,"potions_floor_spawned":[4,13],"killed_by":"Slime Boss","ascension_level":4}}