{"host":"og21o26alpnbwmz8","time":1612805633,"event":{"mods":["Act Like it!","Aspiration","BaseMod","Conspire","Downfall","Gensokyo","Halation","Hubris","Jedi Mod","Mimic Mod","Minty Spire (QoL Compilation)","Pale of the Ancients","Reliquary","Replay The Spire","Shop Mod","Spikes Relics","StSLib","The Alterego","The Blackbeard","The Blue Laboratory","The Bug Knight","The Death Knight","The Runesmith","Waifu the Spire"],"gold_per_floor":[99,324,338,82,101,101,101,111,130,165,179,204,104,122,141,240,240,240,251,262,262,262,262,262,282,282,232,247,247,247,270,286,383,383,283,301,401,417,429,329,329,23,23,41,41,56,56,76,96,96,96,128,47,47,47,47,47,47],"floor_reached":56,"language":"ENG","playtime":2600,"items_purged":["Slimebound:Strike_Slimebound","Slimebound:Strike_Slimebound","Slimebound:Tackle"],"score":763,"play_id":"8fa99790-0bf4-48c0-918c-9501dd857a97","local_time":"20210208123353","is_ascension_mode":false,"campfire_choices":[{"data":"Slimebound:Split","floor":1,"key":"SMITH"},{"data":"Slimebound:OozeBath","floor":6,"key":"SMITH"},{"data":"Slimebound:RainOfGoop","floor":13,"key":"SMITH"},{"data":"Slimebound:GoopSpray","floor":18,"key":"SMITH"},{"data":"Slimebound:LivingWall","floor":26,"key":"SMITH"},{"data":"Slimebound:PressTheAttack","floor":29,"key":"SMITH"},{"floor":35,"key":"RECALL"},{"data":"Slimebound:SlimeSlap","floor":40,"key":"SMITH"},{"data":"Slimebound:SamplingLick","floor":43,"key":"SMITH"},{"data":"Slimebound:SamplingLick","floor":45,"key":"SMITH"},{"data":"Slimebound:AcidTongue","floor":47,"key":"SMITH"},{"data":"Slimebound:AcidTongue","floor":54,"key":"SMITH"}],"circlet_count":0,"master_deck":["Slimebound:Strike_Slimebound","Slimebound:Defend_Slimebound","Slimebound:Defend_Slimebound","Slimebound:Defend_Slimebound","Slimebound:Defend_Slimebound","Slimebound:Split+1","Slimebound:CorrosiveSpit","Slimebound:SamplingLick+1","Slimebound:LeechingTouch","Slimebound:OozeBath","Slimebound:OozeBath+1","Slimebound:LeechingTouch","Slimebound:SamplingLick+1","Slimebound:RainOfGoop+1","Slimebound:AcidTongue+1","Slimebound:PressTheAttack+1","Slimebound:GoopSpray+1","Slimebound:Schlurp","Slimebound:OozeBath+1","Slimebound:LivingWall+1","Slimebound:SlimeSlap+1","Slimebound:Grow+1","Slimebound:Equalize","Slimebound:SlimeTap","Slimebound:AcidTongue+1"],"relics":["Slimebound:AbsorbEndCombat","NeowsBlessing","Centennial Puzzle","Guardian:PocketSentry","jedi:shrinkray","downfall:HeartBlessingGreen","aspiration:FutureDiary","hubris:Towel","Gensokyo:SongOfSouls","jedi:crownofsimplicity","Busted Crown","downfall:HeartBlessingBlue","downfall:HeartBlessingRed","reliquary:SilkGlove","Simple Rune","War Paint"],"acts_visited":["Exordium","Gensokyo:Gensokyo","TheBeyond","TheEnding"],"potions_floor_usage":[46,56,56],"damage_taken":[{"damage":0,"enemies":"downfall:FleeingMerchant","floor":2,"turns":1},{"damage":0,"enemies":"Gensokyo:3_Fairies","floor":3,"turns":3},{"damage":0,"enemies":"Gensokyo:Gryphon","floor":5,"turns":1},{"damage":0,"enemies":"Gensokyo:2_Kodama","floor":8,"turns":4},{"damage":4,"enemies":"Gensokyo:2_Rabbits","floor":9,"turns":4},{"damage":0,"enemies":"Gensokyo:Mamizou","floor":10,"turns":6},{"damage":0,"enemies":"Gensokyo:LivingMonolith","floor":11,"turns":2},{"damage":0,"enemies":"Gensokyo:Aya","floor":12,"turns":5},{"damage":6,"enemies":"Gensokyo:Kitsune","floor":14,"turns":2},{"damage":6,"enemies":"Gensokyo:5_Fairies","floor":15,"turns":5},{"damage":27,"enemies":"IC_STATUS_ARCHETYPE","floor":16,"turns":6},{"damage":0,"enemies":"Gensokyo:Chomper","floor":19,"turns":3},{"damage":0,"enemies":"Gensokyo:CosmicMonolith","floor":20,"turns":3},{"damage":9,"enemies":"Gensokyo:Chomper_and_Gloop","floor":25,"turns":5},{"damage":10,"enemies":"Gensokyo:Slime_Group","floor":28,"turns":4},{"damage":0,"enemies":"Gensokyo:Wraith","floor":32,"turns":2},{"damage":13,"enemies":"SI_MIRROR_ARCHETYPE","floor":33,"turns":7},{"damage":1,"enemies":"3 Darklings","floor":36,"turns":5},{"damage":0,"enemies":"3 Darklings","floor":37,"turns":3},{"damage":0,"enemies":"Orb Walker","floor":38,"turns":3},{"damage":0,"enemies":"Transient","floor":39,"turns":5},{"damage":0,"enemies":"Maw","floor":44,"turns":6},{"damage":2,"enemies":"Sphere and 2 Shapes","floor":46,"turns":5},{"damage":0,"enemies":"4 Shapes","floor":48,"turns":5},{"damage":3,"enemies":"Transient","floor":49,"turns":5},{"damage":38,"enemies":"DF_ARCHETYPE_ORBS","floor":50,"turns":8},{"damage":6,"enemies":"downfall:CharBossMerchant","floor":52,"turns":8},{"damage":36,"enemies":"downfall:NeowBoss","floor":55,"turns":16},{"damage":39,"enemies":"downfall:NeowBossFinal","floor":56,"turns":6}],"seed_played":"2829545170184973241","potions_obtained":[{"floor":8,"key":"blueLaboratory:FruitPreserves"},{"floor":10,"key":"blueLaboratory:FrostheartPotion"},{"floor":11,"key":"SteroidPotion"},{"floor":15,"key":"ColorlessPotion"},{"floor":44,"key":"Adrenaline Potion"},{"floor":46,"key":"jedi:wingpotion"},{"floor":52,"key":"blueLaboratory:StoneskinPotion"}],"is_trial":false,"path_per_floor":["R","$","M","$","M","R","T","M","M","E","M","E","R","M","M","B",null,"R","M","M","?","?","?","T","M","R","?","M","R","?","T","M","B",null,"R","M","?","M","M","R","T","$","R","M","R","M","R","M","M","B",null,"E","$","R","B","B"],"character_chosen":"SLIMEBOUND","items_purchased":["Slimebound:OozeBath","Slimebound:LeechingTouch","Simple Rune","Slimebound:SlimeTap","Slimebound:AcidTongue"],"campfire_rested":0,"item_purchase_floors":[4,4,42,42,53],"current_hp_per_floor":[65,65,65,65,65,65,65,65,65,65,65,65,65,61,63,42,65,65,65,65,65,65,65,65,56,56,63,57,57,57,57,59,54,72,82,82,82,82,82,82,82,82,82,82,82,82,82,82,82,56,82,80,80,80,50,15,15,15],"gold":47,"neow_bonus":"THREE_ENEMY_KILL","is_daily":false,"chose_seed":false,"campfire_upgraded":11,"win_rate":0.0,"timestamp":1612805633,"path_taken":["R","$","M","$","?","R","T","M","M","E","M","E","R","M","M","BOSS","R","M","M","?","?","?","T","M","R","?","?","R","?","?","M","BOSS","R","M","?","M","M","R","T","$","R","M","R","M","R","?","M","BOSS","E","$","R","BOSS","BOSS"],"items_purchased_type":["Card","Card","Relic","Card","Card"],"build_version":"2020-12-22","purchased_purges":3,"victory":false,"max_hp_per_floor":[65,65,65,65,65,65,65,65,65,65,65,65,65,65,65,65,65,65,65,65,65,65,65,65,65,65,72,72,72,72,72,72,72,72,82,82,82,82,82,82,82,82,82,82,82,82,82,82,82,82,82,82,82,82,82,82,82,82],"card_choices":[{"not_picked":["Slimebound:LeechingTouch","Slimebound:ItLooksTasty"],"picked":"Slimebound:SamplingLick","floor":2},{"not_picked":["Slimebound:SlimeTap","Slimebound:GoopTackle"],"picked":"Slimebound:LeechingTouch","floor":3},{"not_picked":["Slimebound:SplitBruiser","Slimebound:RollThrough","Slimebound:GoopTackle"],"picked":"SKIP","floor":5},{"not_picked":["Slimebound:Repurpose","Slimebound:Prepare"],"picked":"Slimebound:SamplingLick","floor":8},{"not_picked":["Slimebound:FlameTackle","Slimebound:Nibble","Slimebound:SplitAcid"],"picked":"SKIP","floor":9},{"not_picked":["Slimebound:LeechEnergy","Slimebound:RollThrough"],"picked":"Slimebound:RainOfGoop","floor":10},{"not_picked":["Slimebound:Nibble","Slimebound:GrowthPunch"],"picked":"Slimebound:AcidTongue","floor":11},{"not_picked":["Slimebound:MinionMaster","Slimebound:ProtectTheBoss"],"picked":"Slimebound:PressTheAttack","floor":12},{"not_picked":["Slimebound:HauntingLick","Slimebound:ForwardTackle"],"picked":"Slimebound:GoopSpray","floor":14},{"not_picked":["Slimebound:LevelUp","Slimebound:GoopSpray"],"picked":"Slimebound:Schlurp","floor":15},{"not_picked":["Slimebound:MinionMaster","Slimebound:Teamwork"],"picked":"Slimebound:OozeBath","floor":16},{"not_picked":["Slimebound:FinishingTackle","Slimebound:Dissolve+1","Slimebound:Replication"],"picked":"SKIP","floor":19},{"not_picked":["Slimebound:Schlurp","Slimebound:TongueLash"],"picked":"Slimebound:LivingWall","floor":20},{"not_picked":["Slimebound:SlimeSpikes","Slimebound:SlimeBrawl","Slimebound:SplitBruiser"],"picked":"SKIP","floor":25},{"not_picked":["Slimebound:SlimeSpikes","Slimebound:AcidTongue","Slimebound:GoopTackle"],"picked":"SKIP","floor":28},{"not_picked":["Slimebound:FormOfPuddle","Slimebound:BestDefense","Slimebound:HauntingLick"],"picked":"SKIP","floor":32},{"not_picked":["Slimebound:MassFeed","Slimebound:MinionMaster"],"picked":"Slimebound:SlimeSlap","floor":33},{"not_picked":[],"picked":"Slimebound:Grow+1","floor":36},{"not_picked":[],"picked":"Slimebound:Equalize","floor":38},{"not_picked":["Slimebound:RollThrough"],"picked":"SKIP","floor":39},{"not_picked":["Slimebound:SplitBruiser"],"picked":"SKIP","floor":44},{"not_picked":["Slimebound:ProtectTheBoss+1"],"picked":"SKIP","floor":46},{"not_picked":["Slimebound:GoopSpray"],"picked":"SKIP","floor":48},{"not_picked":["Slimebound:SplitMire"],"picked":"SKIP","floor":49},{"not_picked":["Slimebound:MassRepurpose"],"picked":"SKIP","floor":52}],"player_experience":292116,"relics_obtained":[{"floor":7,"key":"Centennial Puzzle"},{"floor":10,"key":"Guardian:PocketSentry"},{"floor":12,"key":"jedi:shrinkray"},{"floor":24,"key":"jedi:crownofsimplicity"},{"floor":41,"key":"reliquary:SilkGlove"},{"floor":52,"key":"War Paint"}],"event_choices":[{"damage_healed":0,"gold_gain":0,"player_choice":"Leave","damage_taken":0,"max_hp_gain":0,"max_hp_loss":0,"event_name":"conspire:Investor","floor":30,"gold_loss":0}],"is_beta":false,"boss_relics":[{"not_picked":["Runic Pyramid","jedi:hotpepper"],"picked":"aspiration:FutureDiary"},{"not_picked":["Painkiller Herb","conspire:SlowCooker"],"picked":"Busted Crown"}],"items_purged_floors":[2,4,42],"is_endless":false,"potions_floor_spawned":[8,10,11,15,20,25,28,33,37,39,44,46,52],"killed_by":"downfall:NeowBossFinal","ascension_level":0}}