{"host":"utqe55yv0jihe4d6","time":1612747896,"event":{"mods":["2.2 Compatiblity","AchievementEnabler","BaseMod","Block Reminder","Colored Map","Colored Powertips","Minty Spire (QoL Compilation)","Quick Restart","Rare Cards Sparkle","Relic Stats","SuperFastMode"],"gold_per_floor":[14,30,48,48,48,48,76,76,103,128,128,148,148,163,163,237,237,252,252,167,35,35,35,35],"floor_reached":23,"language":"ENG","playtime":646,"items_purged":["Strike_P"],"score":394,"play_id":"9eea8991-cf00-48bb-9512-c9510ee3490b","local_time":"20210207203136","is_ascension_mode":true,"campfire_choices":[{"data":"ClearTheMind","floor":6.0,"key":"SMITH"},{"floor":8.0,"key":"REST"},{"data":"CutThroughFate","floor":11.0,"key":"SMITH"},{"floor":15.0,"key":"REST"}],"circlet_count":0,"master_deck":["AscendersBane","Strike_P","Strike_P","Defend_P","Defend_P","Defend_P","Eruption","Vigilance","BattleHymn+1","WaveOfTheHand+1","ReachHeaven","ClearTheMind+1","EmptyFist","Adaptation","CutThroughFate+1","Vault","Evaluate","Ragnarok","CutThroughFate","ThirdEye","FlurryOfBlows+1"],"relics":["HolyWater","Blood Vial","Bag of Marbles","Toy Ornithopter","Ice Cream","Molten Egg 2"],"acts_visited":["Exordium","TheCity"],"potions_floor_usage":[23],"damage_taken":[{"damage":4.0,"enemies":"Jaw Worm","floor":1.0,"turns":4.0},{"damage":2.0,"enemies":"2 Louse","floor":2.0,"turns":2.0},{"damage":6.0,"enemies":"Cultist","floor":3.0,"turns":3.0},{"damage":27.0,"enemies":"Lagavulin","floor":7.0,"turns":4.0},{"damage":13.0,"enemies":"3 Sentries","floor":10.0,"turns":6.0},{"damage":3.0,"enemies":"Blue Slaver","floor":12.0,"turns":3.0},{"damage":18.0,"enemies":"Looter","floor":14.0,"turns":4.0},{"damage":20.0,"enemies":"The Guardian","floor":16.0,"turns":10.0},{"damage":0.0,"enemies":"Chosen","floor":18.0,"turns":3.0},{"damage":67,"enemies":"Book of Stabbing","floor":23,"turns":7}],"seed_played":"6006089836104067772","potions_obtained":[{"floor":1.0,"key":"Fire Potion"},{"floor":3.0,"key":"Fruit Juice"},{"floor":14.0,"key":"StancePotion"}],"is_trial":false,"path_per_floor":["M","M","M","?","?","R","E","R","T","E","R","M","?","M","R","B",null,"M","?","?","$","?","E"],"character_chosen":"WATCHER","items_purchased":["ThirdEye"],"campfire_rested":2,"item_purchase_floors":[21],"current_hp_per_floor":[57,55,49,49,31,31,11,32,32,21,21,20,20,4,25,12,58,60,60,60,60,60,0,0],"gold":35,"neow_bonus":"TRANSFORM_TWO_CARDS","is_daily":false,"chose_seed":false,"campfire_upgraded":2,"win_rate":0.0,"timestamp":1612747896,"path_taken":["M","M","M","?","?","R","E","R","T","E","R","M","?","?","R","BOSS","M","?","?","$","?","E"],"items_purchased_type":["Card"],"build_version":"2020-12-22","purchased_purges":1,"victory":false,"max_hp_per_floor":[68,68,68,68,68,68,73,73,73,73,73,73,73,73,73,73,73,73,73,73,73,73,73,73],"relic_stats":{"Blood Vial":14,"counters":[10,46],"obtain_stats":[{"Blood Vial":5,"Ice Cream":10,"HolyWater":17,"Molten Egg 2":20,"Bag of Marbles":7,"PureWater":0,"Toy Ornithopter":9},{"Blood Vial":3,"Ice Cream":5,"HolyWater":8,"Molten Egg 2":9,"Bag of Marbles":4,"PureWater":0,"Toy Ornithopter":4},{"Blood Vial":9,"Ice Cream":19,"HolyWater":36,"Molten Egg 2":39,"Bag of Marbles":13,"PureWater":0,"Toy Ornithopter":13}],"Toy Ornithopter":10},"card_choices":[{"not_picked":["ForeignInfluence","Vengeance"],"picked":"ReachHeaven","floor":1.0},{"not_picked":["Vengeance","SashWhip"],"picked":"ClearTheMind","floor":2.0},{"not_picked":["CrushJoints","EmptyBody"],"picked":"EmptyFist","floor":3.0},{"not_picked":["Prostrate","Study"],"picked":"Adaptation","floor":7.0},{"not_picked":["Nirvana","CrushJoints"],"picked":"CutThroughFate","floor":10.0},{"not_picked":["SashWhip","WheelKick"],"picked":"Vault","floor":12.0},{"not_picked":["JustLucky","SignatureMove"],"picked":"Evaluate","floor":14.0},{"not_picked":["SpiritShield","Brilliance"],"picked":"Ragnarok","floor":16.0},{"not_picked":["FlyingSleeves+1","WheelKick"],"picked":"CutThroughFate","floor":18.0}],"player_experience":3056059,"relics_obtained":[{"floor":7.0,"key":"Bag of Marbles"},{"floor":9.0,"key":"Toy Ornithopter"},{"floor":10.0,"key":"Ice Cream"}],"event_choices":[{"damage_healed":0.0,"max_hp_gain":0.0,"max_hp_loss":0.0,"gold_gain":0.0,"event_name":"Living Wall","player_choice":"Grow","floor":4.0,"gold_loss":0.0,"damage_taken":0.0,"cards_upgraded":["BattleHymn"]},{"damage_healed":0.0,"max_hp_gain":0.0,"max_hp_loss":0.0,"gold_gain":0.0,"event_name":"Scrap Ooze","player_choice":"Success","floor":5.0,"gold_loss":0.0,"damage_taken":18.0,"relics_obtained":["Blood Vial"]},{"damage_healed":0.0,"max_hp_gain":0.0,"max_hp_loss":0.0,"gold_gain":0.0,"event_name":"Upgrade Shrine","player_choice":"Upgraded","floor":13.0,"gold_loss":0.0,"damage_taken":0.0,"cards_upgraded":["WaveOfTheHand"]},{"damage_healed":0.0,"max_hp_gain":0.0,"max_hp_loss":0.0,"gold_gain":0.0,"event_name":"The Mausoleum","player_choice":"Ignored","floor":19.0,"gold_loss":0.0,"damage_taken":0.0},{"damage_healed":0.0,"max_hp_gain":0.0,"max_hp_loss":0.0,"gold_gain":0.0,"event_name":"Addict","player_choice":"Obtained Relic","floor":20.0,"gold_loss":85.0,"damage_taken":0.0,"relics_obtained":["Molten Egg 2"]},{"damage_healed":0.0,"max_hp_gain":0.0,"max_hp_loss":0.0,"gold_gain":0.0,"event_name":"The Library","player_choice":"Read","floor":22.0,"gold_loss":0.0,"damage_taken":0.0,"cards_obtained":["FlurryOfBlows"]}],"is_beta":false,"boss_relics":[{"not_picked":["SacredBark","Cursed Key"],"picked":"HolyWater"}],"items_purged_floors":[21],"is_endless":false,"potions_floor_spawned":[1,3,14],"killed_by":"Book of Stabbing","ascension_level":20}}