{"host":"jrmqsbok61y7b34d","time":1612827800,"event":{"mods":["BaseMod","Better Skull","Colored Map","Colored Powertips","Emptier Cage","Minty Spire (QoL Compilation)","Permanent Neow","Quick Restart","Relic Stats","StSLib","Unceasing Turn Reminder"],"gold_per_floor":[217,49,49,14,89,124,124,124,147,47,47,73,83,83,83],"floor_reached":14,"language":"ENG","playtime":3849,"items_purged":["Strike_P","Pain"],"score":188,"play_id":"9304a65e-9b47-4286-9cbf-6ca70c0f41c1","local_time":"20210208234320","is_ascension_mode":true,"campfire_choices":[{"floor":8.0,"key":"REST"},{"floor":11.0,"key":"REST"}],"circlet_count":0,"master_deck":["AscendersBane","Strike_P","Strike_P","Strike_P","Defend_P","Defend_P","Defend_P","Defend_P","Eruption","Vigilance","SashWhip","CutThroughFate","Nirvana","FlurryOfBlows","EmptyFist","BattleHymn"],"relics":["PureWater","GoldenEye","WarpedTongs","Damaru","Lantern"],"acts_visited":["Exordium"],"potions_floor_usage":[14],"damage_taken":[{"damage":9.0,"enemies":"Small Slimes","floor":1.0,"turns":6.0},{"damage":56.0,"enemies":"Gremlin Nob","floor":6.0,"turns":5.0},{"damage":21.0,"enemies":"3 Sentries","floor":12.0,"turns":6.0},{"damage":0.0,"enemies":"2 Louse","floor":13.0,"turns":2.0},{"damage":29,"enemies":"Gremlin Nob","floor":14,"turns":3}],"seed_played":"-6830227813407742529","potions_obtained":[{"floor":6.0,"key":"GamblersBrew"},{"floor":13.0,"key":"Energy Potion"}],"is_trial":false,"path_per_floor":["M","$","?","?","?","E","?","R","T","$","R","E","M","E"],"character_chosen":"WATCHER","items_purchased":["CutThroughFate","Nirvana"],"campfire_rested":2,"item_purchase_floors":[2,2],"current_hp_per_floor":[52,52,52,68,57,1,1,21,21,21,41,20,20,0,0],"gold":83,"neow_bonus":"HUNDRED_GOLD","is_daily":false,"chose_seed":false,"campfire_upgraded":0,"win_rate":0.0,"timestamp":1612827800,"path_taken":["M","$","?","?","?","E","?","R","T","$","R","E","M","E"],"items_purchased_type":["Card","Card"],"build_version":"2020-12-22","purchased_purges":2,"victory":false,"max_hp_per_floor":[68,68,68,68,68,68,68,68,68,68,68,68,68,68,68],"relic_stats":{"counters":[5,22],"GoldenEye":[2],"obtain_stats":[{"Lantern":12,"Damaru":9,"PureWater":0,"GoldenEye":6,"WarpedTongs":7},{"Lantern":3,"Damaru":2,"PureWater":0,"GoldenEye":2,"WarpedTongs":2},{"Lantern":17,"Damaru":11,"PureWater":0,"GoldenEye":11,"WarpedTongs":11}],"WarpedTongs":[11]},"card_choices":[{"not_picked":["ThirdEye","Vengeance"],"picked":"SashWhip","floor":1.0},{"not_picked":["CrushJoints","PathToVictory"],"picked":"FlurryOfBlows","floor":6.0},{"not_picked":["Weave","Conclude"],"picked":"EmptyFist","floor":12.0},{"not_picked":["DeceiveReality","Collect"],"picked":"BattleHymn","floor":13.0}],"player_experience":1063572,"relics_obtained":[{"floor":6.0,"key":"GoldenEye"},{"floor":9.0,"key":"Damaru"},{"floor":12.0,"key":"Lantern"}],"event_choices":[{"damage_healed":0.0,"max_hp_gain":0.0,"max_hp_loss":0.0,"gold_gain":0.0,"event_name":"Liars Game","player_choice":"Ignored","floor":3.0,"gold_loss":0.0,"damage_taken":0.0},{"damage_healed":17.0,"max_hp_gain":0.0,"max_hp_loss":0.0,"gold_gain":0.0,"event_name":"The Cleric","player_choice":"Healed","floor":4.0,"gold_loss":35.0,"damage_taken":0.0},{"damage_healed":0.0,"max_hp_gain":0.0,"max_hp_loss":0.0,"gold_gain":75.0,"event_name":"World of Goop","player_choice":"Gather Gold","floor":5.0,"gold_loss":0.0,"damage_taken":11.0},{"damage_healed":0.0,"max_hp_gain":0.0,"max_hp_loss":0.0,"gold_gain":0.0,"event_name":"Accursed Blacksmith","player_choice":"Rummage","floor":7.0,"gold_loss":0.0,"damage_taken":0.0,"relics_obtained":["WarpedTongs"],"cards_obtained":["Pain"]}],"is_beta":false,"boss_relics":[],"items_purged_floors":[2,10],"is_endless":false,"potions_floor_spawned":[6,13],"killed_by":"Gremlin Nob","ascension_level":20}}