{"host":"5f8ute538gzudddu","time":1612744499,"event":{"mods":["BaseMod","Highlight Path","Minty Spire (QoL Compilation)","Relic Stats","StSLib"],"gold_per_floor":[113,113,136,61,61,94,94,128,128,2,2,2,40,58,58,58,58],"floor_reached":16,"language":"ENG","playtime":423,"items_purged":[],"score":282,"play_id":"e1730669-ee85-482c-a284-8fe209c18430","local_time":"20210207163459","is_ascension_mode":true,"campfire_choices":[{"floor":11.0,"key":"REST"},{"floor":15.0,"key":"REST"}],"circlet_count":0,"master_deck":["AscendersBane","Strike_P","Strike_P","Strike_P","Strike_P","Defend_P","Defend_P","Defend_P","Eruption+1","Vigilance","Consecrate","MentalFortress","FlurryOfBlows","Vault","DevaForm","Adaptation"],"relics":["PureWater","NeowsBlessing","Golden Idol","HornCleat","The Courier","Damaru","White Beast Statue","Anchor","Du-Vu Doll"],"acts_visited":["Exordium"],"potions_floor_usage":[16],"damage_taken":[{"damage":0.0,"enemies":"2 Louse","floor":1.0,"turns":1.0},{"damage":0.0,"enemies":"Jaw Worm","floor":3.0,"turns":1.0},{"damage":0.0,"enemies":"Gremlin Nob","floor":6.0,"turns":1.0},{"damage":46.0,"enemies":"3 Sentries","floor":8.0,"turns":10.0},{"damage":18.0,"enemies":"Lagavulin","floor":13.0,"turns":8.0},{"damage":0.0,"enemies":"Small Slimes","floor":14.0,"turns":2.0},{"damage":33,"enemies":"Slime Boss","floor":16,"turns":6}],"seed_played":"-807882036346868252","potions_obtained":[{"floor":8.0,"key":"StancePotion"},{"floor":13.0,"key":"DistilledChaos"},{"floor":14.0,"key":"SpeedPotion"}],"is_trial":false,"path_per_floor":["M","?","M","?","?","E","?","E","T","$","R","$","E","M","R","B"],"character_chosen":"WATCHER","items_purchased":["Anchor"],"campfire_rested":2,"item_purchase_floors":[10],"current_hp_per_floor":[61,61,61,61,61,61,50,4,4,4,22,22,4,4,22,0,0],"gold":58,"neow_bonus":"THREE_ENEMY_KILL","is_daily":false,"chose_seed":false,"campfire_upgraded":0,"win_rate":0.0,"timestamp":1612744499,"path_taken":["M","?","M","?","?","E","?","E","T","$","R","$","E","M","R","BOSS"],"items_purchased_type":["Relic"],"build_version":"2020-12-22","purchased_purges":0,"victory":false,"max_hp_per_floor":[68,62,62,62,62,62,62,62,62,62,62,62,62,62,62,62,62],"relic_stats":{"counters":[7,29],"Golden Idol":31,"obtain_stats":[{"Du-Vu Doll":13,"Anchor":10,"HornCleat":6,"NeowsBlessing":0,"Golden Idol":2,"Damaru":8,"The Courier":7,"PureWater":0,"White Beast Statue":9},{"Du-Vu Doll":5,"Anchor":4,"HornCleat":3,"NeowsBlessing":0,"Golden Idol":1,"Damaru":4,"The Courier":3,"PureWater":0,"White Beast Statue":4},{"Du-Vu Doll":21,"Anchor":13,"HornCleat":3,"NeowsBlessing":0,"Golden Idol":1,"Damaru":13,"The Courier":3,"PureWater":0,"White Beast Statue":13}]},"card_choices":[{"not_picked":["EmptyFist","SashWhip"],"picked":"Consecrate","floor":1.0},{"not_picked":["SashWhip","EmptyFist"],"picked":"MentalFortress","floor":3.0},{"not_picked":["BowlingBash","Swivel"],"picked":"FlurryOfBlows","floor":6.0},{"not_picked":["JustLucky","Weave"],"picked":"Vault","floor":8.0},{"not_picked":["Prostrate","Alpha"],"picked":"DevaForm","floor":13.0},{"not_picked":["Indignation","Swivel"],"picked":"Adaptation","floor":14.0}],"player_experience":947489,"relics_obtained":[{"floor":6.0,"key":"HornCleat"},{"floor":8.0,"key":"Damaru"},{"floor":9.0,"key":"White Beast Statue"},{"floor":13.0,"key":"Du-Vu Doll"}],"event_choices":[{"damage_healed":0.0,"max_hp_gain":0.0,"max_hp_loss":6.0,"gold_gain":0.0,"event_name":"Golden Idol","player_choice":"Lose Max HP","floor":2.0,"gold_loss":0.0,"damage_taken":0.0,"relics_obtained":["Golden Idol"]},{"cards_removed":["Defend_P"],"damage_healed":0.0,"max_hp_gain":0.0,"max_hp_loss":0.0,"gold_gain":0.0,"event_name":"The Cleric","player_choice":"Card Removal","floor":4.0,"gold_loss":75.0,"damage_taken":0.0},{"damage_healed":0.0,"max_hp_gain":0.0,"max_hp_loss":0.0,"gold_gain":0.0,"event_name":"Living Wall","player_choice":"Grow","floor":5.0,"gold_loss":0.0,"damage_taken":0.0,"cards_upgraded":["Eruption"]},{"damage_healed":0.0,"max_hp_gain":0.0,"max_hp_loss":0.0,"gold_gain":0.0,"event_name":"Scrap Ooze","player_choice":"Success","floor":7.0,"gold_loss":0.0,"damage_taken":11.0,"relics_obtained":["The Courier"]}],"is_beta":false,"boss_relics":[],"items_purged_floors":[],"is_endless":false,"potions_floor_spawned":[8,13,14],"killed_by":"Slime Boss","ascension_level":20}}