{"host":"dmtlrev5pkc1867p","time":1612774860,"event":{"mods":["BaseMod","Colored Map","Colored Powertips","Decade(¤ý¤p©ú)","Downfall","Hermit","Highlight Path","Infinite Spire","Marisa¡]Ãú«B¡@Å]²z¨F¡^","Minty Spire (QoL Compilation)","Permanent Neow","Quick Restart","Relic Stats","Replay The Spire","StSLib","SuperFastMode","The Animator","The Cursed","The Disciple","The Necromancer","The Runesmith","The Servant 0.9.4"],"gold_per_floor":[363,381,481,168,48,72,95,117,117,155,183,1,1,26,26,139,139,165,186,208,208,219,219,219,9,55,20,20,43,43,205,5,118,118,144,163,220,220,242,242,242,275,275,11,11,33,33,58,58,76],"floor_reached":51,"language":"ZHS","playtime":3545,"items_purged":["Voices","Decay","Voices","Sickly","Languid"],"score":1078,"play_id":"bb267b85-960e-49ca-9c80-c41b3d70aa6f","local_time":"20210208170100","is_ascension_mode":true,"campfire_choices":[{"floor":13.0,"key":"REST"},{"floor":15.0,"key":"REST"},{"floor":28.0,"key":"REST"},{"floor":32.0,"key":"REST"},{"floor":40,"key":"RECALL"},{"floor":47,"key":"REST"},{"floor":49,"key":"REST"}],"circlet_count":0,"master_deck":["Strike_W","Strike_W","Strike_W","Strike_W","Defend_W","Defend_W","Defend_W","Defend_W","Negative_Energy_Arrows","Bone_Wall","Bone_Prison","Spectral_Walk","Hellfire","Summon_Lich","Vampiric_Strike","Apotheosis+1","Thinking Ahead","Discovery","Summon_Vampire_Lady","Stop_Heart","Consume_Illness","Detonate_Bones","Blood_Shield","Exploit","Uncharnel","Bone_Shift","Summon_Vampire_Lady","Negative_Energy_Mist","Blood_Shield+1","Necrotic_Claws+1","Negative_Energy_Sphere","Cloudkill","Consume_Illness","Summon_Undead_Army+1","Cloudkill","Scare","Slay_Living+1","Negative_Energy_Sphere","Negative_Energy_Sphere","Spectral_Armor","Vampiric_Strike","Bone_Armory","Bone_Armory","Summon_Undead+1","Blood_Wake","Bone_Bullets","Blood_Curse+1","Bone_Armory+1","Bone_Armor","Pandemic","infinitespire:UltimateForm","Blood_Magic","Life_Drain+1","Doubt","Shackles_Of_Pain+1","Siphon_Strength"],"relics":["Vampire_Amulet","Replay:Bandana","ReplayTheSpireMod:ShopPack","ReplayTheSpireMod:CursedCoin","Du-Vu Doll","Cursed Key","Gremlin Horn","Blue Doll","Replay:Ringing Soul","Dead Branch","downfall:HeartBlessingBlue","downfall:HeartBlessingGreen","expansioncontent:StudyCardRelic","Ring of Fangs","Iron Hammer"],"acts_visited":["Exordium","TheCity","TheBeyond"],"potions_floor_usage":[48,50],"damage_taken":[{"damage":11.0,"enemies":"Jaw Worm","floor":1.0,"turns":6.0},{"damage":0.0,"enemies":"Cultist","floor":2.0,"turns":5.0},{"damage":2.0,"enemies":"downfall:FleeingMerchant","floor":4.0,"turns":4.0},{"damage":5.0,"enemies":"downfall:FleeingMerchant","floor":5.0,"turns":4.0},{"damage":7.0,"enemies":"2 Louse","floor":6.0,"turns":3.0},{"damage":32.0,"enemies":"Exordium Thugs","floor":8.0,"turns":5.0},{"damage":43.0,"enemies":"Gremlin Nob","floor":10.0,"turns":6.0},{"damage":16.0,"enemies":"Red Slaver","floor":11.0,"turns":4.0},{"damage":2.0,"enemies":"downfall:FleeingMerchant","floor":12.0,"turns":4.0},{"damage":0.0,"enemies":"Large Slime","floor":14.0,"turns":4.0},{"damage":21.0,"enemies":"SI_SHIV_ARCHETYPE","floor":16.0,"turns":8.0},{"damage":33.0,"enemies":"3 Byrds","floor":18.0,"turns":5.0},{"damage":34.0,"enemies":"3 Cultists","floor":19.0,"turns":6.0},{"damage":23.0,"enemies":"Centurion and Healer","floor":20.0,"turns":7.0},{"damage":1.0,"enemies":"Snecko","floor":22.0,"turns":5.0},{"damage":1.0,"enemies":"downfall:FleeingMerchant","floor":25.0,"turns":4.0},{"damage":90.0,"enemies":"Nightmare","floor":26.0,"turns":10.0},{"damage":10.0,"enemies":"downfall:FleeingMerchant","floor":27.0,"turns":5.0},{"damage":34.0,"enemies":"Cultist and Chosen","floor":29.0,"turns":5.0},{"damage":0.0,"enemies":"downfall:FleeingMerchant","floor":31.0,"turns":1.0},{"damage":76.0,"enemies":"WA_ARCHETYPE_CALM","floor":33.0,"turns":10.0},{"damage":45.0,"enemies":"3 Darklings","floor":35.0,"turns":5.0},{"damage":21.0,"enemies":"Orb Walker","floor":36.0,"turns":5.0},{"damage":29,"enemies":"Jaw Worm Horde","floor":39,"turns":6},{"damage":31,"enemies":"4 Shapes","floor":42,"turns":6},{"damage":46,"enemies":"Spire Growth","floor":46,"turns":6},{"damage":38,"enemies":"Jaw Worm Horde","floor":48,"turns":5},{"damage":160,"enemies":"DF_ARCHETYPE_ORBS","floor":50,"turns":12}],"seed_played":"160350112717249736","potions_obtained":[{"floor":1.0,"key":"Weak Potion"},{"floor":8.0,"key":"Slimebound:ThreeZeroPotion"},{"floor":14.0,"key":"Dexterity Potion"},{"floor":16.0,"key":"ColorlessPotion"},{"floor":20.0,"key":"bronze:BurnAndBuffPotion"},{"floor":22.0,"key":"Adrenaline Potion"},{"floor":29.0,"key":"BlessingOfTheForge"},{"floor":33.0,"key":"SpeedPotion"},{"floor":35.0,"key":"SkillPotion"},{"floor":36.0,"key":"Block Potion"},{"floor":37.0,"key":"Cursed Concoction"},{"floor":37.0,"key":"LiquidBronze"},{"floor":37.0,"key":"Flashbang"}],"is_trial":false,"path_per_floor":["M","M","?","$","$","M","T","M","?","E","M","$","R","M","R","B",null,"M","M","M","T","M","?","T","$","NM","$","R","M","AVR","$","R","B",null,"M","M","?","?","M","R","T","M","?","$","?","M","R","M","R","B",null],"character_chosen":"NECROMANCER","items_purchased":["Replay:Bandana","Summon_Lich","ReplayTheSpireMod:ShopPack","ReplayTheSpireMod:CursedCoin","Summon_Vampire_Lady","Uncharnel","Summon_Undead_Army+1","Cloudkill","Negative_Energy_Sphere","Bone_Armory","Summon_Undead+1","Blood_Magic","Life_Drain+1"],"campfire_rested":6,"item_purchase_floors":[4,4,5,5,5,12,25,25,27,31,31,44,44],"current_hp_per_floor":[66,68,68,66,61,58,58,39,39,18,13,14,36,46,68,52,75,57,53,63,63,75,75,75,75,11,4,28,7,7,12,51,13,100,65,72,75,75,76,76,79,73,46,49,127,98,130,107,133,20],"gold":76,"neow_bonus":"TWO_FIFTY_GOLD","is_daily":false,"chose_seed":false,"campfire_upgraded":0,"win_rate":0.0,"timestamp":1612774860,"path_taken":["M","M","?","?","$","M","T","?","?","E","M","?","R","M","R","BOSS","M","M","M","?","M","?","T","$","NM","$","R","M","AVR","?","R","BOSS","M","M","?","?","M","R","T","M","?","$","?","M","R","M","R","BOSS"],"items_purchased_type":["Relic","Card","Relic","Relic","Card","Card","Card","Card","Card","Card","Card","Card","Card"],"build_version":"2020-12-22","purchased_purges":5,"victory":true,"max_hp_per_floor":[75,75,75,75,75,75,75,75,75,75,75,75,75,75,75,75,75,75,75,75,75,75,75,75,75,78,81,81,84,84,87,97,100,100,103,106,109,109,112,112,115,118,121,124,127,130,130,133,133,133],"relic_stats":{"Gremlin Horn":[9,9],"counters":[28,156],"Dead Branch":[53],"Cursed Key":3,"obtain_stats":[{"Gremlin Horn":21,"ReplayTheSpireMod:CursedCoin":5,"Dead Branch":30,"Blue Doll":24,"downfall:HeartBlessingGreen":32,"expansioncontent:StudyCardRelic":34,"Cursed Key":17,"Du-Vu Doll":10,"Replay:Ringing Soul":26,"Replay:Bandana":4,"Ring of Fangs":38,"downfall:HeartBlessingBlue":32,"Vampire_Amulet":0,"Iron Hammer":41,"ReplayTheSpireMod:ShopPack":5},{"Gremlin Horn":14,"ReplayTheSpireMod:CursedCoin":4,"Dead Branch":19,"Blue Doll":15,"downfall:HeartBlessingGreen":20,"expansioncontent:StudyCardRelic":21,"Cursed Key":11,"Du-Vu Doll":7,"Replay:Ringing Soul":17,"Replay:Bandana":3,"Ring of Fangs":23,"downfall:HeartBlessingBlue":20,"Vampire_Amulet":0,"Iron Hammer":24,"ReplayTheSpireMod:ShopPack":4},{"Gremlin Horn":71,"ReplayTheSpireMod:CursedCoin":19,"Dead Branch":100,"Blue Doll":76,"downfall:HeartBlessingGreen":101,"expansioncontent:StudyCardRelic":111,"Cursed Key":53,"Du-Vu Doll":33,"Replay:Ringing Soul":90,"Replay:Bandana":15,"Ring of Fangs":121,"downfall:HeartBlessingBlue":101,"Vampire_Amulet":0,"Iron Hammer":127,"ReplayTheSpireMod:ShopPack":19}]},"card_choices":[{"not_picked":["Strike_from_Beyond","Bone_Spikes"],"picked":"Bone_Prison","floor":1.0},{"not_picked":["Bone_Spikes","Toxic_Smoke_Screen"],"picked":"Spectral_Walk","floor":2.0},{"not_picked":["Negative_Energy_Mist","Negative_Energy_Javelin"],"picked":"Hellfire","floor":4.0},{"not_picked":["Blood_Curse","Exploit"],"picked":"Vampiric_Strike","floor":5.0},{"not_picked":["Midas Touch","Sadistic Nature"],"picked":"Apotheosis","floor":5.0},{"not_picked":["Finesse","Replay:Bootleg Shield Generator"],"picked":"Thinking Ahead","floor":5.0},{"not_picked":["Flash of Steel","Trip"],"picked":"Discovery","floor":5.0},{"not_picked":["Necromantic_Selection","Scare"],"picked":"Stop_Heart","floor":6.0},{"not_picked":["Bone_Bullets","Bones_to_Steel"],"picked":"Consume_Illness","floor":8.0},{"not_picked":["Stop_Heart","Toxic_Smoke_Screen"],"picked":"Detonate_Bones","floor":10.0},{"not_picked":["Scare","Vampiric_Strike"],"picked":"Blood_Shield","floor":11.0},{"not_picked":["Negative_Energy_Mist","Pandemic"],"picked":"Exploit","floor":12.0},{"not_picked":["Bone_Bullets","Negative_Energy_Shield"],"picked":"Bone_Shift","floor":14.0},{"not_picked":["Summon_Death_Knight","Skeleton_Dragon"],"picked":"Summon_Vampire_Lady","floor":16.0},{"not_picked":["Bone_Bullets","Bone_Prison"],"picked":"Negative_Energy_Mist","floor":18.0},{"not_picked":["Scare","Death_Knell"],"picked":"Blood_Shield+1","floor":19.0},{"not_picked":["Toxic_Smoke_Screen+1","Blood_Curse"],"picked":"Necrotic_Claws+1","floor":20.0},{"not_picked":["Finger_Of_Death","Scare"],"picked":"Negative_Energy_Sphere","floor":22.0},{"not_picked":["Violent_Necrosis+1","Shackles_Of_Pain+1"],"picked":"Consume_Illness","floor":25.0},{"not_picked":["Death_March_Dance","Stop_Heart"],"picked":"Scare","floor":26.0},{"not_picked":["Blood_Curse","Bones_to_Steel"],"picked":"Slay_Living+1","floor":27.0},{"not_picked":["Blood_Wake","Bones_to_Steel+1"],"picked":"Spectral_Armor","floor":29.0},{"not_picked":["Negative_Energy_Javelin","Blood_for_Blood"],"picked":"Vampiric_Strike","floor":31.0},{"not_picked":["Requiem","Detonate_Bones"],"picked":"Blood_Wake","floor":33.0},{"not_picked":["Negative_Energy_Javelin","Finger_Of_Death+1"],"picked":"Bone_Bullets","floor":35.0},{"not_picked":["Death_March_Dance+1","Thousand_Bone_Knives+1"],"picked":"Blood_Curse+1","floor":36.0},{"not_picked":["Consume_Illness+1","Violent_Necrosis"],"picked":"Bone_Armory+1","floor":37.0},{"not_picked":["Pandemic","Vampiric_Strike"],"picked":"Bone_Armor","floor":39},{"not_picked":["Death_March_Dance","Finger_Of_Death"],"picked":"Pandemic","floor":42},{"not_picked":["infinitespire:Oblivion","infinitespire:SevenWalls"],"picked":"infinitespire:UltimateForm","floor":43},{"not_picked":["Violent_Necrosis+1","Bone_Armor+1"],"picked":"Shackles_Of_Pain+1","floor":46},{"not_picked":["Violent_Necrosis+1","Bone_Armory+1"],"picked":"Siphon_Strength","floor":48}],"player_experience":641195,"relics_obtained":[{"floor":10.0,"key":"Du-Vu Doll"},{"floor":21.0,"key":"Gremlin Horn"},{"floor":24.0,"key":"Blue Doll"},{"floor":26.0,"key":"Replay:Ringing Soul"},{"floor":38,"key":"Ring of Fangs"},{"floor":41,"key":"Iron Hammer"}],"event_choices":[{"damage_healed":0.0,"max_hp_gain":0.0,"max_hp_loss":0.0,"gold_gain":0.0,"event_name":"Accursed Blacksmith","player_choice":"Forge","floor":9.0,"gold_loss":0.0,"damage_taken":0.0,"cards_upgraded":["Apotheosis"]},{"damage_healed":0.0,"max_hp_gain":0.0,"max_hp_loss":0.0,"gold_gain":0.0,"event_name":"The Library","player_choice":"Read","floor":23.0,"gold_loss":0.0,"damage_taken":0.0,"cards_obtained":["Cloudkill"]}],"is_beta":false,"boss_relics":[{"not_picked":["Replay:Grab Bag","Empty Cage"],"picked":"Cursed Key"},{"not_picked":["Black Star","ReplayTheSpireMod:DimensionalGlitch"],"picked":"expansioncontent:StudyCardRelic"}],"items_purged_floors":[4,12,30,31,44],"is_endless":false,"potions_floor_spawned":[1,8,14,16,20,22,29,33,35,36],"ascension_level":2}}