{"host":"8u1cu4kisw6g21am","time":1612816305,"event":{"mods":["AchievementEnabler","BaseMod","Bestiary","BetterRewards","Minty Spire (QoL Compilation)","Quick Restart","Shop Mod","StSLib"],"gold_per_floor":[112,123,133,133,143,172,172,172,199,199,227,242,242,242,242,242,242],"floor_reached":16,"language":"ENG","playtime":4054,"items_purged":[],"score":150,"play_id":"3be086ad-9e48-40ce-a39b-a901420598ea","local_time":"20210208153145","is_ascension_mode":false,"campfire_choices":[{"data":"Corruption","floor":7,"key":"SMITH"},{"data":"Dark Embrace","floor":10,"key":"SMITH"},{"data":"Rage","floor":15,"key":"SMITH"}],"circlet_count":0,"master_deck":["Strike_R","Strike_R","Strike_R","Strike_R","Strike_R","Defend_R","Defend_R","Defend_R","Defend_R","Bash","Dark Embrace+1","Warcry","Rage+1","Dropkick","Corruption+1","Power Through","Pummel","Seeing Red"],"relics":["Burning Blood","MerchantsRug","Ancient Tea Set","Bronze Scales","Bag of Preparation","Odd Mushroom","Golden Idol"],"acts_visited":["Exordium"],"potions_floor_usage":[6,16,16],"damage_taken":[{"damage":5,"enemies":"Jaw Worm","floor":1,"turns":4},{"damage":7,"enemies":"2 Louse","floor":2,"turns":3},{"damage":12,"enemies":"Small Slimes","floor":3,"turns":3},{"damage":16,"enemies":"Exordium Wildlife","floor":5,"turns":5},{"damage":34,"enemies":"Gremlin Nob","floor":6,"turns":5},{"damage":6,"enemies":"The Mushroom Lair","floor":11,"turns":5},{"damage":0,"enemies":"2 Fungi Beasts","floor":12,"turns":3},{"damage":59,"enemies":"Hexaghost","floor":16,"turns":11}],"seed_played":"5423268366996623916","potions_obtained":[{"floor":2,"key":"Ancient Potion"},{"floor":5,"key":"Ancient Potion"},{"floor":11,"key":"DistilledChaos"}],"is_trial":false,"path_per_floor":["M","M","M","?","M","E","R","?","T","R","?","M","?","?","R","B"],"character_chosen":"IRONCLAD","items_purchased":["MerchantsRug","Dark Embrace"],"campfire_rested":0,"item_purchase_floors":[0,0],"current_hp_per_floor":[80,79,73,73,63,35,35,23,23,23,23,29,55,55,55,0,0],"gold":242,"neow_bonus":"","is_daily":false,"chose_seed":false,"campfire_upgraded":3,"win_rate":0.0,"timestamp":1612816305,"path_taken":["M","M","M","?","M","E","R","?","T","R","?","?","?","?","R","BOSS"],"items_purchased_type":["Relic","Card"],"build_version":"2020-12-22","purchased_purges":0,"victory":false,"max_hp_per_floor":[80,80,80,80,80,80,80,80,80,80,80,80,80,74,74,74,74],"card_choices":[{"not_picked":["Intimidate","Sword Boomerang"],"picked":"Warcry","floor":1},{"not_picked":["Flame Barrier","Headbutt"],"picked":"Rage","floor":2},{"not_picked":["Armaments","Body Slam"],"picked":"Dropkick","floor":3},{"not_picked":["Sword Boomerang","Dual Wield"],"picked":"Corruption","floor":5},{"not_picked":["Armaments","Body Slam"],"picked":"Power Through","floor":6},{"not_picked":["Clothesline","Perfected Strike"],"picked":"Pummel","floor":11},{"not_picked":["Iron Wave","Inflame"],"picked":"Seeing Red","floor":12}],"player_experience":0,"relics_obtained":[{"floor":6,"key":"Ancient Tea Set"},{"floor":9,"key":"Bag of Preparation"},{"floor":11,"key":"Odd Mushroom"}],"event_choices":[{"damage_healed":0,"gold_gain":0,"player_choice":"Ignored","damage_taken":0,"max_hp_gain":0,"max_hp_loss":0,"event_name":"Liars Game","floor":4,"gold_loss":0},{"damage_healed":0,"gold_gain":0,"player_choice":"Success","damage_taken":12,"relics_obtained":["Bronze Scales"],"max_hp_gain":0,"max_hp_loss":0,"event_name":"Scrap Ooze","floor":8,"gold_loss":0},{"damage_healed":0,"gold_gain":0,"player_choice":"Fought Mushrooms","damage_taken":0,"max_hp_gain":0,"max_hp_loss":0,"event_name":"Mushrooms","floor":11,"gold_loss":0},{"damage_healed":26,"gold_gain":0,"player_choice":"Banana","damage_taken":0,"max_hp_gain":0,"max_hp_loss":0,"event_name":"Big Fish","floor":13,"gold_loss":0},{"damage_healed":0,"gold_gain":0,"player_choice":"Lose Max HP","damage_taken":0,"relics_obtained":["Golden Idol"],"max_hp_gain":0,"max_hp_loss":6,"event_name":"Golden Idol","floor":14,"gold_loss":0}],"is_beta":false,"boss_relics":[],"items_purged_floors":[],"is_endless":false,"potions_floor_spawned":[2,5,11],"killed_by":"Hexaghost","ascension_level":0}}