{"host":"bgyhjzqafgkxdxsh","time":1612757758,"event":{"mods":["BaseMod","Colored Map","Minty Spire (QoL Compilation)","Relic Stats","StSLib","everything is the same but u backflip on backflip"],"gold_per_floor":[114,179,179,179,254,254,29,29,29,29,29,29,78,97,97,282,282,361,410,60,139,14,112,87,166,216,295,295,393,393,442,442,627,627,646,695,695,714,264,362,362,362,362,362,441,441,550,618,618,618],"floor_reached":51,"language":"ENG","playtime":3524,"items_purged":["Injury","Regret","Alpha","LessonLearned+1"],"score":885,"play_id":"3b62ac58-73d7-4838-b13e-2453493f536b","local_time":"20210208141558","daily_mods":["Shiny","Green Cards","Terminal"],"is_ascension_mode":false,"campfire_choices":[{"data":"Wish","floor":6,"key":"SMITH"},{"data":"Omniscience","floor":8,"key":"SMITH"},{"data":"Vault","floor":10,"key":"SMITH"},{"data":"Adrenaline","floor":12,"key":"SMITH"},{"data":"Scrawl","floor":15,"key":"SMITH"},{"data":"ForeignInfluence","floor":28,"key":"SMITH"},{"data":"After Image","floor":30,"key":"SMITH"},{"floor":32,"key":"REST"},{"floor":41,"key":"REST"},{"floor":44,"key":"REST"},{"data":"Vault","floor":49,"key":"SMITH"}],"circlet_count":0,"master_deck":["Venomology+1","Corpse Explosion+1","Malaise+1","Phantasmal Killer+1","Die Die Die+1","Adrenaline+1","Envenom+1","Doppelganger+1","Burst+1","Wraith Form v2+1","Tools of the Trade+1","Night Terror+1","Unload+1","After Image+1","Bullet Time+1","Storm of Steel+1","Glass Knife+1","A Thousand Cuts+1","Grand Finale+1","Judgement+1","ConjureBlade+1","MasterReality+1","Brilliance+1","Devotion+1","Ragnarok+1","Scrawl+1","Vault+1","Wish+1","Omniscience+1","Establishment+1","SpiritShield+1","DevaForm+1","DeusExMachina+1","FlyingSleeves+1","Distraction+1","Prepared+1","Tools of the Trade+1","Prepared+1","Prepared+1","EmptyBody+1","Acrobatics+1","ForeignInfluence+1","Vault+1"],"relics":["PureWater","Darkstone Periapt","Golden Idol","PreservedInsect","Ancient Tea Set","Pen Nib","Black Star","Shuriken","Calipers","Oddly Smooth Stone","Bag of Marbles","Pantograph","Whetstone","Snecko Eye","Mark of the Bloom","Orichalcum","ClockworkSouvenir","MealTicket","Vajra","War Paint","Thread and Needle","Anchor"],"acts_visited":["Exordium","TheCity","TheBeyond"],"potions_floor_usage":[18,19,19,23,23,25,27,29,31,33,33,40,48,50,50,50],"damage_taken":[{"damage":3,"enemies":"Small Slimes","floor":1,"turns":4},{"damage":0,"enemies":"2 Louse","floor":2,"turns":4},{"damage":6,"enemies":"Jaw Worm","floor":13,"turns":2},{"damage":0,"enemies":"Gremlin Gang","floor":14,"turns":1},{"damage":1,"enemies":"Hexaghost","floor":16,"turns":9},{"damage":8,"enemies":"Chosen","floor":18,"turns":5},{"damage":13,"enemies":"3 Byrds","floor":19,"turns":7},{"damage":0,"enemies":"Centurion and Healer","floor":21,"turns":8},{"damage":6,"enemies":"Slavers","floor":23,"turns":5},{"damage":16,"enemies":"Snake Plant","floor":25,"turns":6},{"damage":0,"enemies":"Snecko","floor":27,"turns":8},{"damage":9,"enemies":"Gremlin Leader","floor":29,"turns":6},{"damage":1,"enemies":"Shelled Parasite and Fungi","floor":31,"turns":4},{"damage":0,"enemies":"Champ","floor":33,"turns":6},{"damage":5,"enemies":"3 Darklings","floor":35,"turns":3},{"damage":9,"enemies":"3 Shapes","floor":36,"turns":4},{"damage":0,"enemies":"Spire Growth","floor":38,"turns":2},{"damage":0,"enemies":"Nemesis","floor":40,"turns":6},{"damage":0,"enemies":"4 Shapes","floor":45,"turns":2},{"damage":0,"enemies":"Jaw Worm Horde","floor":47,"turns":3},{"damage":0,"enemies":"Giant Head","floor":48,"turns":7},{"damage":3,"enemies":"Time Eater","floor":50,"turns":7}],"seed_played":"-2425098010432476902","potions_obtained":[{"floor":1,"key":"ColorlessPotion"},{"floor":36,"key":"BlessingOfTheForge"},{"floor":47,"key":"SpeedPotion"}],"is_trial":false,"path_per_floor":["M","M","?","?","?","R","$","R","T","R","?","R","M","M","R","B",null,"M","M","$","M","$","E","$","M","T","M","R","E","R","M","R","B",null,"M","M","?","M","$","E","R","?","T","R","M","?","M","E","R","B",null],"character_chosen":"WATCHER","items_purchased":["PreservedInsect","Shuriken","EmptyBody","Orichalcum","ClockworkSouvenir"],"campfire_rested":3,"item_purchase_floors":[7,20,24,39,39],"current_hp_per_floor":[68,68,61,67,56,56,56,56,56,56,62,62,56,56,56,55,66,58,45,45,45,45,48,48,32,32,32,32,23,23,22,37,50,49,44,35,35,35,35,35,35,35,35,35,35,35,35,35,34,31],"gold":618,"neow_bonus":"","is_daily":true,"chose_seed":false,"campfire_upgraded":8,"win_rate":0.0,"timestamp":1612757758,"path_taken":["M","M","?","?","?","R","$","R","T","R","?","R","?","M","R","BOSS","M","M","$","M","$","E","$","M","T","M","R","E","R","M","R","BOSS","M","?","?","M","$","E","R","?","T","R","M","?","?","E","R","BOSS"],"items_purchased_type":["Relic","Relic","Card","Relic","Relic"],"build_version":"2020-12-22","purchased_purges":4,"victory":true,"max_hp_per_floor":[70,69,68,73,72,71,70,69,68,67,72,71,70,69,68,67,66,65,64,63,62,61,60,59,58,57,56,55,54,53,52,51,50,49,48,47,46,45,44,43,42,41,40,39,38,37,36,35,34,33],"relic_stats":{"Darkstone Periapt":12,"Mark of the Bloom":49,"counters":[22,109],"Golden Idol":159,"PreservedInsect":255,"Pen Nib":[12],"Whetstone":["Glass Knife","Grand Finale"],"Orichalcum":[6],"War Paint":[],"Shuriken":[14],"Pantograph":14,"Snecko Eye":[74,63,79,75],"MealTicket":0,"Black Star":4,"obtain_stats":[{"Darkstone Periapt":3,"Mark of the Bloom":37,"Calipers":23,"Golden Idol":4,"Oddly Smooth Stone":23,"Vajra":40,"Thread and Needle":48,"PreservedInsect":7,"Pen Nib":11,"Whetstone":29,"Orichalcum":39,"War Paint":43,"Ancient Tea Set":9,"ClockworkSouvenir":39,"Anchor":48,"Shuriken":20,"Pantograph":29,"Snecko Eye":34,"MealTicket":40,"Black Star":17,"Bag of Marbles":26,"PureWater":0},{"Darkstone Periapt":2,"Mark of the Bloom":16,"Calipers":9,"Golden Idol":2,"Oddly Smooth Stone":9,"Vajra":18,"Thread and Needle":21,"PreservedInsect":2,"Pen Nib":2,"Whetstone":12,"Orichalcum":17,"War Paint":18,"Ancient Tea Set":2,"ClockworkSouvenir":17,"Anchor":21,"Shuriken":7,"Pantograph":12,"Snecko Eye":14,"MealTicket":18,"Black Star":5,"Bag of Marbles":10,"PureWater":0},{"Darkstone Periapt":8,"Mark of the Bloom":82,"Calipers":45,"Golden Idol":8,"Oddly Smooth Stone":45,"Vajra":90,"Thread and Needle":102,"PreservedInsect":8,"Pen Nib":8,"Whetstone":65,"Orichalcum":84,"War Paint":90,"Ancient Tea Set":8,"ClockworkSouvenir":84,"Anchor":102,"Shuriken":32,"Pantograph":65,"Snecko Eye":75,"MealTicket":90,"Black Star":20,"Bag of Marbles":51,"PureWater":0}]},"card_choices":[{"not_picked":["Caltrops","Endless Agony"],"picked":"FlyingSleeves","floor":1},{"not_picked":["Cloak And Dagger","LikeWater","PathToVictory"],"picked":"SKIP","floor":2},{"not_picked":["FollowUp","ReachHeaven"],"picked":"Distraction","floor":13},{"not_picked":["Reflex","Halt"],"picked":"Prepared","floor":14},{"not_picked":["Wraith Form v2","Phantasmal Killer"],"picked":"Tools of the Trade","floor":16},{"not_picked":["Outmaneuver","Crippling Poison","Collect"],"picked":"SKIP","floor":18},{"not_picked":["Protect","FollowUp+1"],"picked":"Prepared","floor":19},{"not_picked":["Burst","FlurryOfBlows","Prostrate"],"picked":"SKIP","floor":21},{"not_picked":["PathToVictory+1","WreathOfFlame"],"picked":"Prepared+1","floor":23},{"not_picked":["CarveReality","Halt"],"picked":"Acrobatics","floor":25},{"not_picked":["Underhanded Strike","Dodge and Roll"],"picked":"ForeignInfluence","floor":27},{"not_picked":["Halt+1","JustLucky+1","WindmillStrike"],"picked":"SKIP","floor":29},{"not_picked":["FlyingSleeves+1","Deadly Poison","Underhanded Strike"],"picked":"SKIP","floor":31},{"not_picked":["Halt+1","Backflip+1","FlurryOfBlows"],"picked":"SKIP","floor":35},{"not_picked":["Indignation+1","ReachHeaven+1","Heel Hook+1"],"picked":"SKIP","floor":36},{"not_picked":["MentalFortress","JustLucky+1","Well Laid Plans+1"],"picked":"SKIP","floor":38},{"not_picked":["Protect+1","Concentrate","FlurryOfBlows+1"],"picked":"SKIP","floor":40},{"not_picked":["WaveOfTheHand+1","ReachHeaven","Prepared+1"],"picked":"SKIP","floor":45},{"not_picked":["LikeWater","Protect"],"picked":"Vault","floor":47},{"not_picked":["Vengeance+1","LikeWater","Bane+1"],"picked":"SKIP","floor":48}],"player_experience":470436,"relics_obtained":[{"floor":9,"key":"Ancient Tea Set"},{"floor":23,"key":"Calipers"},{"floor":23,"key":"Oddly Smooth Stone"},{"floor":26,"key":"Bag of Marbles"},{"floor":29,"key":"Pantograph"},{"floor":29,"key":"Whetstone"},{"floor":40,"key":"MealTicket"},{"floor":40,"key":"Vajra"},{"floor":43,"key":"War Paint"},{"floor":48,"key":"Thread and Needle"},{"floor":48,"key":"Anchor"}],"event_choices":[{"damage_healed":0,"gold_gain":0,"player_choice":"Success","damage_taken":7,"relics_obtained":["Darkstone Periapt"],"max_hp_gain":0,"max_hp_loss":0,"event_name":"Scrap Ooze","floor":3,"gold_loss":0},{"damage_healed":0,"gold_gain":0,"player_choice":"Take Wound","damage_taken":0,"relics_obtained":["Golden Idol"],"max_hp_gain":0,"max_hp_loss":0,"event_name":"Golden Idol","floor":4,"gold_loss":0,"cards_obtained":["Injury"]},{"damage_healed":0,"gold_gain":75,"player_choice":"Gather Gold","damage_taken":11,"max_hp_gain":0,"max_hp_loss":0,"event_name":"World of Goop","floor":5,"gold_loss":0},{"damage_healed":0,"gold_gain":0,"player_choice":"Box","damage_taken":0,"relics_obtained":["Pen Nib"],"max_hp_gain":0,"max_hp_loss":0,"event_name":"Big Fish","floor":11,"gold_loss":0,"cards_obtained":["Regret"]},{"damage_healed":0,"gold_gain":0,"player_choice":"Upgrade","damage_taken":0,"relics_obtained":["Mark of the Bloom"],"max_hp_gain":0,"max_hp_loss":0,"event_name":"MindBloom","floor":37,"gold_loss":0,"cards_upgraded":["Venomology","Malaise","Phantasmal Killer","Die Die Die","Doppelganger","Burst","Wraith Form v2","Tools of the Trade","Night Terror","Unload","Bullet Time","Storm of Steel","ConjureBlade","Ragnarok","LessonLearned","Establishment","SpiritShield","DevaForm","DeusExMachina","FlyingSleeves","Distraction","Prepared","Tools of the Trade","EmptyBody","Acrobatics"]},{"cards_removed":["Blasphemy"],"damage_healed":0,"gold_gain":0,"player_choice":"Removed Skill","damage_taken":0,"max_hp_gain":0,"max_hp_loss":0,"event_name":"Falling","floor":42,"gold_loss":0},{"damage_healed":0,"gold_gain":0,"player_choice":"Ignored","damage_taken":0,"max_hp_gain":0,"max_hp_loss":0,"event_name":"Tomb of Lord Red Mask","floor":46,"gold_loss":0}],"is_beta":false,"boss_relics":[{"not_picked":["Cursed Key","Ectoplasm"],"picked":"Black Star"},{"not_picked":["Tiny House","Fusion Hammer"],"picked":"Snecko Eye"}],"items_purged_floors":[7,20,22,39],"is_endless":false,"potions_floor_spawned":[1,16,21,29,31,36,45,47],"ascension_level":0}}