{"host":"cy3pd5cut10e7v8y","time":1612812739,"event":{"mods":["AchievementEnabler","Act Like it!","BaseMod","Colored Map","Colored Powertips","Koishi","Minty Spire (QoL Compilation)","StSLib","The Animator","Waifu the Spire"],"gold_per_floor":[110,185,0,0,16,16,49,65,146,166,191,191,39,68,68,164,164,182,182,208,208,221,221,221,221,245,283,315,327,339,111,111,208,208,227,227,227,227,227,227,164,164,164,164,175,23,36,48,48,48,48],"floor_reached":50,"language":"ENG","playtime":2961,"items_purged":["Strike_B","Defend_B","Defend_B","Defend_B"],"score":522,"play_id":"1a785fd2-2167-4d52-a1bc-03c3a788d02e","local_time":"20210208203219","is_ascension_mode":false,"campfire_choices":[{"floor":6,"key":"RECALL"},{"data":"Loop","floor":15,"key":"SMITH"},{"data":"Defragment","floor":23,"key":"SMITH"},{"floor":25,"key":"REST"},{"floor":32,"key":"REST"},{"data":"Capacitor","floor":40,"key":"SMITH"},{"data":"Defragment","floor":44,"key":"SMITH"},{"data":"Static Discharge","floor":49,"key":"SMITH"}],"circlet_count":0,"master_deck":["Zap","Dualcast","Capacitor+1","Lockon+1","Conserve Battery","Loop+1","Coolheaded","Ball Lightning+1","Defragment+1","Reboot","Buffer","Reboot","Conserve Battery+1","Defragment+1","Conserve Battery+1","Static Discharge+1","Electrodynamics","Streamline+1","Violence","Redo+1","Parasite","Ball Lightning+1"],"relics":["Cracked Core","NeowsBlessing","Membership Card","Regal Pillow","Mummified Hand","Pear","Pantograph","Empty Cage","MawBank","Shuriken","Toolbox","Vajra","Busted Crown","Molten Egg 2","Whetstone"],"acts_visited":["Exordium","TheCity","TheBeyond"],"potions_floor_usage":[11,14,14,14,27,50,50],"damage_taken":[{"damage":0,"enemies":"Jaw Worm","floor":1,"turns":1},{"damage":0,"enemies":"2 Louse","floor":5,"turns":1},{"damage":0,"enemies":"Lagavulin","floor":7,"turns":1},{"damage":0,"enemies":"Cultist","floor":8,"turns":3},{"damage":6,"enemies":"Exordium Wildlife","floor":10,"turns":3},{"damage":15,"enemies":"Gremlin Nob","floor":11,"turns":5},{"damage":2,"enemies":"3 Sentries","floor":14,"turns":6},{"damage":23,"enemies":"The Guardian","floor":16,"turns":9},{"damage":5,"enemies":"Shell Parasite","floor":18,"turns":4},{"damage":17,"enemies":"Spheric Guardian","floor":22,"turns":4},{"damage":36,"enemies":"Gremlin Leader","floor":27,"turns":6},{"damage":13,"enemies":"Snake Plant","floor":28,"turns":4},{"damage":46,"enemies":"Collector","floor":33,"turns":8},{"damage":13,"enemies":"Orb Walker","floor":35,"turns":3},{"damage":17,"enemies":"3 Darklings","floor":45,"turns":4},{"damage":6,"enemies":"Spire Growth","floor":47,"turns":4},{"damage":4,"enemies":"Writhing Mass","floor":48,"turns":4},{"damage":75,"enemies":"Awakened One","floor":50,"turns":6}],"seed_played":"6409418588727170030","potions_obtained":[{"floor":7,"key":"SteroidPotion"},{"floor":8,"key":"SpeedPotion"},{"floor":10,"key":"EssenceOfSteel"},{"floor":11,"key":"SneckoOil"},{"floor":12,"key":"SkillPotion"},{"floor":12,"key":"DistilledChaos"},{"floor":22,"key":"Weak Potion"},{"floor":35,"key":"ColorlessPotion"},{"floor":45,"key":"SteroidPotion"}],"is_trial":false,"path_per_floor":["M","?","$","?","M","R","E","M","T","M","E","?","$","E","R","B",null,"M","?","T","?","M","R","?","R","T","E","M","?","?","$","R","B",null,"M","?","?","?","?","R","$","?","T","R","M","$","M","M","R","B"],"character_chosen":"DEFECT","items_purchased":["Membership Card","Capacitor","Defragment","Reboot","Static Discharge","Toolbox","Vajra","Whetstone"],"campfire_rested":2,"item_purchase_floors":[3,3,13,13,31,31,31,46],"current_hp_per_floor":[75,64,64,64,64,64,64,64,64,58,53,53,53,51,51,53,85,80,64,64,64,47,47,47,89,89,53,40,40,40,40,82,44,90,77,77,77,77,77,77,77,77,77,77,60,60,54,50,50,0,0],"gold":48,"neow_bonus":"THREE_ENEMY_KILL","is_daily":false,"chose_seed":false,"campfire_upgraded":5,"win_rate":0.0,"timestamp":1612812739,"path_taken":["M","?","$","?","M","R","E","M","T","M","E","?","$","E","R","BOSS","M","?","?","?","M","R","?","R","T","E","?","?","?","$","R","BOSS","M","?","?","?","?","R","?","?","T","R","M","$","?","M","R","BOSS"],"items_purchased_type":["Relic","Card","Card","Card","Card","Relic","Relic","Relic"],"build_version":"2020-12-22","purchased_purges":4,"victory":false,"max_hp_per_floor":[75,75,75,75,75,75,75,75,75,75,85,85,85,85,85,85,85,85,90,90,90,90,90,90,90,90,90,90,90,90,90,90,90,90,90,85,85,85,85,85,85,85,85,85,85,85,85,85,85,85,85],"card_choices":[{"not_picked":["Sweeping Beam","Fusion","Compile Driver"],"picked":"SKIP","floor":1},{"not_picked":["Compile Driver","Tempest"],"picked":"Lockon","floor":5},{"not_picked":["Beam Cell","Barrage"],"picked":"Conserve Battery","floor":7},{"not_picked":["Sweeping Beam","Barrage"],"picked":"Loop","floor":8},{"not_picked":["Go for the Eyes","Auto Shields"],"picked":"Coolheaded","floor":10},{"not_picked":["Conserve Battery","Hello World"],"picked":"Ball Lightning","floor":11},{"not_picked":["Ball Lightning","Beam Cell"],"picked":"Buffer","floor":14},{"not_picked":["All For One","Amplify"],"picked":"Reboot","floor":16},{"not_picked":["Stack","Gash","Compile Driver"],"picked":"SKIP","floor":18},{"not_picked":["Chaos","Compile Driver"],"picked":"Conserve Battery+1","floor":22},{"not_picked":["Sweeping Beam","Gash","Conserve Battery"],"picked":"SKIP","floor":27},{"not_picked":["Beam Cell+1","Lockon"],"picked":"Conserve Battery+1","floor":28},{"not_picked":["Biased Cognition","Buffer"],"picked":"Electrodynamics","floor":33},{"not_picked":[],"picked":"Streamline+1","floor":35},{"not_picked":[],"picked":"Violence","floor":37},{"not_picked":[],"picked":"Redo+1","floor":45},{"not_picked":["Sweeping Beam+1"],"picked":"SKIP","floor":47},{"not_picked":[],"picked":"Ball Lightning+1","floor":48}],"player_experience":162423,"relics_obtained":[{"floor":7,"key":"Regal Pillow"},{"floor":9,"key":"Mummified Hand"},{"floor":11,"key":"Pear"},{"floor":14,"key":"Pantograph"},{"floor":26,"key":"MawBank"},{"floor":27,"key":"Shuriken"},{"floor":43,"key":"Molten Egg 2"}],"event_choices":[{"damage_healed":0,"gold_gain":75,"player_choice":"Gather Gold","damage_taken":11,"max_hp_gain":0,"max_hp_loss":0,"event_name":"World of Goop","floor":2,"gold_loss":0},{"cards_removed":["Strike_B"],"damage_healed":0,"gold_gain":0,"player_choice":"Forget","damage_taken":0,"max_hp_gain":0,"max_hp_loss":0,"event_name":"Living Wall","floor":4,"gold_loss":0},{"damage_healed":0,"gold_gain":0,"player_choice":"Got Potions","damage_taken":0,"max_hp_gain":0,"max_hp_loss":0,"event_name":"Lab","floor":12,"gold_loss":0},{"damage_healed":0,"gold_gain":0,"player_choice":"Shed Blood","damage_taken":21,"max_hp_gain":5,"max_hp_loss":0,"event_name":"Forgotten Altar","floor":19,"gold_loss":0},{"damage_healed":0,"gold_gain":0,"player_choice":"Ignored","damage_taken":0,"max_hp_gain":0,"max_hp_loss":0,"event_name":"Vampires","floor":21,"gold_loss":0},{"damage_healed":0,"gold_gain":0,"player_choice":"Read","damage_taken":0,"max_hp_gain":0,"max_hp_loss":0,"event_name":"The Library","floor":24,"gold_loss":0,"cards_obtained":["Defragment"]},{"damage_healed":0,"gold_gain":0,"player_choice":"Ignored","damage_taken":0,"max_hp_gain":0,"max_hp_loss":0,"event_name":"Ghosts","floor":29,"gold_loss":0},{"cards_removed":["Strike_B"],"damage_healed":0,"gold_gain":0,"player_choice":"Elegance","damage_taken":0,"max_hp_gain":0,"max_hp_loss":0,"event_name":"Back to Basics","floor":30,"gold_loss":0},{"damage_healed":0,"gold_gain":0,"player_choice":"Max HP","damage_taken":0,"max_hp_gain":0,"max_hp_loss":5,"event_name":"Winding Halls","floor":36,"gold_loss":0},{"damage_healed":0,"gold_gain":0,"player_choice":"Memory 1","damage_taken":0,"max_hp_gain":0,"max_hp_loss":0,"event_name":"SensoryStone","floor":37,"gold_loss":0},{"damage_healed":0,"gold_gain":0,"player_choice":"Ignored","damage_taken":0,"max_hp_gain":0,"max_hp_loss":0,"event_name":"Mysterious Sphere","floor":38,"gold_loss":0},{"damage_healed":0,"gold_gain":0,"player_choice":"Ignored","damage_taken":0,"max_hp_gain":0,"max_hp_loss":0,"event_name":"Tomb of Lord Red Mask","floor":39,"gold_loss":0},{"damage_healed":0,"gold_gain":0,"player_choice":"Ignored","damage_taken":0,"max_hp_gain":0,"max_hp_loss":0,"event_name":"NoteForYourself","floor":42,"gold_loss":0}],"is_beta":false,"boss_relics":[{"not_picked":["Cursed Key","Nuclear Battery"],"picked":"Empty Cage"},{"not_picked":["Fusion Hammer","Velvet Choker"],"picked":"Busted Crown"}],"items_purged_floors":[13,31,41,46],"is_endless":false,"potions_floor_spawned":[7,8,10,11,22,35,45],"killed_by":"Awakened One","ascension_level":0}}