{"host":"e1pm3b7xpcm97e5w","time":1612817561,"event":{"mods":["BaseMod","Better Skull","Googly Eyes","Minty Spire (QoL Compilation)","Relic Stats","Shop Mod","Spicy Shops","StSLib"],"gold_per_floor":[119,43,56,56,56,83,83,102,102,102,129,129,145,157,157,234,234,248,347,43,43,62,62,62,62,62,62,74,74,74],"floor_reached":29,"language":"ENG","playtime":973,"items_purged":["Strike_B"],"score":406,"play_id":"8497d8ca-4cf8-4c33-a4b4-12270018d3e4","local_time":"20210208155241","is_ascension_mode":true,"campfire_choices":[{"data":"Zap","floor":7,"key":"SMITH"},{"floor":10,"key":"REST"},{"floor":15,"key":"REST"},{"floor":23,"key":"REST"},{"floor":25,"key":"DIG"},{"floor":27,"key":"DIG"}],"circlet_count":0,"master_deck":["AscendersBane","Strike_B","Strike_B","Defend_B","Defend_B","Defend_B","Defend_B","Zap+1","Dualcast","Barrage","Sweeping Beam","Static Discharge","Meteor Strike","Conserve Battery","Biased Cognition","Hello World","Cold Snap","Redo","Hologram","Echo Form","CurseOfTheBell","Defragment","Capacitor","Writhe","Coolheaded+1","Self Repair+1"],"relics":["Cracked Core","Prayer Wheel","Shovel","Singing Bowl","Peace Pipe","Calling Bell","Juzu Bracelet","Blue Candle","Mango","Frozen Eye","Regal Pillow","Bottled Tornado","The Courier","HornCleat"],"acts_visited":["Exordium","TheCity"],"potions_floor_usage":[6,14,16,28],"damage_taken":[{"damage":2,"enemies":"Jaw Worm","floor":1,"turns":3},{"damage":1,"enemies":"Cultist","floor":3,"turns":3},{"damage":31,"enemies":"Gremlin Nob","floor":6,"turns":4},{"damage":5,"enemies":"Small Slimes","floor":8,"turns":3},{"damage":21,"enemies":"Lagavulin","floor":11,"turns":5},{"damage":12,"enemies":"3 Louse","floor":13,"turns":4},{"damage":0,"enemies":"Large Slime","floor":14,"turns":4},{"damage":35,"enemies":"The Guardian","floor":16,"turns":10},{"damage":32,"enemies":"2 Thieves","floor":18,"turns":4},{"damage":30,"enemies":"Spheric Guardian","floor":22,"turns":5},{"damage":28,"enemies":"Centurion and Healer","floor":28,"turns":10},{"damage":36,"enemies":"Gremlin Leader","floor":29,"turns":4}],"seed_played":"2181509509732471268","potions_obtained":[{"floor":0,"key":"PowerPotion"},{"floor":0,"key":"EssenceOfDarkness"},{"floor":6,"key":"SteroidPotion"},{"floor":12,"key":"SneckoOil"},{"floor":14,"key":"GamblersBrew"},{"floor":22,"key":"ColorlessPotion"}],"is_trial":false,"path_per_floor":["M","$","M","$","?","E","R","M","T","R","E","?","M","M","R","B",null,"M","?","$","?","M","R","?","R","T","R","M","E"],"character_chosen":"DEFECT","items_purchased":["Prayer Wheel","Capacitor","Frozen Eye"],"campfire_rested":3,"item_purchase_floors":[2,20,20],"current_hp_per_floor":[66,66,65,65,65,34,34,29,29,51,30,30,20,22,45,10,76,46,46,46,46,18,62,62,62,62,62,36,0,0],"gold":74,"neow_bonus":"THREE_SMALL_POTIONS","is_daily":false,"chose_seed":false,"campfire_upgraded":1,"win_rate":0.0,"timestamp":1612817561,"path_taken":["M","$","M","$","?","E","R","?","T","R","E","?","M","?","R","BOSS","M","?","$","?","M","R","?","R","T","R","M","E"],"items_purchased_type":["Relic","Card","Relic"],"build_version":"2020-12-22","purchased_purges":1,"victory":false,"max_hp_per_floor":[75,75,75,75,75,75,75,75,75,75,75,75,77,79,79,79,93,95,95,95,95,97,97,97,97,97,97,99,99,99],"relic_stats":{"Peace Pipe":0,"Regal Pillow":15,"Shovel":2,"Singing Bowl":10,"counters":[12,59],"Blue Candle":[5],"Prayer Wheel":7,"Juzu Bracelet":0,"obtain_stats":[{"Regal Pillow":21,"Singing Bowl":9,"Blue Candle":17,"Mango":17,"The Courier":26,"Juzu Bracelet":17,"Bottled Tornado":25,"Peace Pipe":11,"Calling Bell":17,"Frozen Eye":20,"Shovel":6,"HornCleat":27,"Prayer Wheel":2,"Cracked Core":0},{"Regal Pillow":9,"Singing Bowl":4,"Blue Candle":8,"Mango":8,"The Courier":10,"Juzu Bracelet":8,"Bottled Tornado":10,"Peace Pipe":5,"Calling Bell":8,"Frozen Eye":9,"Shovel":3,"HornCleat":10,"Prayer Wheel":1,"Cracked Core":0},{"Regal Pillow":40,"Singing Bowl":13,"Blue Candle":36,"Mango":36,"The Courier":45,"Juzu Bracelet":36,"Bottled Tornado":45,"Peace Pipe":18,"Calling Bell":36,"Frozen Eye":40,"Shovel":10,"HornCleat":45,"Prayer Wheel":3,"Cracked Core":0}]},"card_choices":[{"not_picked":["Turbo","Steam Power"],"picked":"Barrage","floor":1},{"not_picked":["Turbo","Gash"],"picked":"Sweeping Beam","floor":3},{"not_picked":["Go for the Eyes","Blizzard"],"picked":"Static Discharge","floor":3},{"not_picked":["Storm","FTL"],"picked":"Conserve Battery","floor":6},{"not_picked":["Lockon","Consume"],"picked":"Biased Cognition","floor":8},{"not_picked":["Force Field","Undo"],"picked":"Hello World","floor":8},{"not_picked":["Compile Driver","Go for the Eyes"],"picked":"Cold Snap","floor":11},{"not_picked":["Storm","FTL"],"picked":"Redo","floor":13},{"not_picked":["Compile Driver","Rip and Tear","Tempest"],"picked":"Singing Bowl","floor":13},{"not_picked":["Lockon","Blizzard","Stack"],"picked":"Singing Bowl","floor":14},{"not_picked":["Go for the Eyes","Turbo"],"picked":"Hologram","floor":14},{"not_picked":["Seek","Fission"],"picked":"Echo Form","floor":16},{"not_picked":["Hologram","Barrage"],"picked":"Defragment","floor":18},{"not_picked":["Sunder","Lockon","Rebound"],"picked":"Singing Bowl","floor":18},{"not_picked":["Steam","Stack","Barrage"],"picked":"Singing Bowl","floor":22},{"not_picked":["Ball Lightning","Steam"],"picked":"Coolheaded+1","floor":22},{"not_picked":["Streamline","Barrage","Sweeping Beam"],"picked":"Singing Bowl","floor":28},{"not_picked":["Go for the Eyes","Streamline"],"picked":"Self Repair+1","floor":28}],"player_experience":716658,"relics_obtained":[{"floor":6,"key":"Shovel"},{"floor":9,"key":"Singing Bowl"},{"floor":11,"key":"Peace Pipe"},{"floor":17,"key":"Juzu Bracelet"},{"floor":17,"key":"Blue Candle"},{"floor":17,"key":"Mango"},{"floor":25,"key":"Bottled Tornado"},{"floor":26,"key":"The Courier"},{"floor":27,"key":"HornCleat"}],"event_choices":[{"damage_healed":0,"gold_gain":0,"cards_transformed":["Strike_B"],"player_choice":"Transformed","damage_taken":0,"max_hp_gain":0,"max_hp_loss":0,"event_name":"Transmorgrifier","floor":5,"gold_loss":0,"cards_obtained":["Meteor Strike"]},{"damage_healed":0,"gold_gain":0,"player_choice":"Got Potions","damage_taken":0,"max_hp_gain":0,"max_hp_loss":0,"event_name":"Lab","floor":12,"gold_loss":0},{"damage_healed":0,"gold_gain":99,"player_choice":"Stole From Cult","damage_taken":0,"max_hp_gain":0,"max_hp_loss":0,"event_name":"Nest","floor":19,"gold_loss":0},{"damage_healed":0,"gold_gain":0,"player_choice":"Opened","damage_taken":0,"relics_obtained":["Regal Pillow"],"max_hp_gain":0,"max_hp_loss":0,"event_name":"The Mausoleum","floor":21,"gold_loss":0,"cards_obtained":["Writhe"]},{"damage_healed":0,"gold_gain":0,"player_choice":"Ignored","damage_taken":0,"max_hp_gain":0,"max_hp_loss":0,"event_name":"Ghosts","floor":24,"gold_loss":0}],"is_beta":false,"boss_relics":[{"not_picked":["Tiny House","Black Star"],"picked":"Calling Bell"}],"items_purged_floors":[20],"is_endless":false,"potions_floor_spawned":[3,6,11,14,22],"killed_by":"Gremlin Leader","ascension_level":13}}