{"host":"p7cjtxxrilhp4dw7","time":1612821888,"event":{"mods":["BaseMod","Block Reminder","Colored Map","Curses Come First","Highlight Path","Minty Spire (QoL Compilation)","Replay The Spire","StSLib","The Hierophant"],"gold_per_floor":[114,114,324,338,194,194,228,238,238,238,238,273,291,303,303,398,398,411,106,124,142,142,142,142,175,175,175,186,197,209,242,242,242,242],"floor_reached":33,"language":"ENG","playtime":2773,"items_purged":[],"score":475,"play_id":"424968d5-3a7a-404a-818e-c561f2337c86","local_time":"20210208150448","is_ascension_mode":true,"campfire_choices":[{"data":"Chaos","floor":6,"key":"SMITH"},{"floor":10,"key":"REST"},{"floor":15,"key":"REST"},{"floor":23,"key":"REST"},{"floor":32,"key":"REST"}],"circlet_count":0,"master_deck":["AscendersBane","Strike_B+1","Strike_B+1","Strike_B","Strike_B","Defend_B","Defend_B","Defend_B","Defend_B+1","Zap+1","Dualcast","Panic Button","Chaos+1","Self Repair","Defragment","Cold Snap","Cold Snap","Conserve Battery","Core Surge+1","Rebound+1","Mirror Shield+1","Sweeping Beam","Darkness+1","Doom and Gloom","Glacier","Ball Lightning","ReplayRNGCard"],"relics":["Cracked Core","Whetstone","Symbiotic Virus","Carrot","Replay:Mystery Machine","Ring of Chaos","Guide Book","Unceasing Top","Replay:Bottled Steam","The Courier"],"acts_visited":["Exordium","TheCity"],"potions_floor_usage":[12,14,25,29,31,31],"damage_taken":[{"damage":0,"enemies":"2 Louse","floor":1,"turns":1},{"damage":0,"enemies":"Jaw Worm","floor":4,"turns":3},{"damage":42,"enemies":"Gremlin Nob","floor":7,"turns":4},{"damage":0,"enemies":"Small Slimes","floor":8,"turns":2},{"damage":25,"enemies":"3 Sentries","floor":12,"turns":9},{"damage":0,"enemies":"Exordium Wildlife","floor":13,"turns":2},{"damage":0,"enemies":"Lots of Slimes","floor":14,"turns":2},{"damage":54,"enemies":"Fading Forest","floor":16,"turns":11},{"damage":16,"enemies":"2 Thieves","floor":18,"turns":4},{"damage":2,"enemies":"3 Byrds","floor":20,"turns":5},{"damage":19,"enemies":"Centurion and Healer","floor":21,"turns":6},{"damage":7,"enemies":"Book of Stabbing","floor":25,"turns":4},{"damage":24,"enemies":"Shelled Parasite and Fungi","floor":28,"turns":4},{"damage":24,"enemies":"Snake Plant","floor":29,"turns":3},{"damage":18,"enemies":"Chosen and Byrds","floor":30,"turns":3},{"damage":13,"enemies":"Replay:Snechameleon","floor":31,"turns":4},{"damage":42,"enemies":"Automaton","floor":33,"turns":6}],"seed_played":"-6129492175617792097","potions_obtained":[{"floor":8,"key":"ColorlessPotion"},{"floor":13,"key":"Explosive Potion"},{"floor":16,"key":"PowerPotion"},{"floor":21,"key":"Toxic Potion"},{"floor":28,"key":"ColorlessPotion"},{"floor":30,"key":"Explosive Potion"}],"is_trial":false,"path_per_floor":["M","?","?","M","$","R","E","M","T","R","?","E","M","M","R","B",null,"M","$","M","M","?","R","?","E","T","?","M","M","M","E","R","B"],"character_chosen":"DEFECT","items_purchased":["Whetstone","Mirror Shield","Guide Book"],"campfire_rested":4,"item_purchase_floors":[5,19,19],"current_hp_per_floor":[68,68,68,68,68,68,33,40,40,62,55,44,44,44,66,25,63,54,54,59,47,47,69,69,69,69,69,52,35,17,4,26,0,0],"gold":242,"neow_bonus":"UPGRADE_CARD","is_daily":false,"chose_seed":false,"campfire_upgraded":1,"win_rate":0.0,"timestamp":1612821888,"path_taken":["M","?","?","M","$","R","E","M","T","R","?","E","M","?","R","BOSS","M","?","?","M","?","R","?","E","T","?","?","M","?","E","R","BOSS"],"items_purchased_type":["Relic","Card","Relic"],"build_version":"2020-12-22","purchased_purges":0,"victory":false,"max_hp_per_floor":[75,75,75,75,75,75,75,75,75,75,75,75,75,75,75,75,75,75,75,75,75,75,75,75,75,75,75,75,75,75,75,75,75,75],"card_choices":[{"not_picked":["Redo","Steam Power"],"picked":"Panic Button","floor":1},{"not_picked":["Rebound","Coolheaded"],"picked":"Chaos","floor":3},{"not_picked":["Crystallizer","Coolheaded"],"picked":"Self Repair","floor":4},{"not_picked":["Panic Button","ReplayTheSpireMod:GoodbyeWorld"],"picked":"Defragment","floor":7},{"not_picked":["Turbo","Go for the Eyes"],"picked":"Cold Snap","floor":8},{"not_picked":["Aggregate","Amplify"],"picked":"Cold Snap","floor":12},{"not_picked":["Panic Button","Compile Driver","Steam"],"picked":"SKIP","floor":13},{"not_picked":["Hologram","Defragment"],"picked":"Conserve Battery","floor":14},{"not_picked":["All For One","ReplayTheSpireMod:Fabricate Wheel"],"picked":"Core Surge","floor":16},{"not_picked":["Panic Button","Hologram"],"picked":"Rebound+1","floor":18},{"not_picked":["Storm+1","Beam Cell"],"picked":"Sweeping Beam","floor":20},{"not_picked":["Steam Power","Rebound"],"picked":"Darkness+1","floor":21},{"not_picked":["Gash","Sweeping Beam"],"picked":"Doom and Gloom","floor":25},{"not_picked":["Rebound+1","Blizzard+1"],"picked":"Glacier","floor":28},{"not_picked":["Melter","Gash+1","Darkness"],"picked":"SKIP","floor":29},{"not_picked":["Redo","Coolheaded"],"picked":"Ball Lightning","floor":30},{"not_picked":["ReplayTheSpireMod:Repulse","Gash"],"picked":"ReplayRNGCard","floor":31}],"player_experience":691171,"relics_obtained":[{"floor":7,"key":"Symbiotic Virus"},{"floor":9,"key":"Carrot"},{"floor":12,"key":"Replay:Mystery Machine"},{"floor":25,"key":"Unceasing Top"},{"floor":26,"key":"Replay:Bottled Steam"},{"floor":31,"key":"The Courier"}],"event_choices":[{"cards_removed":["ReplayTheSpireMod:Splinters"],"damage_healed":0,"gold_gain":0,"player_choice":"Card Removal","damage_taken":7,"max_hp_gain":0,"max_hp_loss":0,"event_name":"Golden Wing","floor":11,"gold_loss":0},{"damage_healed":0,"gold_gain":0,"player_choice":"Ignored","damage_taken":0,"max_hp_gain":0,"max_hp_loss":0,"event_name":"Cursed Tome","floor":22,"gold_loss":0},{"damage_healed":0,"gold_gain":0,"player_choice":"Ignored","damage_taken":0,"max_hp_gain":0,"max_hp_loss":0,"event_name":"Transmorgrifier","floor":27,"gold_loss":0}],"is_beta":false,"boss_relics":[{"not_picked":["Pandora\u0027s Box","Runic Dome"],"picked":"Ring of Chaos"}],"items_purged_floors":[],"is_endless":false,"potions_floor_spawned":[8,13,16,21,28,30],"killed_by":"Automaton","ascension_level":12}}