{"host":"dth8fvkfiulu86fi","time":1612783334,"event":{"mods":["2.2 Compatiblity","AchievementEnabler","BaseMod","Better Third Choice","Colored Map","Colored Powertips","Minty Spire (QoL Compilation)","Rare Cards Sparkle","StSLib","SuperFastMode","Synergy Search"],"gold_per_floor":[114,129,129,129,204,204,16,54,54,54,73,20,39,58,58,183,183,202,221,135,154,4,4,4,4],"floor_reached":24,"language":"ENG","playtime":959,"items_purged":[],"score":221,"play_id":"58bd7519-bd95-4302-8cc8-cb4258ceeda8","local_time":"20210208122214","daily_mods":["Shiny","Green Cards","Terminal"],"is_ascension_mode":false,"campfire_choices":[{"floor":6,"key":"REST"},{"floor":15,"key":"REST"},{"floor":23,"key":"REST"}],"circlet_count":0,"master_deck":["Venomology","Corpse Explosion","Malaise","Phantasmal Killer+1","Die Die Die","Adrenaline","Envenom+1","Doppelganger","Burst","Wraith Form v2","Tools of the Trade","Night Terror","Unload","After Image","Bullet Time","Storm of Steel","Glass Knife","A Thousand Cuts","Grand Finale","Judgement+1","ConjureBlade","MasterReality","Brilliance","Devotion","Blasphemy","Ragnarok","LessonLearned","Scrawl","Vault","Alpha","Wish","Omniscience","Establishment","SpiritShield","DevaForm","DeusExMachina","Endless Agony","Distraction","Leg Sweep","Deflect","Slice","Glass Knife","FollowUp+1","Dramatic Entrance","FlurryOfBlows"],"relics":["PureWater","Ancient Tea Set","Golden Idol","PreservedInsect","Pen Nib","Oddly Smooth Stone","Black Star","Blood Vial"],"acts_visited":["Exordium","TheCity"],"potions_floor_usage":[8,16,16,19,21],"damage_taken":[{"damage":3,"enemies":"Small Slimes","floor":1,"turns":3},{"damage":0,"enemies":"2 Louse","floor":2,"turns":3},{"damage":4,"enemies":"3 Sentries","floor":8,"turns":3},{"damage":6,"enemies":"Jaw Worm","floor":11,"turns":2},{"damage":3,"enemies":"Gremlin Gang","floor":13,"turns":4},{"damage":7,"enemies":"Large Slime","floor":14,"turns":4},{"damage":19,"enemies":"Hexaghost","floor":16,"turns":11},{"damage":9,"enemies":"Chosen","floor":18,"turns":5},{"damage":18,"enemies":"3 Byrds","floor":19,"turns":3},{"damage":22,"enemies":"Centurion and Healer","floor":21,"turns":4},{"damage":27,"enemies":"Slavers","floor":24,"turns":1}],"seed_played":"-2425098010432476902","potions_obtained":[{"floor":1,"key":"ColorlessPotion"},{"floor":13,"key":"Dexterity Potion"}],"is_trial":false,"path_per_floor":["M","M","?","?","?","R","$","E","T","?","M","$","M","M","R","B",null,"M","M","$","M","$","R","E"],"character_chosen":"WATCHER","items_purchased":["PreservedInsect","Leg Sweep","Deflect","Dramatic Entrance","Blood Vial"],"campfire_rested":3,"item_purchase_floors":[7,7,12,20,22],"current_hp_per_floor":[68,68,45,28,17,36,36,32,32,52,46,46,43,36,53,34,54,45,27,27,5,5,19,0,0],"gold":4,"neow_bonus":"","is_daily":true,"chose_seed":false,"campfire_upgraded":0,"win_rate":0.0,"timestamp":1612783334,"path_taken":["M","M","?","?","?","R","$","E","T","?","M","$","?","M","R","BOSS","M","M","$","M","$","R","E"],"items_purchased_type":["Relic","Card","Card","Card","Relic"],"build_version":"2020-12-22","purchased_purges":0,"victory":false,"max_hp_per_floor":[70,69,68,67,66,65,64,63,62,61,60,59,58,57,56,55,54,53,52,51,50,49,48,48,48],"card_choices":[{"not_picked":["Caltrops","FlyingSleeves"],"picked":"Endless Agony","floor":1},{"not_picked":["Cloak And Dagger","LikeWater","PathToVictory"],"picked":"SKIP","floor":2},{"not_picked":["FollowUp","Distraction","ReachHeaven"],"picked":"SKIP","floor":8},{"not_picked":["Reflex","Halt","Prepared"],"picked":"SKIP","floor":11},{"not_picked":["CutThroughFate","WreathOfFlame","Tactician"],"picked":"SKIP","floor":13},{"not_picked":["Cloak And Dagger","Choke"],"picked":"Slice","floor":14},{"not_picked":["Establishment","Scrawl"],"picked":"Glass Knife","floor":16},{"not_picked":["Outmaneuver","Crippling Poison","Collect"],"picked":"SKIP","floor":18},{"not_picked":["Protect","Prepared"],"picked":"FollowUp+1","floor":19},{"not_picked":["Burst","Prostrate"],"picked":"FlurryOfBlows","floor":21}],"player_experience":1172082,"relics_obtained":[{"floor":8,"key":"Pen Nib"},{"floor":9,"key":"Oddly Smooth Stone"}],"event_choices":[{"damage_healed":0,"gold_gain":0,"player_choice":"Take Damage","damage_taken":17,"relics_obtained":["Golden Idol"],"max_hp_gain":0,"max_hp_loss":0,"event_name":"Golden Idol","floor":4,"gold_loss":0},{"damage_healed":0,"gold_gain":75,"player_choice":"Gold","damage_taken":11,"max_hp_gain":0,"max_hp_loss":0,"event_name":"betterThird:BetterGoop","floor":5,"gold_loss":0},{"damage_healed":20,"gold_gain":0,"player_choice":"Banana","damage_taken":0,"max_hp_gain":0,"max_hp_loss":0,"event_name":"Big Fish","floor":10,"gold_loss":0}],"is_beta":false,"boss_relics":[{"not_picked":["Cursed Key","Ectoplasm"],"picked":"Black Star"}],"items_purged_floors":[],"is_endless":false,"potions_floor_spawned":[1,13],"killed_by":"Slavers","ascension_level":0}}