{"host":"0u8wq8q0l49hd262","time":1612810404,"event":{"mods":["2.2 Compatiblity","AchievementEnabler","Act Like it!","BaseMod","Better Note","Better Third Choice","Block Reminder","Colored Map","Colored Powertips","GifTheSpireLib","Highlight Path","Minty Spire (QoL Compilation)","Pale of the Ancients","Permanent Neow","Quick Restart","Rare Cards Sparkle","Relic Sorter","Relic Stats","StSLib","Transform Curses","egg","everything is the same but u backflip on backflip"],"gold_per_floor":[114,114,126,145,157,157,189,199,273,304,323,323,323,222,222,341,341,364,387,287,307,323,323,323],"floor_reached":23,"language":"ENG","playtime":1627,"items_purged":["Defend_G","Strike_G"],"score":256,"play_id":"4ecc79ef-53da-402c-8a75-fb33d93e6d54","local_time":"20210208195324","is_ascension_mode":true,"campfire_choices":[{"data":"Bane","floor":6,"key":"SMITH"},{"floor":15,"key":"REST"}],"circlet_count":0,"master_deck":["Strike_G","Strike_G","Strike_G","Defend_G","Defend_G","Defend_G","Defend_G","Survivor","Neutralize","Poisoned Stab","Bane+1","Crippling Poison","Outmaneuver","Bullet Time","Escape Plan","Acrobatics","Deadly Poison","Adrenaline","Deadly Poison"],"relics":["Ring of the Snake","Akabeko","Vajra","Molten Egg 2","Thread and Needle","Golden Idol","Sozu"],"acts_visited":["Exordium","TheCity"],"potions_floor_usage":[18],"damage_taken":[{"damage":2,"enemies":"2 Louse","floor":1,"turns":3},{"damage":0,"enemies":"Cultist","floor":3,"turns":3},{"damage":0,"enemies":"Small Slimes","floor":4,"turns":3},{"damage":0,"enemies":"Looter","floor":5,"turns":3},{"damage":26,"enemies":"Lagavulin","floor":7,"turns":6},{"damage":16,"enemies":"Large Slime","floor":8,"turns":5},{"damage":21,"enemies":"3 Sentries","floor":10,"turns":12},{"damage":0,"enemies":"3 Louse","floor":11,"turns":2},{"damage":21,"enemies":"The Guardian","floor":16,"turns":10},{"damage":0,"enemies":"Shell Parasite","floor":18,"turns":3},{"damage":4,"enemies":"2 Thieves","floor":19,"turns":4},{"damage":8,"enemies":"Snake Plant","floor":21,"turns":3},{"damage":7,"enemies":"Centurion and Healer","floor":22,"turns":6},{"damage":32,"enemies":"Slavers","floor":23,"turns":5}],"seed_played":"-6375911708275142440","potions_obtained":[{"floor":3,"key":"Dexterity Potion"},{"floor":4,"key":"LiquidMemories"},{"floor":5,"key":"CultistPotion"},{"floor":16,"key":"Explosive Potion"}],"is_trial":false,"path_per_floor":["M","?","M","M","M","R","E","M","T","E","M","?","?","$","R","B",null,"M","M","$","M","M","E"],"character_chosen":"THE_SILENT","items_purchased":["Deadly Poison"],"campfire_rested":1,"item_purchase_floors":[14],"current_hp_per_floor":[68,68,68,68,68,68,42,26,26,5,5,5,5,5,24,3,50,50,46,46,38,31,0,0],"gold":323,"neow_bonus":"RANDOM_COMMON_RELIC","is_daily":false,"chose_seed":false,"campfire_upgraded":1,"win_rate":0.0,"timestamp":1612810404,"path_taken":["M","?","M","?","M","R","E","M","T","E","M","?","?","$","R","BOSS","M","M","$","M","M","E"],"items_purchased_type":["Card"],"build_version":"2020-12-22","purchased_purges":2,"victory":false,"max_hp_per_floor":[70,70,70,70,70,70,70,70,70,70,70,70,65,65,65,65,65,65,65,65,65,65,65,65],"relic_stats":{"Sozu":1,"counters":[14,68],"Golden Idol":41,"obtain_stats":[{"Sozu":17,"Golden Idol":13,"Vajra":0,"Molten Egg 2":9,"Thread and Needle":10,"Akabeko":7,"Ring of the Snake":0},{"Sozu":9,"Golden Idol":8,"Vajra":0,"Molten Egg 2":6,"Thread and Needle":7,"Akabeko":5,"Ring of the Snake":0},{"Sozu":47,"Golden Idol":37,"Vajra":0,"Molten Egg 2":23,"Thread and Needle":35,"Akabeko":18,"Ring of the Snake":0}],"Ring of the Snake":[28]},"card_choices":[{"not_picked":["Dagger Spray","Slice"],"picked":"Poisoned Stab","floor":1},{"not_picked":["Quick Slash","Sucker Punch"],"picked":"Bane","floor":3},{"not_picked":["Underhanded Strike","Tactician"],"picked":"Crippling Poison","floor":4},{"not_picked":["Sucker Punch","All Out Attack"],"picked":"Outmaneuver","floor":5},{"not_picked":["Terror","Outmaneuver"],"picked":"Bullet Time","floor":7},{"not_picked":["Cloak And Dagger","Masterful Stab","Blade Dance"],"picked":"SKIP","floor":8},{"not_picked":["Dagger Throw+1","Calculated Gamble"],"picked":"Escape Plan","floor":10},{"not_picked":["Quick Slash+1","Dodge and Roll"],"picked":"Acrobatics","floor":11},{"not_picked":["Tools of the Trade","Burst"],"picked":"Adrenaline","floor":16},{"not_picked":["Setup+1","Crippling Poison","Outmaneuver"],"picked":"SKIP","floor":18},{"not_picked":["Choke+1","Poisoned Stab+1","Masterful Stab+1"],"picked":"SKIP","floor":19},{"not_picked":["Well Laid Plans","Flying Knee+1","Eviscerate+1"],"picked":"SKIP","floor":21},{"not_picked":["Deflect","All Out Attack+1"],"picked":"Deadly Poison","floor":22}],"player_experience":404602,"relics_obtained":[{"floor":7,"key":"Akabeko"},{"floor":9,"key":"Molten Egg 2"},{"floor":10,"key":"Thread and Needle"}],"event_choices":[{"damage_healed":0,"gold_gain":0,"player_choice":"Bought 0 Potions","damage_taken":0,"max_hp_gain":0,"max_hp_loss":0,"event_name":"The Woman in Blue","floor":2,"gold_loss":0},{"cards_removed":["Strike_G"],"damage_healed":0,"gold_gain":0,"player_choice":"Forget","damage_taken":0,"max_hp_gain":0,"max_hp_loss":0,"event_name":"Living Wall","floor":12,"gold_loss":0},{"damage_healed":0,"gold_gain":0,"player_choice":"Lose Max HP","damage_taken":0,"relics_obtained":["Golden Idol"],"max_hp_gain":0,"max_hp_loss":5,"event_name":"Golden Idol","floor":13,"gold_loss":0}],"is_beta":false,"boss_relics":[{"not_picked":["Cursed Key","HoveringKite"],"picked":"Sozu"}],"items_purged_floors":[14,20],"is_endless":false,"potions_floor_spawned":[3,4,5,11,16,22],"killed_by":"Slavers","ascension_level":5}}