{"host":"clgpak7dimivr1r3","time":1612803869,"event":{"mods":["BaseMod","Colored Map","Colored Powertips","Curses Come First","Minty Spire (QoL Compilation)","Relic Stats","Say the Spire","StSLib"],"gold_per_floor":[115,290,290,290,305,334,334,347,399,428,446,446,462,488,488,560,560,570,840,80,80,180,208,208,218,218,218,243,243,255,255,255],"floor_reached":31,"language":"ENG","playtime":1121,"items_purged":["Defend_R"],"score":562,"play_id":"2192d7bd-4315-45b3-8d54-474717e03c14","local_time":"20210208200429","is_ascension_mode":true,"campfire_choices":[{"data":"Carnage","floor":7,"key":"SMITH"},{"data":"True Grit","floor":15,"key":"SMITH"},{"data":"Deep Breath","floor":24,"key":"SMITH"},{"data":"Fire Breathing","floor":27,"key":"SMITH"},{"data":"Barricade","floor":29,"key":"SMITH"}],"circlet_count":0,"master_deck":["AscendersBane","Strike_R+1","Strike_R","Strike_R","Strike_R","Strike_R","Defend_R","Defend_R","Defend_R","Bash+1","Carnage+1","Shrug It Off","Ghostly Armor","Shrug It Off","Pommel Strike","Ghostly Armor","True Grit+1","Juggernaut","Iron Wave","Forethought","Deep Breath+1","Fire Breathing+1","Shame","Metallicize+1","Barricade+1"],"relics":["Burning Blood","NeowsBlessing","Strawberry","Happy Flower","Juzu Bracelet","Shuriken","Ancient Tea Set","Mark of Pain","Lee\u0027s Waffle","Singing Bowl","Letter Opener","Matryoshka","Question Card","Bottled Tornado","Pear","Boot"],"acts_visited":["Exordium","TheCity"],"potions_floor_usage":[10,16,16,23],"damage_taken":[{"damage":0,"enemies":"2 Louse","floor":1,"turns":1},{"damage":0,"enemies":"Jaw Worm","floor":5,"turns":1},{"damage":0,"enemies":"Gremlin Nob","floor":6,"turns":1},{"damage":0,"enemies":"Small Slimes","floor":8,"turns":3},{"damage":12,"enemies":"3 Sentries","floor":10,"turns":5},{"damage":1,"enemies":"Looter","floor":11,"turns":3},{"damage":4,"enemies":"2 Fungi Beasts","floor":13,"turns":3},{"damage":44,"enemies":"Lagavulin","floor":14,"turns":7},{"damage":31,"enemies":"Hexaghost","floor":16,"turns":15},{"damage":12,"enemies":"Chosen","floor":18,"turns":4},{"damage":44,"enemies":"Gremlin Leader","floor":23,"turns":9},{"damage":27,"enemies":"3 Byrds","floor":25,"turns":4},{"damage":12,"enemies":"Book of Stabbing","floor":28,"turns":5},{"damage":20,"enemies":"Snake Plant","floor":30,"turns":4},{"damage":25,"enemies":"Colosseum Slavers","floor":31,"turns":3}],"seed_played":"-2140837935412948498","potions_obtained":[{"floor":1,"key":"LiquidMemories"},{"floor":8,"key":"ColorlessPotion"},{"floor":14,"key":"FearPotion"},{"floor":23,"key":"Energy Potion"},{"floor":25,"key":"Strength Potion"}],"is_trial":false,"path_per_floor":["M","?","?","?","M","E","R","M","T","E","M","T","M","E","R","B",null,"M","?","$","?","?","E","R","M","T","R","E","R","M","?"],"character_chosen":"IRONCLAD","items_purchased":["Fire Breathing","Lee\u0027s Waffle","Singing Bowl","Letter Opener"],"campfire_rested":0,"item_purchase_floors":[20,20,20,20],"current_hp_per_floor":[74,74,67,52,58,71,71,77,77,71,76,76,78,40,40,15,65,59,13,89,89,89,51,51,32,42,42,36,36,24,0,0],"gold":255,"neow_bonus":"THREE_ENEMY_KILL","is_daily":false,"chose_seed":false,"campfire_upgraded":5,"win_rate":0.0,"timestamp":1612803869,"path_taken":["M","?","?","?","M","E","R","M","T","E","M","?","M","E","R","BOSS","M","?","$","?","?","E","R","M","T","R","E","R","M","?"],"items_purchased_type":["Card","Relic","Relic","Relic"],"build_version":"2020-12-22","purchased_purges":1,"victory":false,"max_hp_per_floor":[75,75,75,75,75,82,82,82,82,82,82,82,82,82,82,82,82,82,82,89,89,89,89,89,91,101,101,101,101,103,103,103],"relic_stats":{"Lee\u0027s Waffle":76,"Happy Flower":[20],"Singing Bowl":4,"counters":[15,68],"Shuriken":[5],"Juzu Bracelet":2,"Letter Opener":[51],"Question Card":3,"Boot":[1],"obtain_stats":[{"Lee\u0027s Waffle":20,"Pear":26,"NeowsBlessing":0,"Happy Flower":9,"Singing Bowl":20,"Juzu Bracelet":10,"Letter Opener":20,"Bottled Tornado":26,"Ancient Tea Set":14,"Question Card":23,"Boot":28,"Burning Blood":0,"Matryoshka":21,"Shuriken":12,"Strawberry":6,"Mark of Pain":17},{"Lee\u0027s Waffle":10,"Pear":12,"NeowsBlessing":0,"Happy Flower":4,"Singing Bowl":10,"Juzu Bracelet":5,"Letter Opener":10,"Bottled Tornado":12,"Ancient Tea Set":8,"Question Card":11,"Boot":13,"Burning Blood":0,"Matryoshka":10,"Shuriken":6,"Strawberry":3,"Mark of Pain":9},{"Lee\u0027s Waffle":43,"Pear":56,"NeowsBlessing":0,"Happy Flower":6,"Singing Bowl":43,"Juzu Bracelet":11,"Letter Opener":43,"Bottled Tornado":56,"Ancient Tea Set":24,"Question Card":52,"Boot":61,"Burning Blood":0,"Matryoshka":43,"Shuriken":14,"Strawberry":3,"Mark of Pain":39}],"Burning Blood":84},"card_choices":[{"not_picked":["Headbutt","Havoc"],"picked":"Carnage","floor":1},{"not_picked":["Flex","Cleave"],"picked":"Shrug It Off","floor":5},{"not_picked":["Rage","Armaments"],"picked":"Ghostly Armor","floor":6},{"not_picked":["Seeing Red","Thunderclap"],"picked":"Shrug It Off","floor":8},{"not_picked":["Perfected Strike","Rupture"],"picked":"Pommel Strike","floor":10},{"not_picked":["Burning Pact","Clash"],"picked":"Ghostly Armor","floor":11},{"not_picked":["Sever Soul","Intimidate"],"picked":"True Grit","floor":13},{"not_picked":["Battle Trance","Thunderclap","Twin Strike"],"picked":"SKIP","floor":14},{"not_picked":["Double Tap","Feed"],"picked":"Juggernaut","floor":16},{"not_picked":["Warcry","Cleave"],"picked":"Iron Wave","floor":18},{"not_picked":["Dropkick","Armaments"],"picked":"Metallicize+1","floor":23},{"not_picked":["Anger+1","Iron Wave","Havoc","Heavy Blade"],"picked":"Singing Bowl","floor":25},{"not_picked":["Sever Soul","True Grit","Disarm"],"picked":"Barricade","floor":28},{"not_picked":["Sword Boomerang","Reckless Charge","Sentinel+1","Warcry"],"picked":"Singing Bowl","floor":30}],"player_experience":131307,"relics_obtained":[{"floor":6,"key":"Strawberry"},{"floor":9,"key":"Happy Flower"},{"floor":10,"key":"Juzu Bracelet"},{"floor":12,"key":"Shuriken"},{"floor":14,"key":"Ancient Tea Set"},{"floor":23,"key":"Question Card"},{"floor":26,"key":"Bottled Tornado"},{"floor":26,"key":"Pear"},{"floor":28,"key":"Boot"}],"event_choices":[{"damage_healed":0,"gold_gain":175,"player_choice":"AGREE","damage_taken":0,"max_hp_gain":0,"max_hp_loss":0,"event_name":"Liars Game","floor":2,"gold_loss":0,"cards_obtained":["Doubt"]},{"cards_removed":["Doubt"],"damage_healed":0,"gold_gain":0,"player_choice":"Card Removal","damage_taken":7,"max_hp_gain":0,"max_hp_loss":0,"event_name":"Golden Wing","floor":3,"gold_loss":0},{"damage_healed":0,"gold_gain":0,"player_choice":"Entered Light","damage_taken":15,"max_hp_gain":0,"max_hp_loss":0,"event_name":"Shining Light","floor":4,"gold_loss":0,"cards_upgraded":["Bash","Strike_R"]},{"damage_healed":0,"gold_gain":270,"player_choice":"CARD GOLD CARD GOLD POTION GOLD ","damage_taken":46,"max_hp_gain":0,"max_hp_loss":0,"event_name":"Knowing Skull","floor":19,"potions_obtained":["SpeedPotion"],"gold_loss":0,"cards_obtained":["Forethought","Deep Breath"]},{"damage_healed":0,"gold_gain":0,"player_choice":"Stole Relic","damage_taken":0,"relics_obtained":["Matryoshka"],"max_hp_gain":0,"max_hp_loss":0,"event_name":"Addict","floor":21,"gold_loss":0,"cards_obtained":["Shame"]},{"damage_healed":0,"gold_gain":100,"player_choice":"Pray","damage_taken":0,"max_hp_gain":0,"max_hp_loss":0,"event_name":"Golden Shrine","floor":22,"gold_loss":0},{"damage_healed":0,"gold_gain":0,"player_choice":"Fight","damage_taken":0,"max_hp_gain":0,"max_hp_loss":0,"event_name":"Colosseum","floor":31,"gold_loss":0}],"is_beta":false,"boss_relics":[{"not_picked":["Black Blood","Snecko Eye"],"picked":"Mark of Pain"}],"items_purged_floors":[20],"is_endless":false,"potions_floor_spawned":[1,8,14,23,25],"killed_by":"Colosseum Slavers","ascension_level":14}}