{"host":"mhzgc0zma59jtmoj","time":1612805310,"event":{"mods":["BaseMod","BetterRewards","Custom Start","Fiend Mod","Glutton Mod","Ironclad Rager","Minty Spire (QoL Compilation)","Replay The Spire","Somnambulant","StSLib","The Cursed","The Hierophant","The Jungle","The Marked","The Necromancer"],"gold_per_floor":[113,113,288,306,326,352,62,94,117,130,130,161,161,173,173,270,270,210,228,240,165,165,165],"floor_reached":22,"language":"ENG","playtime":1234,"items_purged":[],"score":204,"play_id":"56fe1904-d0c1-4ce1-a980-3a516b478059","local_time":"20210208122830","is_ascension_mode":false,"campfire_choices":[{"floor":11,"key":"REST"},{"floor":13,"key":"REST"}],"circlet_count":0,"master_deck":["Survivor","Neutralize","ICR:VenomStrike","ICR:VenomStrike","ICR:Dodge","ICR:Dodge","ICR:Dodge","ICR:Dodge","Doubt","Caltrops+1","Crippling Poison","Adrenaline","Terror","Caltrops","Poisoned Stab+1","Doppelganger+1","Riddle With Holes","Dagger Spray","ReplayTheSpireMod:Speed Training"],"relics":["Ring of the Snake","Omamori","Tough Bandages","ReplayFunnel","Torii","Astrolabe"],"acts_visited":["Exordium","TheCity"],"potions_floor_usage":[6,8,16],"damage_taken":[{"damage":2,"enemies":"Small Slimes","floor":1,"turns":4},{"damage":13,"enemies":"Jaw Worm","floor":4,"turns":6},{"damage":0,"enemies":"2 Louse","floor":5,"turns":2},{"damage":33,"enemies":"Gremlin Nob","floor":6,"turns":6},{"damage":18,"enemies":"Replay:BlueRogue","floor":8,"turns":9},{"damage":0,"enemies":"Looter","floor":10,"turns":4},{"damage":14,"enemies":"3 Sentries","floor":12,"turns":13},{"damage":3,"enemies":"3 Louse","floor":14,"turns":3},{"damage":10,"enemies":"Hexaghost","floor":16,"turns":10},{"damage":14,"enemies":"2 Thieves","floor":18,"turns":4},{"damage":12,"enemies":"3 Byrds","floor":19,"turns":3},{"damage":37,"enemies":"Sentry and Sphere","floor":20,"turns":6}],"seed_played":"-8365970789355565326","potions_obtained":[{"floor":5,"key":"CultistPotion"},{"floor":6,"key":"Strength Potion"},{"floor":14,"key":"Block Potion"}],"is_trial":false,"path_per_floor":["M","?","?","M","M","E","$","E","T","M","R","E","R","M","R","B",null,"M","M","M","?","?"],"character_chosen":"THE_SILENT","items_purchased":["Tough Bandages"],"campfire_rested":2,"item_purchase_floors":[7],"current_hp_per_floor":[68,68,68,55,55,22,22,4,4,4,25,11,32,29,50,40,70,56,44,7,7,0,0],"gold":165,"neow_bonus":"SILENT_POISONER","is_daily":false,"chose_seed":false,"campfire_upgraded":0,"win_rate":0.0,"timestamp":1612805310,"path_taken":["M","?","?","M","M","E","?","E","T","M","R","E","R","M","R","BOSS","M","M","M","?","?"],"items_purchased_type":["Relic"],"build_version":"2020-12-22","purchased_purges":0,"victory":false,"max_hp_per_floor":[70,70,70,70,70,70,70,70,70,70,70,70,70,70,70,70,70,70,70,70,70,70,70],"card_choices":[{"not_picked":["Slice","Outmaneuver","Sucker Punch"],"picked":"SKIP","floor":1},{"not_picked":["Flechettes","Acrobatics"],"picked":"Caltrops","floor":4},{"not_picked":["Prepared","Quick Slash"],"picked":"Crippling Poison","floor":5},{"not_picked":["ReplayTheSpireMod:Necrosis","Quick Slash","Blade Dance"],"picked":"SKIP","floor":6},{"not_picked":["Well Laid Plans","Masterful Stab"],"picked":"Adrenaline","floor":8},{"not_picked":["Fluid Movement","Replay:Poison Smokescreen"],"picked":"Terror","floor":10},{"not_picked":["Toxin Wave","Malaise"],"picked":"Caltrops","floor":12},{"not_picked":["Dagger Throw","Prepared","ReplayTheSpireMod:The Works"],"picked":"SKIP","floor":14},{"not_picked":["Heel Hook","Underhanded Strike"],"picked":"Riddle With Holes","floor":18},{"not_picked":["Acrobatics","Deflect+1"],"picked":"Dagger Spray","floor":19},{"not_picked":["Bouncing Flask+1","Underhanded Strike"],"picked":"ReplayTheSpireMod:Speed Training","floor":20}],"player_experience":262225,"relics_obtained":[{"floor":6,"key":"Omamori"},{"floor":8,"key":"ReplayFunnel"},{"floor":12,"key":"Torii"}],"event_choices":[{"damage_healed":0,"gold_gain":175,"player_choice":"AGREE","damage_taken":0,"max_hp_gain":0,"max_hp_loss":0,"event_name":"Liars Game","floor":3,"gold_loss":0,"cards_obtained":["Doubt"]},{"cards_removed":["Well Laid Plans"],"damage_healed":0,"gold_gain":0,"player_choice":"Gave Gold","damage_taken":0,"max_hp_gain":0,"max_hp_loss":0,"event_name":"Beggar","floor":21,"gold_loss":75}],"is_beta":false,"boss_relics":[{"not_picked":["Busted Crown","Philosopher\u0027s Stone"],"picked":"Astrolabe"}],"items_purged_floors":[],"is_endless":false,"potions_floor_spawned":[5,6,14],"ascension_level":0}}