{"host":"drjz7zl15rqtgg20","time":1612820234,"event":{"mods":["BaseMod","Colored Map","Downfall","Minty Spire (QoL Compilation)","Permanent Neow","Quick Restart","StSLib"],"gold_per_floor":[99,109,23,43,43,218,218,218,58,58,68,68,94,113,133,133,133,133],"floor_reached":16,"language":"ENG","playtime":800,"items_purged":["Doubt"],"score":105,"play_id":"e23b2032-e8ef-4f9b-b1b6-4ac489891e31","local_time":"20210208163714","is_ascension_mode":true,"campfire_choices":[{"data":"bronze:Goto","floor":1,"key":"SMITH"},{"data":"bronze:Repulsor","floor":8,"key":"SMITH"},{"floor":10,"key":"RECALL"},{"data":"bronze:Terminator","floor":12,"key":"SMITH"}],"circlet_count":0,"master_deck":["bronze:Strike","bronze:Strike","bronze:Strike","bronze:Strike","bronze:Defend","bronze:Defend","bronze:Defend","bronze:Defend","bronze:Replicate","bronze:Goto+1","CurseOfTheBell","bronze:Repulsor+1","bronze:DarkDash+1","bronze:Terminator+1","bronze:FineTuning","bronze:MaxOutput+1","bronze:DelayedSlice+1","bronze:BronzeOrb+1","bronze:DarkDash+1","bronze:Fortify+1"],"relics":["Calling Bell","Strawberry","Molten Egg 2","Torii","Frozen Egg 2","Orichalcum"],"acts_visited":["Exordium"],"potions_floor_usage":[9],"damage_taken":[{"damage":2,"enemies":"Jaw Worm","floor":2,"turns":4},{"damage":0,"enemies":"downfall:FleeingMerchant","floor":3,"turns":4},{"damage":1,"enemies":"Cultist","floor":4,"turns":4},{"damage":0,"enemies":"downfall:FleeingMerchant","floor":9,"turns":4},{"damage":1,"enemies":"2 Louse","floor":11,"turns":3},{"damage":10,"enemies":"Lagavulin","floor":13,"turns":8},{"damage":2,"enemies":"Exordium Wildlife","floor":14,"turns":4},{"damage":10,"enemies":"Large Slime","floor":15,"turns":5},{"damage":54,"enemies":"IC_STATUS_ARCHETYPE","floor":16,"turns":10}],"seed_played":"2488805903100276821","potions_obtained":[{"floor":4,"key":"Slimebound:ThreeZeroPotion"},{"floor":11,"key":"GamblersBrew"},{"floor":15,"key":"LiquidBronze"}],"is_trial":false,"path_per_floor":["R","M","$","M","?","?","T","R","$","R","M","R","E","M","M","B"],"character_chosen":"THE_AUTOMATON","items_purchased":["bronze:DarkDash+1","bronze:MaxOutput+1"],"campfire_rested":0,"item_purchase_floors":[3,9],"current_hp_per_floor":[77,75,75,74,74,74,74,74,74,74,73,73,63,61,51,0,0,0],"gold":133,"neow_bonus":"BOSS_RELIC","is_daily":false,"chose_seed":false,"campfire_upgraded":3,"win_rate":0.0,"timestamp":1612820234,"path_taken":["R","M","$","M","?","?","T","R","$","R","?","R","E","M","M","BOSS"],"items_purchased_type":["Card","Card"],"build_version":"2020-12-22","purchased_purges":1,"victory":false,"max_hp_per_floor":[77,77,77,77,77,77,77,77,77,77,77,77,77,77,77,77,77,77],"card_choices":[{"not_picked":["bronze:Optimize","bronze:BuggyMess"],"picked":"bronze:Repulsor","floor":2},{"not_picked":["bronze:CutThrough+1","bronze:TinkerersToolbox","bronze:BronzeArmor"],"picked":"SKIP","floor":3},{"not_picked":["bronze:DelayedGuard","bronze:Refactor"],"picked":"bronze:Terminator","floor":4},{"not_picked":["bronze:DelayedGuard","bronze:NullPointer+1"],"picked":"bronze:FineTuning","floor":9},{"not_picked":["bronze:WhirlingStrike+1","bronze:Separator+1"],"picked":"bronze:DelayedSlice+1","floor":11},{"not_picked":["bronze:Constructor","bronze:Deprecate"],"picked":"bronze:BronzeOrb+1","floor":13},{"not_picked":["bronze:Shield","bronze:Deprecate"],"picked":"bronze:DarkDash+1","floor":14},{"not_picked":["bronze:ForceShield","bronze:Branch+1"],"picked":"bronze:Fortify+1","floor":15}],"player_experience":667919,"relics_obtained":[{"floor":0,"key":"Strawberry"},{"floor":0,"key":"Molten Egg 2"},{"floor":0,"key":"Torii"},{"floor":7,"key":"Frozen Egg 2"},{"floor":13,"key":"Orichalcum"}],"event_choices":[],"is_beta":false,"boss_relics":[],"items_purged_floors":[9],"is_endless":false,"potions_floor_spawned":[4,11,15],"killed_by":"IC_STATUS_ARCHETYPE","ascension_level":1}}