{"host":"pgxgichrafn85q5c","time":1612792695,"event":{"mods":["BaseMod","Colored Powertips","Highlight Path","Lobotomy","Minty Spire (QoL Compilation)","StSLib"],"gold_per_floor":[119,119,119,129,149,149,149],"floor_reached":6,"language":"ZHS","playtime":292,"items_purged":[],"score":47,"play_id":"3a29b13c-f385-4539-9f82-21f01aa9395a","local_time":"20210208215815","is_ascension_mode":true,"campfire_choices":[],"circlet_count":0,"master_deck":["Strike_R","Strike_R","Strike_R","Strike_R","Strike_R","Defend_R","Defend_R","Defend_R","Bash","Porccubus","Shrug It Off","CherryBlossoms","Perfected Strike","LongBird","Dropkick"],"relics":["Burning Blood","CogitoBucket","Boot"],"acts_visited":["Exordium"],"potions_floor_usage":[],"damage_taken":[{"damage":13,"enemies":"Small Slimes","floor":1,"turns":5},{"damage":9,"enemies":"Jaw Worm","floor":4,"turns":6},{"damage":0,"enemies":"2 Louse","floor":5,"turns":3},{"damage":65,"enemies":"3 Sentries","floor":6,"turns":4}],"seed_played":"-3851524842510708088","potions_obtained":[],"is_trial":false,"path_per_floor":["M","?","?","M","M","E"],"character_chosen":"IRONCLAD","items_purchased":[],"campfire_rested":0,"item_purchase_floors":[],"current_hp_per_floor":[65,62,55,52,58,0,0],"gold":149,"neow_bonus":"","is_daily":false,"chose_seed":false,"campfire_upgraded":0,"win_rate":0.0,"timestamp":1612792695,"path_taken":["M","?","?","M","?","E"],"items_purchased_type":[],"build_version":"2020-12-22","purchased_purges":0,"victory":false,"max_hp_per_floor":[80,80,80,80,80,80,80],"card_choices":[{"not_picked":["UniverseFragment","DreamingCurrent"],"picked":"Porccubus","floor":1},{"not_picked":["Twin Strike","Ghostly Armor"],"picked":"Shrug It Off","floor":1},{"not_picked":["GreedKing","Woodsman"],"picked":"CherryBlossoms","floor":4},{"not_picked":["Fire Breathing","Rampage"],"picked":"Perfected Strike","floor":4},{"not_picked":["Variant","BigBadWolf"],"picked":"LongBird","floor":5},{"not_picked":["Entrench","Rage"],"picked":"Dropkick","floor":5}],"player_experience":164121,"relics_obtained":[],"event_choices":[{"damage_healed":0,"gold_gain":0,"player_choice":"Success","damage_taken":3,"relics_obtained":["Boot"],"max_hp_gain":0,"max_hp_loss":0,"event_name":"Scrap Ooze","floor":2,"gold_loss":0},{"cards_removed":["Defend_R"],"damage_healed":0,"gold_gain":0,"player_choice":"Card Removal","damage_taken":7,"max_hp_gain":0,"max_hp_loss":0,"event_name":"Golden Wing","floor":3,"gold_loss":0}],"is_beta":false,"boss_relics":[],"items_purged_floors":[],"is_endless":false,"potions_floor_spawned":[],"killed_by":"3 Sentries","ascension_level":6}}