{"host":"2c84cb4cp1emursg","time":1612767894,"event":{"mods":["Act Like it!","BaseMod","Better Third Choice","Bossed Relics","Hermit","Mimic Mod","Minty Spire (QoL Compilation)","Permanent Neow","Robot Space Explorer","StSLib"],"gold_per_floor":[109,109,130,146,146,182,182,226,226,239,262,362,375,416,416,416,416],"floor_reached":16,"language":"ENG","playtime":597,"items_purged":[],"score":165,"play_id":"e52b7408-016d-4aaf-938b-eb9f8d202e32","local_time":"20210208000454","is_ascension_mode":true,"campfire_choices":[{"data":"Bash","floor":7,"key":"SMITH"},{"data":"Spot Weakness","floor":15,"key":"SMITH"}],"circlet_count":0,"master_deck":["Strike_R","Strike_R","Strike_R","Strike_R","Strike_R","Defend_R","Defend_R","Defend_R","Defend_R","Bash+1","Spot Weakness+1","Pommel Strike","Ghostly Armor","Twin Strike","Feed","Heavy Blade","Inflame"],"relics":["Burning Blood","Centennial Puzzle","Golden Idol","Red Skull","Calipers","The Courier","Sundial"],"acts_visited":["Exordium"],"potions_floor_usage":[6,8,16,16,16],"damage_taken":[{"damage":11,"enemies":"2 Louse","floor":1,"turns":3},{"damage":0,"enemies":"Small Slimes","floor":3,"turns":3},{"damage":6,"enemies":"Cultist","floor":4,"turns":3},{"damage":40,"enemies":"Gremlin Nob","floor":6,"turns":4},{"damage":20,"enemies":"Lagavulin","floor":8,"turns":3},{"damage":5,"enemies":"Gremlin Gang","floor":10,"turns":3},{"damage":3,"enemies":"Blue Slaver","floor":11,"turns":3},{"damage":0,"enemies":"Red Slaver","floor":13,"turns":3},{"damage":10,"enemies":"3 Sentries","floor":14,"turns":4},{"damage":32,"enemies":"Hexaghost","floor":16,"turns":7}],"seed_played":"3734289283204234560","potions_obtained":[{"floor":3,"key":"ColorlessPotion"},{"floor":4,"key":"Strength Potion"},{"floor":10,"key":"SpeedPotion"},{"floor":11,"key":"ElixirPotion"},{"floor":13,"key":"Ancient Potion"}],"is_trial":false,"path_per_floor":["M","?","M","M","?","E","R","E","T","M","M","?","M","E","R","B"],"character_chosen":"IRONCLAD","items_purchased":[],"campfire_rested":0,"item_purchase_floors":[],"current_hp_per_floor":[67,47,53,53,58,24,24,10,10,14,17,17,26,25,25,0,0],"gold":416,"neow_bonus":"RANDOM_COMMON_RELIC","is_daily":false,"chose_seed":false,"campfire_upgraded":2,"win_rate":0.0,"timestamp":1612767894,"path_taken":["M","?","M","M","?","E","R","E","T","M","M","?","?","E","R","BOSS"],"items_purchased_type":[],"build_version":"2020-12-22","purchased_purges":0,"victory":false,"max_hp_per_floor":[80,80,80,80,85,85,85,85,85,88,88,88,91,94,94,94,94],"card_choices":[{"not_picked":["Armaments","Dual Wield"],"picked":"Spot Weakness","floor":1},{"not_picked":["Rage","Anger"],"picked":"Pommel Strike","floor":3},{"not_picked":["Power Through","Clothesline"],"picked":"Ghostly Armor","floor":4},{"not_picked":["Anger","Rupture"],"picked":"Twin Strike","floor":6},{"not_picked":["Headbutt","Cleave"],"picked":"Feed","floor":8},{"not_picked":["Body Slam","Armaments"],"picked":"Heavy Blade","floor":10},{"not_picked":["Body Slam","Clash","Heavy Blade"],"picked":"SKIP","floor":11},{"not_picked":["Perfected Strike","Clothesline"],"picked":"Inflame","floor":13},{"not_picked":["Clash","Clothesline","Rupture"],"picked":"SKIP","floor":14}],"player_experience":453551,"relics_obtained":[{"floor":6,"key":"Red Skull"},{"floor":8,"key":"Calipers"},{"floor":9,"key":"The Courier"},{"floor":14,"key":"Sundial"}],"event_choices":[{"damage_healed":0,"gold_gain":0,"player_choice":"Take Damage","damage_taken":20,"relics_obtained":["Golden Idol"],"max_hp_gain":0,"max_hp_loss":0,"event_name":"Golden Idol","floor":2,"gold_loss":0},{"damage_healed":0,"gold_gain":0,"player_choice":"Donut","damage_taken":0,"max_hp_gain":5,"max_hp_loss":0,"event_name":"Big Fish","floor":5,"gold_loss":0},{"damage_healed":0,"gold_gain":100,"player_choice":"Pray","damage_taken":0,"max_hp_gain":0,"max_hp_loss":0,"event_name":"Golden Shrine","floor":12,"gold_loss":0}],"is_beta":false,"boss_relics":[],"items_purged_floors":[],"is_endless":false,"potions_floor_spawned":[3,4,10,11,13],"killed_by":"Hexaghost","ascension_level":7}}