{"host":"qez2w9o4mdgkjem4","time":1612772649,"event":{"mods":["BaseMod","Downfall","Hermit","Minty Spire (QoL Compilation)","StSLib"],"gold_per_floor":[99,199,349,362,382,401,426,326,326,338,348,258,258,269,289,394,394,394,410,410,425,437,268,291,305,165,165,179,179,179,374,384,485,485,485,497,797,844,863,863,863,931,25,43,43,43,53,73,89,89],"floor_reached":51,"language":"ZHS","playtime":3925,"items_purged":["downfall:Icky","bronze:Defend","bronze:Strike","bronze:Defend","bronze:Defend"],"score":743,"play_id":"99efda6d-6091-4717-9221-47a43b2a8131","local_time":"20210208162409","is_ascension_mode":false,"campfire_choices":[{"data":"bronze:Goto","floor":1.0,"key":"SMITH"},{"data":"bronze:Deprecate","floor":8.0,"key":"SMITH"},{"floor":13.0,"key":"REST"},{"data":"bronze:Replicate","floor":18.0,"key":"SMITH"},{"floor":27.0,"key":"REST"},{"floor":29.0,"key":"REST"},{"data":"bronze:SpaghettiCode","floor":35.0,"key":"SMITH"},{"floor":40.0,"key":"RECALL"},{"data":"expansioncontent:StudyTheSpire","floor":46.0,"key":"SMITH"}],"circlet_count":0,"master_deck":["bronze:Strike","bronze:Replicate+1","bronze:Goto+1","bronze:Deprecate+1","bronze:GetLatest","bronze:Frontload","bronze:Fortify","bronze:Invalidate","bronze:Virus","bronze:SpaghettiCode+1","bronze:Format","bronze:Branch","bronze:Repulsor","bronze:ChildClass","bronze:FineTuning+1","bronze:Optimize+1","expansioncontent:StudyTheSpire+1","bronze:Turbo"],"relics":["bronze:PlatinumCore","downfall:HeartBlessingBlue","Empty Cage","Vajra","downfall:KnowingSkull","Old Coin","StoneCalendar","Ornamental Fan","Darkstone Periapt","OrangePellets","Eternal Feather","Bronze Scales"],"acts_visited":["Exordium","TheCity","TheBeyond"],"potions_floor_usage":[50],"damage_taken":[{"damage":9.0,"enemies":"2 Louse","floor":4.0,"turns":3.0},{"damage":0.0,"enemies":"Small Slimes","floor":5.0,"turns":4.0},{"damage":1.0,"enemies":"Cultist","floor":6.0,"turns":4.0},{"damage":12.0,"enemies":"Gremlin Gang","floor":10.0,"turns":4.0},{"damage":7.0,"enemies":"Blue Slaver","floor":11.0,"turns":7.0},{"damage":0.0,"enemies":"downfall:FleeingMerchant","floor":12.0,"turns":4.0},{"damage":13.0,"enemies":"Exordium Thugs","floor":14.0,"turns":6.0},{"damage":5.0,"enemies":"2 Fungi Beasts","floor":15.0,"turns":5.0},{"damage":21.0,"enemies":"DF_ARCHETYPE_STREAMLINE","floor":16.0,"turns":14.0},{"damage":0.0,"enemies":"3 Byrds","floor":19.0,"turns":3.0},{"damage":0.0,"enemies":"Chosen","floor":21.0,"turns":3.0},{"damage":41.0,"enemies":"Shelled Parasite and Fungi","floor":22.0,"turns":7.0},{"damage":13.0,"enemies":"downfall:FleeingMerchant","floor":23.0,"turns":4.0},{"damage":29.0,"enemies":"Snake Plant","floor":25.0,"turns":5.0},{"damage":2.0,"enemies":"downfall:FleeingMerchant","floor":26.0,"turns":4.0},{"damage":2.0,"enemies":"Cultist and Chosen","floor":28.0,"turns":4.0},{"damage":3.0,"enemies":"downfall:FleeingMerchant","floor":31.0,"turns":4.0},{"damage":3.0,"enemies":"Chosen and Byrds","floor":32.0,"turns":5.0},{"damage":3.0,"enemies":"IC_MUSHROOM_ARCHETYPE","floor":33.0,"turns":5.0},{"damage":2.0,"enemies":"3 Darklings","floor":36.0,"turns":3.0},{"damage":15.0,"enemies":"2 Orb Walkers","floor":38.0,"turns":4.0},{"damage":11.0,"enemies":"Orb Walker","floor":39.0,"turns":4.0},{"damage":4.0,"enemies":"Maw","floor":44.0,"turns":6.0},{"damage":15.0,"enemies":"Sphere and 2 Shapes","floor":47.0,"turns":4.0},{"damage":1.0,"enemies":"Spire Growth","floor":48.0,"turns":3.0},{"damage":7.0,"enemies":"Writhing Mass","floor":49.0,"turns":5.0},{"damage":67,"enemies":"SI_POISON_ARCHETYPE","floor":50,"turns":13}],"seed_played":"-7459263453762848959","potions_obtained":[{"floor":10.0,"key":"ColorlessPotion"},{"floor":11.0,"key":"bronze:BurnAndBuffPotion"},{"floor":15.0,"key":"champ:CounterPotion"},{"floor":21.0,"key":"champ:CounterPotion"},{"floor":25.0,"key":"Guardian:BlockOnCardUsePotion"},{"floor":39.0,"key":"AttackPotion"}],"is_trial":false,"path_per_floor":["R","?","?","M","M","M","T","R","?","M","M","$","R","M","M","B",null,"R","M","?","M","M","$","T","M","$","R","M","R","?","$","M","B",null,"R","M","?","?","M","R","T","T","$","M","?","R","M","M","M","B",null],"character_chosen":"THE_AUTOMATON","items_purchased":["bronze:Branch","expansioncontent:StudyTheSpire","OrangePellets","Eternal Feather","Bronze Scales"],"campfire_rested":3,"item_purchase_floors":[23,43,43,43,43],"current_hp_per_floor":[77,77,77,68,68,67,67,77,77,65,58,58,84,71,66,45,87,87,87,87,87,46,33,33,4,2,28,26,52,45,42,39,36,87,87,85,85,70,59,59,59,59,59,55,97,97,82,81,74,7],"gold":89,"neow_bonus":"TEN_PERCENT_HP_BONUS","is_daily":false,"chose_seed":false,"campfire_upgraded":5,"win_rate":0.0,"timestamp":1612772649,"path_taken":["R","?","?","M","M","M","T","R","?","M","M","$","R","M","M","BOSS","R","M","?","?","M","$","T","M","$","R","M","R","?","?","M","BOSS","R","M","?","?","M","R","T","?","$","M","?","R","M","M","M","BOSS"],"items_purchased_type":["Card","Card","Relic","Relic","Relic"],"build_version":"2020-12-22","purchased_purges":5,"victory":true,"max_hp_per_floor":[77,77,77,77,77,77,77,87,87,87,87,87,87,87,87,87,87,87,87,87,87,87,87,87,87,87,87,87,87,87,87,87,87,87,87,87,87,87,87,87,87,87,87,87,97,97,97,97,97,97],"card_choices":[{"not_picked":["bronze:Invalidate","bronze:CutThrough"],"picked":"bronze:Deprecate","floor":4.0},{"not_picked":["bronze:BuggyMess","bronze:BugBarrage","bronze:Return"],"picked":"SKIP","floor":5.0},{"not_picked":["bronze:FineTuning","bronze:Turbo"],"picked":"bronze:GetLatest","floor":6.0},{"not_picked":["bronze:ChosenStrike","bronze:Deprecate","bronze:FineTuning"],"picked":"SKIP","floor":10.0},{"not_picked":["bronze:HyperBeam","bronze:FineTuning"],"picked":"bronze:Frontload","floor":11.0},{"not_picked":["bronze:Optimize","bronze:Shield"],"picked":"bronze:Fortify","floor":12.0},{"not_picked":["bronze:Deprecate","bronze:Frontload"],"picked":"bronze:Invalidate","floor":14.0},{"not_picked":["bronze:WildBeam","bronze:BitShift","bronze:Iterate"],"picked":"SKIP","floor":15.0},{"not_picked":["bronze:CleanCode","bronze:Assembly"],"picked":"bronze:Virus","floor":16.0},{"not_picked":["bronze:Invalidate","bronze:ItsAFeature+1","bronze:WildBeam"],"picked":"SKIP","floor":19.0},{"not_picked":["bronze:Overheat","bronze:Shield+1","bronze:Invalidate"],"picked":"SKIP","floor":21.0},{"not_picked":["bronze:OilSpill+1","bronze:Overheat","bronze:BuggyMess"],"picked":"SKIP","floor":22.0},{"not_picked":["bronze:Overheat+1","bronze:BugBarrage"],"picked":"bronze:Format","floor":23.0},{"not_picked":["bronze:OilSpill","bronze:Deprecate","bronze:Backtrace"],"picked":"SKIP","floor":25.0},{"not_picked":["bronze:Branch","bronze:Fortify"],"picked":"bronze:Repulsor","floor":26.0},{"not_picked":["bronze:BitShift","bronze:BugBarrage"],"picked":"bronze:ChildClass","floor":28.0},{"not_picked":["bronze:Frontload","bronze:Branch+1","bronze:Overheat+1"],"picked":"SKIP","floor":31.0},{"not_picked":["bronze:Branch","bronze:DarkDash+1","bronze:ItsAFeature"],"picked":"SKIP","floor":32.0},{"not_picked":["bronze:Break","bronze:CleanCode"],"picked":"bronze:SpaghettiCode","floor":33.0},{"not_picked":["bronze:DelayedSlice","bronze:BronzeOrb","bronze:Return"],"picked":"SKIP","floor":36.0},{"not_picked":["bronze:GetLatest","bronze:Deprecate+1"],"picked":"bronze:FineTuning+1","floor":38.0},{"not_picked":["bronze:BuggyMess","bronze:Iterate"],"picked":"bronze:Optimize+1","floor":39.0},{"not_picked":["bronze:WildBeam","bronze:ShipIt","bronze:Shield"],"picked":"SKIP","floor":44.0},{"not_picked":["bronze:MaxOutput","bronze:DelayedSlice+1"],"picked":"bronze:Turbo","floor":47.0},{"not_picked":["bronze:Branch+1","bronze:BronzeOrb","bronze:FollowUp"],"picked":"SKIP","floor":48.0},{"not_picked":["bronze:ForLoop+1","bronze:BuggyMess","bronze:BugBarrage+1"],"picked":"SKIP","floor":49.0}],"player_experience":76643,"relics_obtained":[{"floor":24.0,"key":"Vajra"},{"floor":37.0,"key":"Old Coin"},{"floor":38.0,"key":"StoneCalendar"},{"floor":41.0,"key":"Ornamental Fan"},{"floor":42.0,"key":"Darkstone Periapt"}],"event_choices":[{"damage_healed":0.0,"max_hp_gain":0.0,"max_hp_loss":0.0,"gold_gain":0.0,"event_name":"Mysterious Sphere","player_choice":"Fight","floor":38.0,"gold_loss":0.0,"damage_taken":0.0}],"is_beta":false,"boss_relics":[{"not_picked":["Tiny House","Fusion Hammer"],"picked":"Empty Cage"},{"not_picked":["bronze:MakeshiftBattery","Velvet Choker"],"picked":"bronze:PlatinumCore"}],"items_purged_floors":[12,23,26,31,43],"is_endless":false,"potions_floor_spawned":[10,11,15,21,25,39,48,49],"ascension_level":0}}