{"host":"izuk9e9wv4u4y8b4","time":1612794546,"event":{"mods":["A Penny For Your Troubles","BaseMod","Better Debug","Better Third Choice","Curses Come First","Custom Start","Highlight Path","Minty Spire (QoL Compilation)","Permanent Neow","Quick Restart","Relic Sorter","Relic Stats","Reorder Act Four","Shop Mod","Smile Girya","StSLib"],"gold_per_floor":[368,11,22,35,45,45,72,72,72,85,85,85,96,96,96,96,96],"floor_reached":16,"language":"ENG","playtime":598,"items_purged":["Strike_R"],"score":204,"play_id":"a8e83484-8fa4-45f7-b6e7-6f5462a9b5b0","local_time":"20210208142906","is_ascension_mode":true,"campfire_choices":[{"data":"Searing Blow","floor":6.0,"key":"SMITH"},{"data":"Searing Blow+2","floor":12.0,"key":"SMITH"},{"data":"Searing Blow+3","floor":15.0,"key":"SMITH"}],"circlet_count":0,"master_deck":["AscendersBane","Strike_R","Strike_R","Strike_R","Strike_R","Defend_R","Defend_R","Defend_R","Defend_R","Bash","Twin Strike","Cleave","Searing Blow+4","Evolve","Shrug It Off","Shockwave","Pain"],"relics":["Burning Blood","Lee\u0027s Waffle","Bottled Flame","WarpedTongs","Ice Cream"],"acts_visited":["Exordium"],"potions_floor_usage":[16],"damage_taken":[{"damage":13.0,"enemies":"Cultist","floor":1.0,"turns":5.0},{"damage":5.0,"enemies":"Small Slimes","floor":3.0,"turns":4.0},{"damage":24.0,"enemies":"Jaw Worm","floor":4.0,"turns":4.0},{"damage":10.0,"enemies":"2 Fungi Beasts","floor":5.0,"turns":4.0},{"damage":17.0,"enemies":"3 Sentries","floor":7.0,"turns":8.0},{"damage":6.0,"enemies":"Blue Slaver","floor":10.0,"turns":4.0},{"damage":12.0,"enemies":"Exordium Wildlife","floor":13.0,"turns":3.0},{"damage":50,"enemies":"Hexaghost","floor":16,"turns":9}],"seed_played":"7696456992433478687","potions_obtained":[{"floor":3.0,"key":"DistilledChaos"},{"floor":13.0,"key":"AttackPotion"}],"is_trial":false,"path_per_floor":["M","$","M","M","M","R","E","?","T","M","?","R","M","?","R","B"],"character_chosen":"IRONCLAD","items_purchased":["Lee\u0027s Waffle","Cleave","DuplicationPotion"],"campfire_rested":0,"item_purchase_floors":[2,2,2],"current_hp_per_floor":[43,82,82,64,60,60,49,49,49,49,49,49,43,48,48,0,0],"gold":96,"neow_bonus":"TWO_FIFTY_GOLD","is_daily":false,"chose_seed":false,"campfire_upgraded":3,"win_rate":0.0,"timestamp":1612794546,"path_taken":["M","?","M","M","?","R","E","?","T","?","?","R","M","?","R","BOSS"],"items_purchased_type":["Relic","Card","Potion"],"build_version":"2020-12-22","purchased_purges":1,"victory":false,"max_hp_per_floor":[75,82,82,82,82,82,82,82,82,82,82,82,82,87,87,87,87],"relic_stats":{"Lee\u0027s Waffle":39,"counters":[8,41],"obtain_stats":[{"Ice Cream":9,"Lee\u0027s Waffle":2,"Bottled Flame":7,"Burning Blood":0,"WarpedTongs":8},{"Ice Cream":5,"Lee\u0027s Waffle":1,"Bottled Flame":5,"Burning Blood":0,"WarpedTongs":5},{"Ice Cream":25,"Lee\u0027s Waffle":5,"Bottled Flame":25,"Burning Blood":0,"WarpedTongs":25}],"Burning Blood":41,"WarpedTongs":[16]},"card_choices":[{"not_picked":["Body Slam","True Grit"],"picked":"Twin Strike","floor":1.0},{"not_picked":["Twin Strike","Heavy Blade"],"picked":"Searing Blow","floor":3.0},{"not_picked":["True Grit","Carnage"],"picked":"Evolve","floor":4.0},{"not_picked":["Ghostly Armor","True Grit"],"picked":"Shrug It Off","floor":5.0},{"not_picked":["Clothesline","Clash"],"picked":"Shockwave","floor":7.0},{"not_picked":["Bludgeon","Intimidate","Body Slam"],"picked":"SKIP","floor":10.0},{"not_picked":["Inflame","Twin Strike","Heavy Blade"],"picked":"SKIP","floor":13.0}],"player_experience":852068,"relics_obtained":[{"floor":7.0,"key":"Bottled Flame"},{"floor":9.0,"key":"Ice Cream"}],"event_choices":[{"damage_healed":0.0,"max_hp_gain":0.0,"max_hp_loss":0.0,"gold_gain":0.0,"event_name":"Accursed Blacksmith","player_choice":"Rummage","floor":8.0,"gold_loss":0.0,"damage_taken":0.0,"relics_obtained":["WarpedTongs"],"cards_obtained":["Pain"]},{"damage_healed":0.0,"max_hp_gain":0.0,"max_hp_loss":0.0,"gold_gain":0.0,"event_name":"Living Wall","player_choice":"Grow","floor":11.0,"gold_loss":0.0,"damage_taken":0.0,"cards_upgraded":["Searing Blow"]},{"damage_healed":0.0,"max_hp_gain":5.0,"max_hp_loss":0.0,"gold_gain":0.0,"event_name":"Big Fish","player_choice":"Donut","floor":14.0,"gold_loss":0.0,"damage_taken":0.0}],"is_beta":false,"boss_relics":[],"items_purged_floors":[2],"is_endless":false,"potions_floor_spawned":[3,5,13],"killed_by":"Hexaghost","ascension_level":20}}