{"host":"6bsan6hkua32tfq7","time":1612769580,"event":{"mods":["BaseMod","Better Third Choice","Colored Map","Highlight Path","Minty Spire (QoL Compilation)","StSLib"],"gold_per_floor":[111,111,130,130,130,130,157,169,192,222,222,249,33,33,33,33,33],"floor_reached":16,"language":"ENG","playtime":346,"items_purged":["Defend_B"],"score":282,"play_id":"5ee0ce44-6764-4090-8b6b-71c764a92676","local_time":"20210208083300","is_ascension_mode":true,"campfire_choices":[{"data":"Zap","floor":6,"key":"SMITH"},{"floor":11,"key":"REST"},{"floor":15,"key":"REST"}],"circlet_count":0,"master_deck":["AscendersBane","Strike_B","Strike_B","Strike_B","Strike_B","Defend_B","Defend_B","Zap+1","Dualcast","Leg Sweep","Conserve Battery","Genetic Algorithm","Sunder","Cold Snap","Loop","Steam","Coolheaded","Steam"],"relics":["Cracked Core","NeowsBlessing","Smiling Mask","Centennial Puzzle","Omamori","Gremlin Horn","Darkstone Periapt","Orrery"],"acts_visited":["Exordium"],"potions_floor_usage":[10,10],"damage_taken":[{"damage":0.0,"enemies":"Small Slimes","floor":1.0,"turns":1.0},{"damage":0.0,"enemies":"Jaw Worm","floor":3.0,"turns":1.0},{"damage":0,"enemies":"3 Sentries","floor":7,"turns":1},{"damage":0,"enemies":"2 Louse","floor":8,"turns":2},{"damage":37,"enemies":"Gremlin Nob","floor":10,"turns":6},{"damage":22,"enemies":"Lagavulin","floor":12,"turns":8},{"damage":30,"enemies":"Slime Boss","floor":16,"turns":10}],"seed_played":"9220226980091231846","potions_obtained":[{"floor":3.0,"key":"Block Potion"},{"floor":7,"key":"Explosive Potion"},{"floor":8,"key":"FocusPotion"}],"is_trial":false,"path_per_floor":["M","?","M","?","?","R","E","M","T","E","R","E","$","?","R","B"],"character_chosen":"DEFECT","items_purchased":["Orrery"],"campfire_rested":2,"item_purchase_floors":[13],"current_hp_per_floor":[64,64,64,39,39,39,39,39,39,2,23,1,1,1,22,0,0],"gold":33,"neow_bonus":"THREE_ENEMY_KILL","is_daily":false,"chose_seed":false,"campfire_upgraded":1,"win_rate":0.0,"timestamp":1612769580,"path_taken":["M","?","M","?","?","R","E","?","T","E","R","E","$","?","R","BOSS"],"items_purchased_type":["Relic"],"build_version":"2020-12-22","purchased_purges":1,"victory":false,"max_hp_per_floor":[71,71,71,71,71,71,71,71,71,71,71,71,71,71,71,71,71],"card_choices":[{"not_picked":["Hologram","Chill","Capacitor"],"picked":"SKIP","floor":1.0},{"not_picked":["Hologram","Undo","Blizzard"],"picked":"SKIP","floor":3.0},{"not_picked":["Tempest","Rebound"],"picked":"Conserve Battery","floor":7},{"not_picked":["Glacier","Self Repair"],"picked":"Genetic Algorithm","floor":8},{"not_picked":["Redo","Streamline"],"picked":"Sunder","floor":10},{"not_picked":["Tempest","Storm"],"picked":"Cold Snap","floor":12},{"not_picked":["Conserve Battery","Turbo"],"picked":"Loop","floor":13},{"not_picked":["Tempest","Barrage"],"picked":"Steam","floor":13},{"not_picked":["FTL","Tempest"],"picked":"Coolheaded","floor":13},{"not_picked":["Barrage","Coolheaded"],"picked":"Steam","floor":13}],"player_experience":5417183,"relics_obtained":[{"floor":7,"key":"Centennial Puzzle"},{"floor":9,"key":"Omamori"},{"floor":10,"key":"Gremlin Horn"},{"floor":12,"key":"Darkstone Periapt"}],"event_choices":[{"damage_healed":0.0,"max_hp_gain":0.0,"max_hp_loss":0.0,"gold_gain":0.0,"event_name":"betterThird:BetterSerpent","player_choice":"Ignored","floor":2.0,"gold_loss":0.0,"damage_taken":111.0},{"cards_removed":["Defend_B"],"damage_healed":0,"gold_gain":0,"player_choice":"Purged","damage_taken":0,"max_hp_gain":0,"max_hp_loss":0,"event_name":"Purifier","floor":5,"gold_loss":0},{"damage_healed":1,"gold_gain":0,"player_choice":"Leave","damage_taken":0,"max_hp_gain":0,"max_hp_loss":71,"event_name":"betterThird:BetterShining","floor":14,"gold_loss":0}],"is_beta":false,"boss_relics":[],"items_purged_floors":[13],"is_endless":false,"potions_floor_spawned":[3,7,8],"killed_by":"Slime Boss","ascension_level":20}}