{"host":"knk89g45d3vzr5fm","time":1612790358,"event":{"mods":["2.2 Compatiblity","BaseMod","Downfall","Minty Spire (QoL Compilation)","Relic Stats","Reliquary","Replay The Spire","StSLib","The Marked"],"gold_per_floor":[99,117,135,153,163,163,187,202,202,228,242,242,272,30,45,45,45,45],"floor_reached":16,"language":"FRA","playtime":670,"items_purged":["bronze:Strike"],"score":120,"play_id":"b2a12c72-b57e-49bd-a93a-8e4bbac0bb92","local_time":"20210208141918","is_ascension_mode":true,"campfire_choices":[{"data":"bronze:FollowUp","floor":6,"key":"SMITH"},{"floor":9,"key":"REST"},{"data":"bronze:Terminator","floor":12,"key":"SMITH"}],"circlet_count":0,"master_deck":["bronze:Strike","bronze:Strike","bronze:Defend","bronze:Defend","bronze:Defend","bronze:Defend","bronze:Replicate","bronze:Goto","bronze:InfiniteLoop","bronze:FollowUp+1","bronze:Frontload+1","bronze:Terminator+1","bronze:BugBarrage+1","bronze:DigitalCarnage","bronze:DelayedSlice","bronze:CleanCode","bronze:Flail"],"relics":["bronze:BronzeCore","reliquary:Buckler","Omamori","reliquary:Boomerang","ReplayTheSpireMod:CursedCoin","Replay:Towering Pillar of Hats"],"acts_visited":["Exordium"],"potions_floor_usage":[15,15,16],"damage_taken":[{"damage":6,"enemies":"Jaw Worm","floor":2,"turns":2},{"damage":0,"enemies":"Cultist","floor":3,"turns":3},{"damage":5,"enemies":"2 Louse","floor":4,"turns":3},{"damage":22,"enemies":"Exordium Thugs","floor":5,"turns":5},{"damage":0,"enemies":"2 Fungi Beasts","floor":8,"turns":2},{"damage":4,"enemies":"3 Sentries","floor":10,"turns":5},{"damage":9,"enemies":"Gremlin Gang","floor":11,"turns":3},{"damage":2,"enemies":"Replay:BlueRogue","floor":13,"turns":5},{"damage":0,"enemies":"downfall:FleeingMerchant","floor":14,"turns":4},{"damage":10,"enemies":"Exordium Thugs","floor":15,"turns":3},{"damage":14,"enemies":"DF_ARCHETYPE_STREAMLINE","floor":16,"turns":4}],"seed_played":"-5265227345632720757","potions_obtained":[{"floor":4,"key":"LifebloodPotion"},{"floor":5,"key":"ColorlessPotion"},{"floor":8,"key":"CultistPotion"},{"floor":15,"key":"bronze:BuildAFunctionPotion"}],"is_trial":false,"path_per_floor":["R","M","M","M","M","R","T","M","R","E","M","R","E","$","M","B"],"character_chosen":"THE_AUTOMATON","items_purchased":["ReplayTheSpireMod:CursedCoin","Replay:Towering Pillar of Hats"],"campfire_rested":1,"item_purchase_floors":[14,14],"current_hp_per_floor":[49,43,43,38,16,16,16,16,37,33,24,24,22,22,12,0,0,0],"gold":45,"neow_bonus":"THREE_RARE_CARDS","is_daily":false,"chose_seed":false,"campfire_upgraded":2,"win_rate":0.0,"timestamp":1612790358,"path_taken":["R","M","M","M","M","R","T","M","R","E","M","R","E","$","M","BOSS"],"items_purchased_type":["Relic","Relic"],"build_version":"2020-12-22","purchased_purges":1,"victory":false,"max_hp_per_floor":[70,70,70,70,70,70,70,70,70,70,70,70,70,70,70,70,70,70],"relic_stats":{"counters":[11,39],"obtain_stats":[{"bronze:BronzeCore":0,"reliquary:Boomerang":13,"Replay:Towering Pillar of Hats":14,"ReplayTheSpireMod:CursedCoin":14,"reliquary:Buckler":7,"Omamori":10},{"bronze:BronzeCore":0,"reliquary:Boomerang":8,"Replay:Towering Pillar of Hats":9,"ReplayTheSpireMod:CursedCoin":9,"reliquary:Buckler":4,"Omamori":6},{"bronze:BronzeCore":0,"reliquary:Boomerang":28,"Replay:Towering Pillar of Hats":32,"ReplayTheSpireMod:CursedCoin":32,"reliquary:Buckler":13,"Omamori":20}]},"card_choices":[{"not_picked":["bronze:Mutator","bronze:Format"],"picked":"bronze:InfiniteLoop","floor":0},{"not_picked":["bronze:FollowUp","bronze:Deprecate"],"picked":"bronze:Frontload","floor":2},{"not_picked":["bronze:WildBeam","bronze:Philosophize"],"picked":"bronze:Terminator","floor":3},{"not_picked":["bronze:Backtrace","bronze:Invalidate"],"picked":"bronze:BugBarrage","floor":4},{"not_picked":["bronze:ForceShield","bronze:Shell"],"picked":"bronze:DigitalCarnage","floor":5},{"not_picked":["bronze:DigitalCarnage","bronze:FollowUp"],"picked":"bronze:DelayedSlice","floor":8},{"not_picked":["bronze:DelayedSlice","bronze:Deprecate"],"picked":"bronze:CleanCode","floor":10},{"not_picked":["bronze:DigitalCarnage","bronze:DelayedGuard","bronze:Repulsor"],"picked":"SKIP","floor":11},{"not_picked":["bronze:Separator","bronze:ForceShield","bronze:DelayedGuard"],"picked":"SKIP","floor":13},{"not_picked":["bronze:DelayedGuard","bronze:Terminator"],"picked":"bronze:Flail","floor":14},{"not_picked":["bronze:Repulsor","bronze:Invalidate","bronze:Overheat"],"picked":"SKIP","floor":15}],"player_experience":2085689,"relics_obtained":[{"floor":7,"key":"reliquary:Buckler"},{"floor":10,"key":"Omamori"},{"floor":13,"key":"reliquary:Boomerang"}],"event_choices":[],"is_beta":false,"boss_relics":[],"items_purged_floors":[14],"is_endless":false,"potions_floor_spawned":[4,5,8,15],"killed_by":"DF_ARCHETYPE_STREAMLINE","ascension_level":1}}