{"host":"t75twhtg6c476ygg","time":1612819214,"event":{"mods":["AchievementEnabler","BaseMod","Colored Powertips","Minty Spire (QoL Compilation)","Quick Restart","Relic Stats","StSLib","SuperFastMode"],"gold_per_floor":[114,127,127,141,161,196,196,196,222,239,257,292,302,227,227,324,324,344,357,456,468,468,482,507,507,507,540,559,559,572,599,599,704,704,714,734,752,752,752,752,246,246,320,354,54,89,105,105,105,105,105,105,4,38,38],"floor_reached":56,"language":"ENG","playtime":822,"items_purged":["Limit Break+1"],"score":2350,"play_id":"3863bb46-8af8-4243-a7a4-5ae4c171623f","local_time":"20210208212014","is_ascension_mode":true,"campfire_choices":[{"floor":8.0,"key":"RECALL"},{"data":"1","floor":15.0,"key":"LIFT"},{"data":"2","floor":25.0,"key":"LIFT"},{"data":"3","floor":32.0,"key":"LIFT"},{"floor":40.0,"key":"DIG"},{"floor":42.0,"key":"DIG"},{"floor":49.0,"key":"DIG"},{"floor":52.0,"key":"DIG"}],"circlet_count":0,"master_deck":["Limit Break+1","Flex+1","Whirlwind+1","Flex+1","Flex+1"],"relics":["Burning Blood","NeowsBlessing","Chemical X","Bag of Marbles","Bag of Preparation","Vajra","Mummified Hand","Girya","Ancient Tea Set","Philosopher\u0027s Stone","Omamori","Necronomicon","StoneCalendar","Shovel","Frozen Egg 2","Fusion Hammer","Shuriken","Medical Kit","Turnip","Pantograph","Eternal Feather","Toxic Egg 2","Torii","CaptainsWheel","Peace Pipe","PreservedInsect","Kunai","Art of War","TungstenRod","Unceasing Top"],"acts_visited":["Exordium","TheCity","TheBeyond","TheEnding"],"potions_floor_usage":[],"damage_taken":[{"damage":0.0,"enemies":"2 Louse","floor":1.0,"turns":1.0},{"damage":0.0,"enemies":"Cultist","floor":2.0,"turns":1.0},{"damage":0.0,"enemies":"Jaw Worm","floor":4.0,"turns":1.0},{"damage":0.0,"enemies":"Looter","floor":5.0,"turns":1.0},{"damage":0.0,"enemies":"Gremlin Nob","floor":6.0,"turns":1.0},{"damage":0.0,"enemies":"Gremlin Gang","floor":10.0,"turns":1.0},{"damage":0.0,"enemies":"Large Slime","floor":11.0,"turns":1.0},{"damage":0.0,"enemies":"3 Sentries","floor":12.0,"turns":1.0},{"damage":0.0,"enemies":"Looter","floor":13.0,"turns":1.0},{"damage":0.0,"enemies":"Hexaghost","floor":16.0,"turns":1.0},{"damage":0.0,"enemies":"2 Thieves","floor":18.0,"turns":1.0},{"damage":0.0,"enemies":"Spheric Guardian","floor":19.0,"turns":1.0},{"damage":0.0,"enemies":"3 Cultists","floor":21.0,"turns":1.0},{"damage":0.0,"enemies":"Snecko","floor":23.0,"turns":1.0},{"damage":0.0,"enemies":"Slavers","floor":24.0,"turns":1.0},{"damage":0.0,"enemies":"Book of Stabbing","floor":27.0,"turns":1.0},{"damage":0.0,"enemies":"Centurion and Healer","floor":28.0,"turns":1.0},{"damage":0.0,"enemies":"Snake Plant","floor":30.0,"turns":1.0},{"damage":0.0,"enemies":"Gremlin Leader","floor":31.0,"turns":1.0},{"damage":0.0,"enemies":"Champ","floor":33.0,"turns":1.0},{"damage":0.0,"enemies":"Orb Walker","floor":35.0,"turns":1.0},{"damage":0.0,"enemies":"3 Shapes","floor":36.0,"turns":1.0},{"damage":0.0,"enemies":"Writhing Mass","floor":37.0,"turns":1.0},{"damage":0.0,"enemies":"Giant Head","floor":44.0,"turns":1.0},{"damage":0.0,"enemies":"Nemesis","floor":46.0,"turns":1.0},{"damage":4.0,"enemies":"Sphere and 2 Shapes","floor":47.0,"turns":1.0},{"damage":0.0,"enemies":"Donu and Deca","floor":50.0,"turns":1.0},{"damage":0.0,"enemies":"Shield and Spear","floor":54.0,"turns":1.0},{"damage":68,"enemies":"The Heart","floor":55,"turns":3}],"seed_played":"-6520125223497789123","potions_obtained":[{"floor":2.0,"key":"LiquidBronze"},{"floor":4.0,"key":"BlessingOfTheForge"},{"floor":19.0,"key":"SmokeBomb"},{"floor":31.0,"key":"FairyPotion"}],"is_trial":false,"path_per_floor":["M","M","?","M","M","E","?","R","T","M","M","E","M","$","R","B",null,"M","M","?","M","?","M","E","R","T","E","M","?","M","E","R","B",null,"M","M","M","?","?","R","$","R","T","E","$","E","M","?","R","B",null,"R","$","E","B",null],"character_chosen":"IRONCLAD","items_purchased":["Medical Kit","Dexterity Potion","Turnip","Torii","Fruit Juice"],"campfire_rested":0,"item_purchase_floors":[41,41,41,45,53],"current_hp_per_floor":[78,80,80,80,80,80,80,80,80,80,80,80,80,80,80,80,80,80,80,80,80,80,80,80,80,80,80,80,80,80,80,80,80,80,80,80,80,76,76,76,76,76,76,76,76,76,76,76,76,76,76,76,81,81,19],"gold":38,"neow_bonus":"THREE_ENEMY_KILL","is_daily":false,"chose_seed":false,"campfire_upgraded":0,"win_rate":0.0,"timestamp":1612819214,"path_taken":["M","M","?","M","?","E","?","R","T","M","M","E","M","$","R","BOSS","M","M","?","M","?","M","E","R","T","E","M","?","M","E","R","BOSS","M","M","?","?","?","R","$","R","T","E","$","E","?","?","R","BOSS","R","$","E","BOSS"],"items_purchased_type":["Relic","Potion","Relic","Relic","Potion"],"build_version":"2020-12-22","purchased_purges":1,"victory":true,"max_hp_per_floor":[80,80,80,80,80,80,80,80,80,80,80,80,80,80,80,80,80,80,80,80,80,80,80,80,80,80,80,80,80,80,80,80,80,80,80,80,80,76,76,76,76,76,76,76,76,76,76,76,76,76,76,76,81,81,81],"relic_stats":{"Torii":0,"counters":[29,31],"StoneCalendar":[0],"Eternal Feather":0,"PreservedInsect":77,"Bag of Preparation":[16],"Medical Kit":[4],"Burning Blood":18,"Peace Pipe":0,"Shovel":4,"Mummified Hand":[4],"Shuriken":[0],"Pantograph":0,"Turnip":[2],"Necronomicon":[17],"Art of War":[0],"Chemical X":[33],"Kunai":[0],"obtain_stats":[{"Torii":45,"Vajra":2,"StoneCalendar":26,"Bag of Preparation":2,"Ancient Tea Set":12,"Burning Blood":0,"Shovel":27,"Mummified Hand":5,"Pantograph":42,"Philosopher\u0027s Stone":17,"Fusion Hammer":34,"Necronomicon":24,"Chemical X":0,"Kunai":52,"Toxic Egg 2":44,"Girya":8,"NeowsBlessing":0,"Eternal Feather":43,"PreservedInsect":49,"Omamori":24,"Frozen Egg 2":31,"Medical Kit":41,"Peace Pipe":46,"CaptainsWheel":46,"Shuriken":40,"Turnip":41,"Bag of Marbles":2,"Art of War":54,"TungstenRod":55,"Unceasing Top":55},{"Torii":24,"Vajra":2,"StoneCalendar":15,"Bag of Preparation":2,"Ancient Tea Set":8,"Burning Blood":0,"Shovel":16,"Mummified Hand":4,"Pantograph":23,"Philosopher\u0027s Stone":10,"Fusion Hammer":20,"Necronomicon":15,"Chemical X":0,"Kunai":27,"Toxic Egg 2":24,"Girya":5,"NeowsBlessing":0,"Eternal Feather":23,"PreservedInsect":26,"Omamori":15,"Frozen Egg 2":19,"Medical Kit":23,"Peace Pipe":25,"CaptainsWheel":25,"Shuriken":23,"Turnip":23,"Bag of Marbles":2,"Art of War":28,"TungstenRod":29,"Unceasing Top":29},{"Torii":24,"Vajra":2,"StoneCalendar":15,"Bag of Preparation":2,"Ancient Tea Set":8,"Burning Blood":0,"Shovel":16,"Mummified Hand":4,"Pantograph":23,"Philosopher\u0027s Stone":10,"Fusion Hammer":20,"Necronomicon":15,"Chemical X":0,"Kunai":27,"Toxic Egg 2":24,"Girya":5,"NeowsBlessing":0,"Eternal Feather":23,"PreservedInsect":26,"Omamori":15,"Frozen Egg 2":19,"Medical Kit":23,"Peace Pipe":25,"CaptainsWheel":25,"Shuriken":23,"Turnip":23,"Bag of Marbles":2,"Art of War":28,"TungstenRod":28,"Unceasing Top":29}],"TungstenRod":17,"Unceasing Top":[5]},"card_choices":[{"not_picked":["Clothesline","Body Slam","Iron Wave"],"picked":"SKIP","floor":1.0},{"not_picked":["Clothesline","Anger","True Grit"],"picked":"SKIP","floor":2.0},{"not_picked":["Havoc","Second Wind","Clash"],"picked":"SKIP","floor":4.0},{"not_picked":["Anger","Thunderclap","Shockwave"],"picked":"SKIP","floor":5.0},{"not_picked":["Rage","Iron Wave","Juggernaut"],"picked":"SKIP","floor":6.0},{"not_picked":["Pummel","Ghostly Armor","Feel No Pain"],"picked":"SKIP","floor":10.0},{"not_picked":["Iron Wave","Body Slam","Spot Weakness"],"picked":"SKIP","floor":11.0},{"not_picked":["Warcry","Shrug It Off","Dual Wield"],"picked":"SKIP","floor":12.0},{"not_picked":["Second Wind","Burning Pact","Sentinel"],"picked":"SKIP","floor":13.0},{"not_picked":["Flame Barrier","True Grit","Infernal Blade"],"picked":"SKIP","floor":18.0},{"not_picked":["Headbutt+1","Body Slam+1","Hemokinesis"],"picked":"SKIP","floor":19.0},{"not_picked":["Searing Blow","Armaments","Entrench"],"picked":"SKIP","floor":21.0},{"not_picked":["Clash","Fire Breathing+1","Entrench"],"picked":"SKIP","floor":23.0},{"not_picked":["Dark Embrace","Bloodletting","Shrug It Off"],"picked":"SKIP","floor":24.0},{"not_picked":["Evolve+1","Heavy Blade","Havoc+1"],"picked":"SKIP","floor":27.0},{"not_picked":["True Grit","Clash"],"picked":"Flex+1","floor":28.0},{"not_picked":["True Grit","Iron Wave","Burning Pact"],"picked":"SKIP","floor":30.0},{"not_picked":["Power Through","Perfected Strike+1","Dropkick"],"picked":"SKIP","floor":31.0},{"not_picked":["Cleave","Body Slam+1","Anger"],"picked":"SKIP","floor":35.0},{"not_picked":["Heavy Blade+1","Shrug It Off","Warcry"],"picked":"SKIP","floor":36.0},{"not_picked":["Sword Boomerang+1","Seeing Red+1","Shrug It Off+1"],"picked":"SKIP","floor":37.0},{"not_picked":["Corruption+1","Sword Boomerang","Uppercut+1"],"picked":"SKIP","floor":44.0},{"not_picked":["Dual Wield+1","Heavy Blade+1","Perfected Strike"],"picked":"SKIP","floor":46.0},{"not_picked":["Armaments+1","Clash+1","Cleave+1"],"picked":"SKIP","floor":47.0},{"not_picked":["Blood for Blood","Combust+1","Intimidate+1"],"picked":"SKIP","floor":54.0}],"player_experience":364191,"relics_obtained":[{"floor":6.0,"key":"Bag of Marbles"},{"floor":12.0,"key":"Ancient Tea Set"},{"floor":24.0,"key":"Omamori"},{"floor":26.0,"key":"StoneCalendar"},{"floor":27.0,"key":"Shovel"},{"floor":31.0,"key":"Frozen Egg 2"},{"floor":40.0,"key":"Shuriken"},{"floor":42.0,"key":"Pantograph"},{"floor":43.0,"key":"Eternal Feather"},{"floor":44.0,"key":"Toxic Egg 2"},{"floor":46.0,"key":"CaptainsWheel"},{"floor":49.0,"key":"PreservedInsect"},{"floor":52.0,"key":"Kunai"},{"floor":54.0,"key":"Art of War"}],"event_choices":[{"damage_healed":0.0,"max_hp_gain":0.0,"max_hp_loss":0.0,"gold_gain":0.0,"event_name":"Match and Keep!","player_choice":"0 cards matched","floor":3.0,"gold_loss":0.0,"damage_taken":0.0,"cards_obtained":[]},{"damage_healed":0.0,"max_hp_gain":0.0,"max_hp_loss":0.0,"gold_gain":0.0,"event_name":"Shining Light","player_choice":"Ignored","floor":7.0,"gold_loss":0.0,"damage_taken":0.0},{"damage_healed":0.0,"max_hp_gain":0.0,"max_hp_loss":0.0,"gold_gain":99.0,"event_name":"Nest","player_choice":"Stole From Cult","floor":20.0,"gold_loss":0.0,"damage_taken":0.0},{"damage_healed":0.0,"max_hp_gain":0.0,"max_hp_loss":0.0,"gold_gain":0.0,"event_name":"Back to Basics","player_choice":"Simplicity","floor":22.0,"gold_loss":0.0,"damage_taken":0.0,"cards_upgraded":[]},{"damage_healed":0.0,"max_hp_gain":0.0,"max_hp_loss":0.0,"gold_gain":0.0,"event_name":"Transmorgrifier","player_choice":"Ignored","floor":29.0,"gold_loss":0.0,"damage_taken":0.0},{"damage_healed":0.0,"max_hp_gain":0.0,"max_hp_loss":4.0,"gold_gain":0.0,"event_name":"Winding Halls","player_choice":"Max HP","floor":38.0,"gold_loss":0.0,"damage_taken":0.0},{"damage_healed":0.0,"max_hp_gain":0.0,"max_hp_loss":0.0,"gold_gain":0.0,"event_name":"Purifier","player_choice":"Ignored","floor":39.0,"gold_loss":0.0,"damage_taken":0.0},{"cards_removed":["Flex"],"damage_healed":0.0,"max_hp_gain":0.0,"max_hp_loss":0.0,"gold_gain":0.0,"event_name":"Falling","player_choice":"Removed Skill","floor":48.0,"gold_loss":0.0,"damage_taken":0.0}],"is_beta":false,"boss_relics":[{"not_picked":["Pandora\u0027s Box","Busted Crown"],"picked":"Philosopher\u0027s Stone"},{"not_picked":["Tiny House","Velvet Choker"],"picked":"Fusion Hammer"}],"items_purged_floors":[14],"is_endless":false,"potions_floor_spawned":[2,4,19,24,27,30,31,44,46,47],"ascension_level":9}}