{"host":"rlwsj8oje50c4na7","time":1612781068,"event":{"mods":["2.2 Compatiblity","Act Like it!","Arknights","Aspiration","BaseMod","Beaked The Cultist","Bestiary","Better Altar","Better Match","Better Note","Better Sensory Stone","Better Skull","Better Third Choice","Better Vampires","BetterRewards","Bossed Relics","Colored Map","Colored Powertips","Conspire","Defuse TimeMaze Blight","Energized Spire","Friendly Minions","Gensokyo","GifTheSpireLib","GungeonMod","Halation","Hallownest","Hermit","Highlight Path","Hubris","Infinite Spire","Ironclad Rager","Jedi Mod","JesterMod","Jorbs\u0027s Wanderer Trilogy","Mad Scientist","Minty Spire (QoL Compilation)","Pale of the Ancients","Quick Restart","Random Character Button","Relic Filter","Relic Stats","Reliquary","Reorder Act Four","Replay The Spire","Retaliation","Shade Mod","Shop Mod","Spicy Shops","StSLib","Stuff the Spire","The Administrix","The Blackbeard","The Bladedancer","The Blue Laboratory","The Bug Knight","The Clintock","The Construct","The Cursed","The Disciple","The Exalted","The Hierophant","The IronCluck","The Judge","The Kombatant","The Marked","The Mystic","The Necromancer","The Runesmith","The Servant 0.9.4","TheSwordswoman","Waifu the Spire","everything is the same but u backflip on backflip","slay the spire mod where everything is the same but ironclad has a cowboy hat"],"gold_per_floor":[109,109,109,109,109,109,142,155,155,155,170,170,185,215,215,316,316,332,343,837,837,462,472,472,484,553,553,583,639,664,205,205,308,308,320,336,256,275,291,291,317,327,327,327,104,123,123,133,133,133,133,21,21,46,46],"floor_reached":56,"language":"ENG","playtime":10602,"items_purged":["stsjorbsmod:Amnesia","Regret","SwitchConfidence"],"score":1207,"play_id":"e6def660-a28b-4c87-a37b-0c8bd03e858b","local_time":"20210208124428","is_ascension_mode":false,"campfire_choices":[{"floor":6.0,"key":"RECALL"},{"data":"HollowMod:FocusHealStart","floor":10.0,"key":"SMITH"},{"data":"HollowMod:ChannelNail","floor":12.0,"key":"SMITH"},{"floor":15.0,"key":"DIG"},{"data":"HollowMod:LifebloodCore","floor":24.0,"key":"SMITH"},{"data":"HollowMod:Weaversong","floor":27.0,"key":"SMITH"},{"data":"HollowMod:HornetsHelp","floor":32.0,"key":"SMITH"},{"data":"Hallownest:attackMasterDashSlash","floor":40.0,"key":"SMITH"},{"data":"HollowMod:SoulStrike","floor":44.0,"key":"SMITH"},{"data":"HollowMod:HuntersJournal","floor":49.0,"key":"SMITH"},{"data":"HollowMod:GoodIntentions","floor":53.0,"key":"SMITH"}],"circlet_count":0,"master_deck":["HollowMod:NailStrikeStart","HollowMod:NailStrikeStart","HollowMod:NailStrikeStart","HollowMod:NailStrikeStart","HollowMod:QuickDashStart","HollowMod:QuickDashStart","HollowMod:QuickDashStart","HollowMod:QuickDashStart","HollowMod:FocusHealStart+1","HollowMod:PogoStrike","Replay:BasicMightCard+1","HollowMod:Weaversong+1","HollowMod:ChannelNail+1","HollowMod:CloakDash","HollowMod:LifebloodCore+1","HollowMod:SoulSplash+1","HollowMod:CloakDash","HollowMod:CloakDash","HollowMod:CornifersMapStart+1","HollowMod:HornetsHelp+1","HollowMod:SoulStrike+1","HollowMod:GoodIntentions+1","HollowMod:ZotesMagnificence","HollowMod:QuirrelsAssistance+1","HollowMod:DashSlash+1","Hallownest:attackMasterDashSlash+1","HollowMod:HuntersJournal+1","HollowMod:PerfectDash","HollowMod:ShapeofUnn+1"],"relics":["HollowMod:VesselMask","conspire:Flyswatter","Hallownest:DreamNailRelic","Runesmith:Locket","Orichalcum","Meat on the Bone","Cursed Key","aspiration:ChemicalBlood","aspiration:Lifesprig","Medical Kit","Frozen Egg 2","StuffTheSpire:PointBlank","Mango","Mercury Hourglass","infinitespire:Cupcake","aspiration:FetidBarrel","halation:KoshaPiece","BargainBundle","Mummified Hand"],"acts_visited":["Hallownest:Greenpath","Hallownest:CityofTears","Hallownest:KingdomsEdge","TheEnding"],"potions_floor_usage":[55,55,55,55,55],"damage_taken":[{"damage":0.0,"enemies":"Hallownest:2_Baldur","floor":1.0,"turns":1.0},{"damage":0.0,"enemies":"Hallownest:eliteVengeflyKing","floor":7.0,"turns":1.0},{"damage":0.0,"enemies":"Hallownest:monsterHuskWarrior","floor":8.0,"turns":1.0},{"damage":2.0,"enemies":"Hallownest:2_MossCreeps","floor":11.0,"turns":4.0},{"damage":1.0,"enemies":"Hallownest:monsterFoolEater","floor":13.0,"turns":4.0},{"damage":8.0,"enemies":"Hallownest:eliteMossKnight","floor":14.0,"turns":6.0},{"damage":44.0,"enemies":"Hallownest:BossFalseKnight","floor":16.0,"turns":8.0},{"damage":0.0,"enemies":"Hallownest:Flukemon_and_Top","floor":18.0,"turns":5.0},{"damage":0.0,"enemies":"Hallownest:Guard_and_Sentry","floor":19.0,"turns":5.0},{"damage":10.0,"enemies":"Hallownest:2_Flukemon","floor":23.0,"turns":7.0},{"damage":0.0,"enemies":"Hallownest:3_Mistakes","floor":25.0,"turns":11.0},{"damage":22.0,"enemies":"conspire:MimicChest","floor":28.0,"turns":6.0},{"damage":3.0,"enemies":"Hallownest:Glutton_and_Coward","floor":29.0,"turns":5.0},{"damage":14.0,"enemies":"Hallownest:eliteSoulWarrior","floor":30.0,"turns":8.0},{"damage":18.0,"enemies":"Hallownest:BossGrimm","floor":33.0,"turns":11.0},{"damage":0.0,"enemies":"Hallownest:Shield_Heavy","floor":35.0,"turns":5.0},{"damage":20.0,"enemies":"Hallownest:3_Siblings","floor":36.0,"turns":7.0},{"damage":0.0,"enemies":"Hallownest:monsterPrimalAspid","floor":38.0,"turns":4.0},{"damage":4.0,"enemies":"Hallownest:2_Wing_and_1_Kings","floor":39.0,"turns":9.0},{"damage":0.0,"enemies":"Hallownest:StalkingDevout","floor":41.0,"turns":6.0},{"damage":30.0,"enemies":"Hallownest:2_Soldiers_and_1_Guardian","floor":42.0,"turns":7.0},{"damage":0.0,"enemies":"Hallownest:monsterPrimalAspid","floor":46.0,"turns":3.0},{"damage":1.0,"enemies":"Hallownest:Shield_Sturdy","floor":48.0,"turns":5.0},{"damage":1.0,"enemies":"Hallownest:BossHollowKnight","floor":50.0,"turns":18.0},{"damage":20.0,"enemies":"Shield and Spear","floor":54.0,"turns":9.0},{"damage":89,"enemies":"The Heart","floor":55,"turns":10}],"seed_played":"5585278737268864060","potions_obtained":[{"floor":7.0,"key":"Elixir"},{"floor":11.0,"key":"blueLaboratory:Moonshine"},{"floor":13.0,"key":"Block Potion"},{"floor":25.0,"key":"blueLaboratory:PyrophylliteBrew"},{"floor":28.0,"key":"blueLaboratory:AbyssPotion"},{"floor":33.0,"key":"blueLaboratory:Moonshine"},{"floor":39.0,"key":"Swift Potion"},{"floor":41.0,"key":"DDmod:CleansePotion"},{"floor":48.0,"key":"Block Potion"}],"is_trial":false,"path_per_floor":["M","?","?","?","?","R","E","M","T","R","M","R","M","E","R_BF","B",null,"M","M","?","T","$","M","R","M","T","R","?","M","E","$","R","B",null,"M","M","?","M","M","R","E","M","T","R","$","M","$","M","R","B",null,"$","R","E","B",null],"character_chosen":"THE_BUGKNIGHT","items_purchased":["aspiration:Lifesprig","Medical Kit","Mercury Hourglass","HollowMod:SoulStrike","HollowMod:GoodIntentions","BargainBundle","HollowMod:PerfectDash","HollowMod:ShapeofUnn+1"],"campfire_rested":0,"item_purchase_floors":[22,22,31,31,31,45,52,52],"current_hp_per_floor":[75,75,75,75,75,75,75,75,75,75,73,73,75,75,75,41,75,75,75,75,75,75,70,70,75,75,75,63,72,81,81,81,73,89,89,79,79,79,87,87,87,67,67,67,67,67,67,76,76,87,89,89,89,79,14],"gold":46,"neow_bonus":"THREE_ENEMY_KILL","is_daily":false,"chose_seed":false,"campfire_upgraded":9,"win_rate":0.0,"timestamp":1612781068,"path_taken":["M","?","?","?","?","R","E","M","T","R","M","R","M","E","R_BF","BOSS","M","M","?","?","$","M","R","M","T","R","?","M","E","$","R","BOSS","M","M","?","M","M","R","E","M","T","R","$","M","$","M","R","BOSS","$","R","E","BOSS"],"items_purchased_type":["Relic","Relic","Relic","Card","Card","Relic","Card","Card"],"build_version":"2020-12-22","purchased_purges":3,"victory":true,"max_hp_per_floor":[75,75,75,75,75,75,75,75,75,75,75,75,75,75,75,75,75,75,75,75,75,75,75,75,75,75,75,75,75,89,89,89,89,89,89,89,89,89,89,89,89,89,89,89,89,89,89,89,89,89,89,89,89,89,89],"relic_stats":{"counters":[26,166],"Mummified Hand":[3],"Orichalcum":[252],"Cursed Key":3,"Medical Kit":[14],"obtain_stats":[{"aspiration:Lifesprig":22,"BargainBundle":45,"NeowsBlessing":0,"aspiration:FetidBarrel":41,"Runesmith:Locket":7,"HollowMod:VesselMask":0,"Mango":30,"DemoMod:GlassGuonStoneRelic":7,"Hallownest:DreamNailRelic":4,"Orichalcum":14,"Frozen Egg 2":26,"Cursed Key":17,"Medical Kit":22,"Mercury Hourglass":31,"Mummified Hand":54,"StuffTheSpire:PointBlank":28,"halation:KoshaPiece":43,"conspire:Flyswatter":3,"Meat on the Bone":15,"aspiration:ChemicalBlood":21,"infinitespire:Cupcake":34},{"aspiration:Lifesprig":9,"BargainBundle":21,"NeowsBlessing":0,"aspiration:FetidBarrel":20,"Runesmith:Locket":2,"HollowMod:VesselMask":0,"Mango":14,"DemoMod:GlassGuonStoneRelic":2,"Hallownest:DreamNailRelic":1,"Orichalcum":6,"Frozen Egg 2":11,"Cursed Key":7,"Medical Kit":9,"Mercury Hourglass":14,"Mummified Hand":25,"StuffTheSpire:PointBlank":12,"halation:KoshaPiece":21,"conspire:Flyswatter":1,"Meat on the Bone":6,"aspiration:ChemicalBlood":9,"infinitespire:Cupcake":15},{"aspiration:Lifesprig":35,"BargainBundle":121,"NeowsBlessing":0,"aspiration:FetidBarrel":114,"Runesmith:Locket":2,"HollowMod:VesselMask":0,"Mango":72,"DemoMod:GlassGuonStoneRelic":2,"Hallownest:DreamNailRelic":1,"Orichalcum":17,"Frozen Egg 2":53,"Cursed Key":25,"Medical Kit":35,"Mercury Hourglass":72,"Mummified Hand":156,"StuffTheSpire:PointBlank":59,"halation:KoshaPiece":121,"conspire:Flyswatter":1,"Meat on the Bone":17,"aspiration:ChemicalBlood":35,"infinitespire:Cupcake":83}],"Meat on the Bone":12,"Mercury Hourglass":[261]},"card_choices":[{"not_picked":["HollowMod:GrimmsGift","HollowMod:CrystalDash","HollowMod:SiblingsSouls"],"picked":"SKIP","floor":1.0},{"not_picked":["Replay:Sssssssssshield","ReplayTheSpireMod:Necrogeddon"],"picked":"Replay:BasicMightCard","floor":2.0},{"not_picked":["HollowMod:FastStrike","HollowMod:SoulEater"],"picked":"HollowMod:Weaversong","floor":7.0},{"not_picked":["HollowMod:VengefulVoid","HollowMod:ShapeofUnn","HollowMod:SiblingsSouls"],"picked":"SKIP","floor":8.0},{"not_picked":["HollowMod:LifebloodCocoon","HollowMod:GoodIntentions"],"picked":"HollowMod:ChannelNail","floor":11.0},{"not_picked":["HollowMod:InfectionAssault","HollowMod:FastStrike"],"picked":"HollowMod:CloakDash","floor":13.0},{"not_picked":["HollowMod:SharpenedNail","HollowMod:SoulEater","HollowMod:TaintedHusks"],"picked":"SKIP","floor":14.0},{"not_picked":["HollowMod:VoidDash","HollowMod:AwokenDreamNail"],"picked":"HollowMod:LifebloodCore","floor":16.0},{"not_picked":["HollowMod:ChannelNail","HollowMod:ShadowDash"],"picked":"HollowMod:SoulSplash+1","floor":18.0},{"not_picked":["HollowMod:SharpenedNail","HollowMod:WraithStrike"],"picked":"HollowMod:CloakDash","floor":19.0},{"not_picked":["HollowMod:SiblingsShadow","HollowMod:SoulSplash+1"],"picked":"HollowMod:CloakDash","floor":23.0},{"not_picked":["HollowMod:InfectionAssault","HollowMod:NewLittleFool","HollowMod:CycloneSlash+1"],"picked":"SKIP","floor":25.0},{"not_picked":["HollowMod:Weaversong+1","HollowMod:BrokenVessel+1"],"picked":"HollowMod:CornifersMapStart+1","floor":29.0},{"not_picked":["HollowMod:ShapeofUnn+1","HollowMod:MidwifesHunger"],"picked":"HollowMod:HornetsHelp","floor":30.0},{"not_picked":["HollowMod:NewInfectedGuardian","HollowMod:SoulMaster+1"],"picked":"HollowMod:ZotesMagnificence","floor":33.0},{"not_picked":["HollowMod:VengefulVoid","HollowMod:TaintedHusks"],"picked":"HollowMod:QuirrelsAssistance+1","floor":35.0},{"not_picked":["HollowMod:SoulSplash","HollowMod:InfectionAssault"],"picked":"HollowMod:DashSlash+1","floor":36.0},{"not_picked":["HollowMod:InfectedAttack+1","HollowMod:SoulEater+1","HollowMod:NewLittleFool+1"],"picked":"SKIP","floor":38.0},{"not_picked":["HollowMod:CrystalDash","HollowMod:PureNailStrike","HollowMod:DashSlash"],"picked":"SKIP","floor":39.0},{"not_picked":["HollowMod:VengefulVoid+1","HollowMod:WraithStrike"],"picked":"HollowMod:HuntersJournal","floor":41.0},{"not_picked":["HollowMod:InfectedCysts","HollowMod:PureNailStrike+1","HollowMod:SiblingsSouls+1"],"picked":"SKIP","floor":42.0},{"not_picked":["HollowMod:LordofShades+1","HollowMod:FastStrike+1","HollowMod:CornifersMapStart+1"],"picked":"SKIP","floor":46.0},{"not_picked":["HollowMod:DreamGate+1","HollowMod:DoubleDash","HollowMod:HuntersJournal+1"],"picked":"SKIP","floor":48.0},{"not_picked":["HollowMod:MawleksShell+1","HollowMod:GoodIntentions","HollowMod:DescendingDark"],"picked":"SKIP","floor":54.0}],"player_experience":1037721,"relics_obtained":[{"floor":7.0,"key":"Runesmith:Locket"},{"floor":14.0,"key":"Orichalcum"},{"floor":15.0,"key":"Meat on the Bone"},{"floor":21.0,"key":"aspiration:ChemicalBlood"},{"floor":26.0,"key":"Frozen Egg 2"},{"floor":28.0,"key":"StuffTheSpire:PointBlank"},{"floor":30.0,"key":"Mango"},{"floor":41.0,"key":"aspiration:FetidBarrel"},{"floor":43.0,"key":"halation:KoshaPiece"},{"floor":54.0,"key":"Mummified Hand"}],"event_choices":[{"damage_healed":0.0,"max_hp_gain":0.0,"max_hp_loss":0.0,"gold_gain":1.0,"event_name":"betterStone:BetterStone","player_choice":"1","floor":2.0,"gold_loss":0.0,"damage_taken":0.0}],"is_beta":false,"boss_relics":[{"not_picked":["energizedSpire:SpiderWeb","energizedSpire:DeadBattery"],"picked":"Cursed Key"},{"not_picked":["energizedSpire:HugeHouse","hubris:CrackedHourglass"],"picked":"infinitespire:Cupcake"}],"items_purged_floors":[22,31,45],"is_endless":false,"potions_floor_spawned":[7,11,13,23,25,28,33,38,39,41,42,48],"ascension_level":0}}