{"host":"bnpj5ln693dhfj4y","time":1612800290,"event":{"mods":["AchievementEnabler","BaseMod","Colored Map","Colored Powertips","DeckTracker","Highlight Path","Minty Spire (QoL Compilation)","Weighted Paths"],"gold_per_floor":[113,130,150,161,180,208,65,65,65,65,90,102,102,102,102,102,102],"floor_reached":16,"language":"ENG","playtime":1083,"items_purged":[],"score":140,"play_id":"ba7837d5-3263-4bc7-9ebd-7a6ae5885fbb","local_time":"20210208170450","is_ascension_mode":true,"campfire_choices":[{"data":"True Grit","floor":8,"key":"SMITH"},{"data":"Body Slam","floor":10,"key":"SMITH"},{"floor":13,"key":"REST"},{"data":"Evolve","floor":15,"key":"SMITH"}],"circlet_count":0,"master_deck":["Strike_R","Strike_R","Strike_R","Strike_R","Strike_R","Defend_R","Defend_R","Defend_R","Defend_R","Bash","Shrug It Off","Flex","Body Slam+1","Spot Weakness","True Grit+1","Evolve+1","Double Tap","Offering"],"relics":["Burning Blood","NeowsBlessing","Omamori","Frozen Egg 2","Regal Pillow"],"acts_visited":["Exordium"],"potions_floor_usage":[6,6,12],"damage_taken":[{"damage":0,"enemies":"Small Slimes","floor":1,"turns":1},{"damage":0,"enemies":"Jaw Worm","floor":2,"turns":1},{"damage":0,"enemies":"Cultist","floor":3,"turns":1},{"damage":24,"enemies":"Lots of Slimes","floor":4,"turns":8},{"damage":11,"enemies":"Blue Slaver","floor":5,"turns":5},{"damage":31,"enemies":"Lagavulin","floor":6,"turns":8},{"damage":23,"enemies":"3 Sentries","floor":11,"turns":9},{"damage":6,"enemies":"Looter","floor":12,"turns":1},{"damage":56,"enemies":"Slime Boss","floor":16,"turns":8}],"seed_played":"4273462723701994562","potions_obtained":[{"floor":2,"key":"AttackPotion"},{"floor":4,"key":"FearPotion"},{"floor":6,"key":"Ancient Potion"},{"floor":11,"key":"Fire Potion"}],"is_trial":false,"path_per_floor":["M","M","M","M","M","E","$","R","T","R","E","M","R","?","R","B"],"character_chosen":"IRONCLAD","items_purchased":["Double Tap"],"campfire_rested":1,"item_purchase_floors":[7],"current_hp_per_floor":[80,80,80,62,57,32,32,32,32,32,15,15,54,54,54,0,0],"gold":102,"neow_bonus":"THREE_ENEMY_KILL","is_daily":false,"chose_seed":false,"campfire_upgraded":3,"win_rate":0.0,"timestamp":1612800290,"path_taken":["M","M","M","M","M","E","$","R","T","R","E","M","R","?","R","BOSS"],"items_purchased_type":["Card"],"build_version":"2020-12-22","purchased_purges":0,"victory":false,"max_hp_per_floor":[80,80,80,80,80,80,80,80,80,80,80,80,80,80,80,80,80],"card_choices":[{"not_picked":["Armaments","Havoc"],"picked":"Shrug It Off","floor":1},{"not_picked":["Havoc","Sword Boomerang"],"picked":"Flex","floor":2},{"not_picked":["Intimidate","Twin Strike"],"picked":"Body Slam","floor":3},{"not_picked":["Twin Strike","Burning Pact"],"picked":"Spot Weakness","floor":4},{"not_picked":["Anger","Wild Strike"],"picked":"True Grit","floor":5},{"not_picked":["Perfected Strike","Warcry"],"picked":"Evolve","floor":6},{"not_picked":["Havoc","Hemokinesis"],"picked":"Offering","floor":11},{"not_picked":["Sword Boomerang","Clash","Wild Strike"],"picked":"SKIP","floor":12}],"player_experience":361841,"relics_obtained":[{"floor":6,"key":"Omamori"},{"floor":9,"key":"Frozen Egg 2"},{"floor":11,"key":"Regal Pillow"}],"event_choices":[{"damage_healed":0,"gold_gain":0,"player_choice":"Ignored","damage_taken":0,"max_hp_gain":0,"max_hp_loss":0,"event_name":"Shining Light","floor":14,"gold_loss":0}],"is_beta":false,"boss_relics":[],"items_purged_floors":[],"is_endless":false,"potions_floor_spawned":[2,4,6,11],"killed_by":"Slime Boss","ascension_level":5}}