{"host":"np4f5reu8f2vit8r","time":1612780834,"event":{"mods":["BaseMod","Bestiary","Curses Come First","Minty Spire (QoL Compilation)","Permanent Neow","Relic Stats","StSLib"],"gold_per_floor":[118,136,151,171,189,189,10,10,10,35,35,69,69,102,102,178,178,190,202,218,218,43,43,60,60,60,60,60,78,109,121,121,195,195,206,206,206,206,9,41,41,55,55,55,73,85,85,85,85],"floor_reached":48,"language":"ENG","playtime":2118,"items_purged":[],"score":1100,"play_id":"14981b57-c0d0-4236-9b27-d2f3f540dd65","local_time":"20210208234034","is_ascension_mode":true,"campfire_choices":[{"data":"Searing Blow","floor":6.0,"key":"SMITH"},{"data":"Searing Blow+1","floor":8.0,"key":"SMITH"},{"data":"Searing Blow+2","floor":11.0,"key":"SMITH"},{"data":"Searing Blow+3","floor":13.0,"key":"SMITH"},{"data":"Limit Break","floor":15.0,"key":"SMITH"},{"data":"Searing Blow+5","floor":23.0,"key":"SMITH"},{"data":"Searing Blow+6","floor":25.0,"key":"SMITH"},{"data":"Searing Blow+7","floor":27.0,"key":"SMITH"},{"data":"Dual Wield","floor":32.0,"key":"SMITH"},{"data":"Searing Blow+8","floor":41,"key":"SMITH"},{"data":"Searing Blow+9","floor":44,"key":"SMITH"}],"circlet_count":0,"master_deck":["AscendersBane","Defend_R","Defend_R","Defend_R","Defend_R","Bash","Disarm","Headbutt","Perfected Strike","Perfected Strike","Searing Blow+10","Reaper","Clothesline","Limit Break+1","Evolve","Dual Wield+1","Impervious","CurseOfTheBell","Disarm","Battle Trance","Reaper+1","Wild Strike+1","Bite+1","Bite+1","Bite+1","Bite+1","Bite+1","Pommel Strike+1","Thunderclap+1","Uppercut+1","Feed+1","Shrug It Off","Double Tap","Dual Wield","Pommel Strike+1","Shrug It Off","Battle Trance","Disarm","Pommel Strike+1"],"relics":["Velvet Choker","Paper Frog","Regal Pillow","Eternal Feather","Du-Vu Doll","Calling Bell","Omamori","Molten Egg 2","Mango","MealTicket","SlaversCollar","Orrery","Lizard Tail","InkBottle","White Beast Statue"],"acts_visited":["TheCity","TheBeyond"],"potions_floor_usage":[40,46],"damage_taken":[{"damage":0.0,"enemies":"Cultist","floor":1.0,"turns":3.0},{"damage":3.0,"enemies":"2 Louse","floor":2.0,"turns":3.0},{"damage":7.0,"enemies":"Jaw Worm","floor":3.0,"turns":3.0},{"damage":1.0,"enemies":"2 Fungi Beasts","floor":4.0,"turns":3.0},{"damage":7.0,"enemies":"Looter","floor":5.0,"turns":3.0},{"damage":21.0,"enemies":"Lagavulin","floor":10.0,"turns":7.0},{"damage":5.0,"enemies":"3 Sentries","floor":12.0,"turns":4.0},{"damage":15.0,"enemies":"Lagavulin","floor":14.0,"turns":4.0},{"damage":26.0,"enemies":"The Guardian","floor":16.0,"turns":8.0},{"damage":17.0,"enemies":"Chosen","floor":18.0,"turns":4.0},{"damage":33.0,"enemies":"Spheric Guardian","floor":19.0,"turns":5.0},{"damage":26.0,"enemies":"Centurion and Healer","floor":20.0,"turns":8.0},{"damage":47.0,"enemies":"3 Cultists","floor":24.0,"turns":6.0},{"damage":37.0,"enemies":"Chosen and Byrds","floor":29.0,"turns":5.0},{"damage":30.0,"enemies":"Book of Stabbing","floor":30.0,"turns":5.0},{"damage":0.0,"enemies":"Snake Plant","floor":31.0,"turns":1.0},{"damage":46.0,"enemies":"Champ","floor":33.0,"turns":11.0},{"damage":64.0,"enemies":"3 Darklings","floor":35.0,"turns":7.0},{"damage":51,"enemies":"Nemesis","floor":40,"turns":7},{"damage":32,"enemies":"3 Shapes","floor":42,"turns":8},{"damage":37,"enemies":"Maw","floor":45,"turns":8},{"damage":66,"enemies":"Sphere and 2 Shapes","floor":46,"turns":19},{"damage":64,"enemies":"Giant Head","floor":48,"turns":5}],"seed_played":"-4141650566760191028","potions_obtained":[{"floor":1.0,"key":"Energy Potion"},{"floor":4.0,"key":"GamblersBrew"},{"floor":12.0,"key":"Dexterity Potion"},{"floor":18.0,"key":"EssenceOfSteel"},{"floor":20.0,"key":"ColorlessPotion"},{"floor":24.0,"key":"DuplicationPotion"},{"floor":40,"key":"LiquidBronze"},{"floor":45,"key":"SpeedPotion"}],"is_trial":false,"path_per_floor":["M","M","M","M","M","R","$","R","T","E","R","E","R","E","R","B",null,"M","M","M","?","$","R","M","R","T","R","?","M","E","M","R","B",null,"M","?","?","?","$","E","R","M","T","R","M","M","T","E"],"character_chosen":"IRONCLAD","items_purchased":["Reaper","Clothesline","Reaper+1","Orrery","Shrug It Off"],"campfire_rested":0,"item_purchase_floors":[7,7,22,39,39],"current_hp_per_floor":[68,65,58,57,50,50,50,50,50,29,29,32,44,29,41,29,78,61,28,18,18,18,33,4,19,19,34,34,34,17,23,41,62,62,25,25,25,25,40,7,28,3,3,24,14,23,23,0,0],"gold":85,"neow_bonus":"BOSS_RELIC","is_daily":false,"chose_seed":false,"campfire_upgraded":11,"win_rate":0.0,"timestamp":1612780834,"path_taken":["M","M","M","M","?","R","$","R","T","E","R","E","R","E","R","BOSS","M","M","M","?","?","R","M","R","T","R","?","M","E","M","R","BOSS","M","?","?","?","$","E","R","M","T","R","M","M","?","E"],"items_purchased_type":["Card","Card","Card","Relic","Card"],"build_version":"2020-12-22","purchased_purges":0,"victory":false,"max_hp_per_floor":[75,75,75,75,75,75,75,75,75,75,75,75,75,75,75,75,89,89,89,89,89,89,89,89,89,89,89,62,62,62,62,62,62,62,62,62,62,59,59,59,59,63,63,63,63,67,67,67,67],"relic_stats":{"Regal Pillow":0,"Lizard Tail":31,"counters":[23,137],"Eternal Feather":129,"MealTicket":15,"obtain_stats":[{"Regal Pillow":10,"Velvet Choker":0,"Eternal Feather":12,"Mango":17,"Omamori":17,"Burning Blood":0,"White Beast Statue":47,"Du-Vu Doll":14,"Calling Bell":17,"SlaversCollar":34,"Lizard Tail":40,"Orrery":39,"Molten Egg 2":17,"MealTicket":30,"InkBottle":43,"Paper Frog":9},{"Regal Pillow":6,"Velvet Choker":0,"Eternal Feather":7,"Mango":9,"Omamori":9,"Burning Blood":0,"White Beast Statue":22,"Du-Vu Doll":8,"Calling Bell":9,"SlaversCollar":17,"Lizard Tail":19,"Orrery":18,"Molten Egg 2":9,"MealTicket":15,"InkBottle":20,"Paper Frog":5},{"Regal Pillow":22,"Velvet Choker":0,"Eternal Feather":26,"Mango":38,"Omamori":38,"Burning Blood":0,"White Beast Statue":132,"Du-Vu Doll":30,"Calling Bell":38,"SlaversCollar":83,"Lizard Tail":97,"Orrery":90,"Molten Egg 2":38,"MealTicket":71,"InkBottle":105,"Paper Frog":15}],"InkBottle":[5]},"card_choices":[{"not_picked":["Dropkick","Headbutt"],"picked":"Disarm","floor":1.0},{"not_picked":["True Grit","Wild Strike"],"picked":"Headbutt","floor":2.0},{"not_picked":["Heavy Blade","Headbutt"],"picked":"Perfected Strike","floor":3.0},{"not_picked":["Sword Boomerang","Warcry"],"picked":"Perfected Strike","floor":4.0},{"not_picked":["Offering","Flex"],"picked":"Searing Blow","floor":5.0},{"not_picked":["Battle Trance","Flame Barrier"],"picked":"Limit Break","floor":10.0},{"not_picked":["Clothesline","Headbutt"],"picked":"Evolve","floor":12.0},{"not_picked":["Blood for Blood","Body Slam"],"picked":"Dual Wield","floor":14.0},{"not_picked":["Brutality","Berserk"],"picked":"Impervious","floor":16.0},{"not_picked":["Dual Wield","Sever Soul+1"],"picked":"Disarm","floor":18.0},{"not_picked":["Seeing Red","Reckless Charge+1","Warcry"],"picked":"SKIP","floor":19.0},{"not_picked":["Dual Wield","Clash+1"],"picked":"Battle Trance","floor":20.0},{"not_picked":["Body Slam+1","Twin Strike+1"],"picked":"Wild Strike+1","floor":24.0},{"not_picked":["Headbutt+1","Thunderclap+1"],"picked":"Pommel Strike+1","floor":29.0},{"not_picked":["Headbutt+1","Heavy Blade+1"],"picked":"Thunderclap+1","floor":30.0},{"not_picked":["Clash+1","Rupture"],"picked":"Uppercut+1","floor":31.0},{"not_picked":["Berserk","Bludgeon+1"],"picked":"Feed+1","floor":33.0},{"not_picked":["Whirlwind+1","Thunderclap+1","Armaments"],"picked":"SKIP","floor":35.0},{"not_picked":["Rage","Twin Strike+1"],"picked":"Shrug It Off","floor":39.0},{"not_picked":["Clothesline+1","Pummel+1"],"picked":"Double Tap","floor":39.0},{"not_picked":["Thunderclap+1","Infernal Blade"],"picked":"Dual Wield","floor":39.0},{"not_picked":["Sword Boomerang+1","Warcry"],"picked":"Pommel Strike+1","floor":39.0},{"not_picked":["Pummel+1","Anger+1"],"picked":"Battle Trance","floor":40},{"not_picked":["Battle Trance","Rampage+1","Body Slam+1"],"picked":"SKIP","floor":42},{"not_picked":["True Grit","Anger+1"],"picked":"Disarm","floor":45},{"not_picked":["Second Wind","Pommel Strike+1","Reckless Charge+1"],"picked":"SKIP","floor":46},{"not_picked":["Second Wind","Reckless Charge+1"],"picked":"Pommel Strike+1","floor":46}],"player_experience":938228,"relics_obtained":[{"floor":9.0,"key":"Paper Frog"},{"floor":10.0,"key":"Regal Pillow"},{"floor":12.0,"key":"Eternal Feather"},{"floor":14.0,"key":"Du-Vu Doll"},{"floor":17.0,"key":"Omamori"},{"floor":17.0,"key":"Molten Egg 2"},{"floor":17.0,"key":"Mango"},{"floor":30.0,"key":"MealTicket"},{"floor":40,"key":"Lizard Tail"},{"floor":43,"key":"InkBottle"},{"floor":47,"key":"White Beast Statue"}],"event_choices":[{"damage_healed":0.0,"max_hp_gain":0.0,"max_hp_loss":0.0,"gold_gain":0.0,"event_name":"Upgrade Shrine","player_choice":"Upgraded","floor":21.0,"gold_loss":0.0,"damage_taken":0.0,"cards_upgraded":["Searing Blow"]},{"damage_healed":0.0,"max_hp_gain":0.0,"max_hp_loss":27.0,"gold_gain":0.0,"event_name":"Vampires","player_choice":"Became a vampire","floor":28.0,"gold_loss":0.0,"damage_taken":0.0,"cards_obtained":["Bite","Bite","Bite","Bite","Bite"]},{"damage_healed":0.0,"max_hp_gain":0.0,"max_hp_loss":0.0,"gold_gain":0.0,"event_name":"The Moai Head","player_choice":"Ignored","floor":36.0,"gold_loss":0.0,"damage_taken":0.0},{"damage_healed":0.0,"max_hp_gain":0.0,"max_hp_loss":0.0,"gold_gain":0.0,"event_name":"Tomb of Lord Red Mask","player_choice":"Ignored","floor":37.0,"gold_loss":0.0,"damage_taken":0.0},{"damage_healed":0.0,"max_hp_gain":0.0,"max_hp_loss":3.0,"gold_gain":0.0,"event_name":"Winding Halls","player_choice":"Max HP","floor":38.0,"gold_loss":0.0,"damage_taken":0.0}],"is_beta":false,"boss_relics":[{"not_picked":["Runic Cube","Busted Crown"],"picked":"Calling Bell"},{"not_picked":["Fusion Hammer","SacredBark"],"picked":"SlaversCollar"}],"items_purged_floors":[],"is_endless":false,"potions_floor_spawned":[1,4,5,12,18,20,24,30,40,45],"killed_by":"Giant Head","ascension_level":20}}