{"host":"soyfmymeou4emntr","time":1612743344,"event":{"mods":["BaseMod","Minty Spire (QoL Compilation)","Permanent Neow","Relic Sorter","Relic Stats","StSLib"],"gold_per_floor":[117,134,50,64,139,139,172,172,172,185,211,229,229,261,261,336,336,351,370,99,114,114,114,140,140,140,160,171,171,196,209,209,288,288,303,314,325,10,26,51,69,99,99,110,110,122,152,162,162,162,162,162,162,2,35,35],"floor_reached":57,"language":"ENG","playtime":9182,"items_purged":["Strike_B"],"score":2821,"play_id":"7aca4759-3245-4a85-81d3-b2fcd85c1bef","local_time":"20210207171544","is_ascension_mode":true,"campfire_choices":[{"data":"Streamline","floor":6.0,"key":"SMITH"},{"data":"Self Repair","floor":8.0,"key":"SMITH"},{"data":"Consume","floor":13.0,"key":"SMITH"},{"data":"Coolheaded","floor":15.0,"key":"SMITH"},{"data":"Capacitor","floor":23.0,"key":"SMITH"},{"data":"Biased Cognition","floor":25.0,"key":"SMITH"},{"data":"Barrage","floor":29.0,"key":"SMITH"},{"data":"Hologram","floor":32.0,"key":"SMITH"},{"floor":49.0,"key":"RECALL"},{"data":"Echo Form","floor":53.0,"key":"SMITH"}],"circlet_count":0,"master_deck":["AscendersBane","Strike_B","Defend_B","Defend_B","Defend_B","Defend_B","Zap","Dualcast","Self Repair+1","Coolheaded+1","Beam Cell","Tempest","Consume+1","Cold Snap","Turbo","Auto Shields","Biased Cognition+1","Coolheaded+1","Capacitor+1","Hologram+1","Barrage+1","Ball Lightning","Leap+1","Darkness+1","Darkness+1","Echo Form+1","Multi-Cast+1","Aggregate+1","Stack+1","Coolheaded+1","Hologram+1","Aggregate+1","Redo+1","Rainbow+1","Multi-Cast+1"],"relics":["Velvet Choker","Meat on the Bone","Cables","Odd Mushroom","Akabeko","Runic Pyramid","Potion Belt","Toxic Egg 2","Nunchaku","Regal Pillow","Bag of Preparation","Empty Cage","Runic Capacitor","PreservedInsect","Orichalcum","Blood Vial","TungstenRod","Boot"],"acts_visited":["TheCity","TheBeyond","TheEnding"],"potions_floor_usage":[56,56,56,56,56,56,56,56,56,56,56,56],"damage_taken":[{"damage":7.0,"enemies":"Small Slimes","floor":1.0,"turns":4.0},{"damage":0.0,"enemies":"2 Louse","floor":2.0,"turns":2.0},{"damage":10.0,"enemies":"Jaw Worm","floor":4.0,"turns":4.0},{"damage":30.0,"enemies":"3 Sentries","floor":7.0,"turns":8.0},{"damage":0.0,"enemies":"Red Slaver","floor":10.0,"turns":4.0},{"damage":14.0,"enemies":"The Mushroom Lair","floor":11.0,"turns":4.0},{"damage":14.0,"enemies":"Lots of Slimes","floor":12.0,"turns":3.0},{"damage":15.0,"enemies":"Lagavulin","floor":14.0,"turns":4.0},{"damage":10.0,"enemies":"The Guardian","floor":16.0,"turns":9.0},{"damage":7.0,"enemies":"Spheric Guardian","floor":18.0,"turns":4.0},{"damage":18.0,"enemies":"2 Thieves","floor":19.0,"turns":3.0},{"damage":22.0,"enemies":"Snake Plant","floor":21.0,"turns":4.0},{"damage":19.0,"enemies":"Slavers","floor":24.0,"turns":5.0},{"damage":1.0,"enemies":"Snecko","floor":27.0,"turns":6.0},{"damage":16.0,"enemies":"Centurion and Healer","floor":28.0,"turns":5.0},{"damage":12.0,"enemies":"Gremlin Leader","floor":30.0,"turns":5.0},{"damage":0.0,"enemies":"Snake Plant","floor":31.0,"turns":2.0},{"damage":21.0,"enemies":"Champ","floor":33.0,"turns":6.0},{"damage":0.0,"enemies":"Orb Walker","floor":35.0,"turns":3.0},{"damage":1.0,"enemies":"3 Shapes","floor":36.0,"turns":5.0},{"damage":19.0,"enemies":"3 Darklings","floor":37.0,"turns":5.0},{"damage":31.0,"enemies":"Writhing Mass","floor":39.0,"turns":5.0},{"damage":17.0,"enemies":"Nemesis","floor":40.0,"turns":5.0},{"damage":2.0,"enemies":"4 Shapes","floor":41.0,"turns":7.0},{"damage":0.0,"enemies":"Giant Head","floor":42.0,"turns":4.0},{"damage":9.0,"enemies":"Transient","floor":44.0,"turns":6.0},{"damage":5.0,"enemies":"Sphere and 2 Shapes","floor":46.0,"turns":9.0},{"damage":52.0,"enemies":"Nemesis","floor":47.0,"turns":5.0},{"damage":4.0,"enemies":"3 Darklings","floor":48.0,"turns":6.0},{"damage":9.0,"enemies":"Donu and Deca","floor":50.0,"turns":10.0},{"damage":52.0,"enemies":"Awakened One","floor":51.0,"turns":9.0},{"damage":25,"enemies":"Shield and Spear","floor":55,"turns":6},{"damage":32,"enemies":"The Heart","floor":56,"turns":9}],"seed_played":"2452462789724688917","potions_obtained":[{"floor":1.0,"key":"GamblersBrew"},{"floor":7.0,"key":"Energy Potion"},{"floor":14.0,"key":"Swift Potion"},{"floor":16.0,"key":"FocusPotion"},{"floor":28.0,"key":"DistilledChaos"},{"floor":30.0,"key":"GamblersBrew"},{"floor":31.0,"key":"DuplicationPotion"},{"floor":33.0,"key":"SpeedPotion"},{"floor":36.0,"key":"EntropicBrew"},{"floor":40.0,"key":"Explosive Potion"},{"floor":41.0,"key":"Block Potion"},{"floor":44.0,"key":"FocusPotion"}],"is_trial":false,"path_per_floor":["M","M","$","M","?","R","E","R","T","M","?","M","R","E","R","B",null,"M","M","$","M","T","R","E","R","T","M","M","R","E","M","R","B",null,"M","M","M","$","M","E","M","E","T","M","?","M","E","M","R","B","B",null,"R","$","E","B",null],"character_chosen":"DEFECT","items_purchased":["Coolheaded","Beam Cell","Potion Belt","PowerPotion","Hologram","Runic Capacitor","PreservedInsect","GamblersBrew"],"campfire_rested":0,"item_purchase_floors":[3,3,20,20,20,38,38,54],"current_hp_per_floor":[57,57,57,54,43,43,20,20,20,42,50,36,36,33,33,45,65,68,60,60,48,48,48,51,51,51,60,54,54,52,52,52,63,69,71,71,62,62,63,56,64,71,71,71,71,71,31,51,51,64,46,65,65,65,42,34],"gold":35,"neow_bonus":"BOSS_RELIC","is_daily":false,"chose_seed":false,"campfire_upgraded":9,"win_rate":0.0,"timestamp":1612743344,"path_taken":["M","M","$","M","?","R","E","R","T","M","?","?","R","E","R","BOSS","M","M","$","M","?","R","E","R","T","M","M","R","E","M","R","BOSS","M","M","M","$","M","E","?","E","T","M","?","M","E","M","R","BOSS","BOSS","R","$","E","BOSS"],"items_purchased_type":["Card","Card","Relic","Potion","Card","Relic","Relic","Potion"],"build_version":"2020-12-22","purchased_purges":1,"victory":true,"max_hp_per_floor":[71,71,71,71,71,71,71,71,71,71,71,71,71,71,71,71,71,71,71,71,71,71,71,71,71,71,71,71,71,71,71,71,71,71,71,71,71,71,71,71,71,71,71,71,71,71,71,71,71,71,71,71,71,71,71,71],"relic_stats":{"Blood Vial":10,"Nunchaku":[10],"Regal Pillow":0,"counters":[33,176],"PreservedInsect":307,"Bag of Preparation":[34],"Orichalcum":[102],"Boot":[2],"obtain_stats":[{"Potion Belt":20,"Regal Pillow":26,"Velvet Choker":0,"PreservedInsect":38,"Bag of Preparation":30,"Runic Capacitor":38,"Odd Mushroom":11,"Orichalcum":40,"Empty Cage":34,"Boot":55,"Akabeko":14,"Cables":9,"Blood Vial":42,"Nunchaku":24,"Toxic Egg 2":22,"Cracked Core":0,"TungstenRod":47,"Meat on the Bone":7,"Runic Pyramid":17},{"Potion Belt":11,"Regal Pillow":13,"Velvet Choker":0,"PreservedInsect":21,"Bag of Preparation":16,"Runic Capacitor":21,"Odd Mushroom":6,"Orichalcum":23,"Empty Cage":18,"Boot":32,"Akabeko":8,"Cables":4,"Blood Vial":25,"Nunchaku":13,"Toxic Egg 2":12,"Cracked Core":0,"TungstenRod":28,"Meat on the Bone":4,"Runic Pyramid":9},{"Potion Belt":49,"Regal Pillow":58,"Velvet Choker":0,"PreservedInsect":95,"Bag of Preparation":74,"Runic Capacitor":95,"Odd Mushroom":26,"Orichalcum":105,"Empty Cage":82,"Boot":167,"Akabeko":33,"Cables":18,"Blood Vial":116,"Nunchaku":58,"Toxic Egg 2":53,"Cracked Core":0,"TungstenRod":136,"Meat on the Bone":18,"Runic Pyramid":42}],"TungstenRod":30,"Meat on the Bone":132,"Cables":[151,48,46,57,0]},"card_choices":[{"not_picked":["Force Field","Scrape","Reprogram"],"picked":"SKIP","floor":1.0},{"not_picked":["Compile Driver","Leap"],"picked":"Self Repair","floor":2.0},{"not_picked":["Fusion","Blizzard"],"picked":"Streamline","floor":4.0},{"not_picked":["Thunder Strike","Steam Power"],"picked":"Tempest","floor":7.0},{"not_picked":["Static Discharge","Go for the Eyes"],"picked":"Consume","floor":10.0},{"not_picked":["Rebound","Stack"],"picked":"Cold Snap","floor":11.0},{"not_picked":["Tempest","Streamline"],"picked":"Turbo","floor":12.0},{"not_picked":["Streamline","Steam"],"picked":"Auto Shields","floor":14.0},{"not_picked":["Amplify","Core Surge"],"picked":"Biased Cognition","floor":16.0},{"not_picked":["Steam","White Noise"],"picked":"Coolheaded+1","floor":18.0},{"not_picked":["Turbo","Blizzard"],"picked":"Capacitor","floor":19.0},{"not_picked":["Cold Snap","Consume"],"picked":"Barrage","floor":21.0},{"not_picked":["Rip and Tear","Gash"],"picked":"Ball Lightning","floor":24.0},{"not_picked":["Go for the Eyes","Gash"],"picked":"Leap+1","floor":27.0},{"not_picked":["Lockon","Rebound"],"picked":"Darkness+1","floor":28.0},{"not_picked":["Glacier+1","Auto Shields+1"],"picked":"Darkness+1","floor":30.0},{"not_picked":["Genetic Algorithm+1","Steam+1"],"picked":"Echo Form","floor":31.0},{"not_picked":["Reboot+1","Biased Cognition"],"picked":"Multi-Cast+1","floor":33.0},{"not_picked":["Cold Snap","Gash+1"],"picked":"Aggregate+1","floor":35.0},{"not_picked":["Sunder","Rip and Tear+1"],"picked":"Stack+1","floor":36.0},{"not_picked":["Doom and Gloom","Barrage","Gash+1"],"picked":"SKIP","floor":37.0},{"not_picked":["Steam Power+1","Barrage"],"picked":"Coolheaded+1","floor":39.0},{"not_picked":["Chill+1","Sweeping Beam"],"picked":"Hologram+1","floor":40.0},{"not_picked":["Coolheaded+1","Rebound"],"picked":"Aggregate+1","floor":41.0},{"not_picked":["Hologram+1","Coolheaded+1"],"picked":"Redo+1","floor":42.0},{"not_picked":["Conserve Battery+1","Stack+1"],"picked":"Rainbow+1","floor":44.0},{"not_picked":["Coolheaded+1","Go for the Eyes","Steam+1"],"picked":"SKIP","floor":46.0},{"not_picked":["Fusion+1","Storm+1","Force Field+1"],"picked":"SKIP","floor":47.0},{"not_picked":["Chill+1","Compile Driver","Scrape"],"picked":"SKIP","floor":48.0},{"not_picked":["Sweeping Beam+1","Ball Lightning+1"],"picked":"Multi-Cast+1","floor":55}],"player_experience":3105746,"relics_obtained":[{"floor":7.0,"key":"Meat on the Bone"},{"floor":9.0,"key":"Cables"},{"floor":11.0,"key":"Odd Mushroom"},{"floor":14.0,"key":"Akabeko"},{"floor":22.0,"key":"Toxic Egg 2"},{"floor":24.0,"key":"Nunchaku"},{"floor":26.0,"key":"Regal Pillow"},{"floor":30.0,"key":"Bag of Preparation"},{"floor":40.0,"key":"Orichalcum"},{"floor":42.0,"key":"Blood Vial"},{"floor":47.0,"key":"TungstenRod"},{"floor":55,"key":"Boot"}],"event_choices":[{"damage_healed":0.0,"max_hp_gain":0.0,"max_hp_loss":0.0,"gold_gain":75.0,"event_name":"World of Goop","player_choice":"Gather Gold","floor":5.0,"gold_loss":0.0,"damage_taken":11.0},{"damage_healed":0.0,"max_hp_gain":0.0,"max_hp_loss":0.0,"gold_gain":0.0,"event_name":"Mushrooms","player_choice":"Fought Mushrooms","floor":11.0,"gold_loss":0.0,"damage_taken":0.0},{"cards_removed":["Streamline"],"damage_healed":0.0,"max_hp_gain":0.0,"max_hp_loss":0.0,"gold_gain":0.0,"event_name":"Falling","player_choice":"Removed Attack","floor":45.0,"gold_loss":0.0,"damage_taken":0.0}],"is_beta":false,"boss_relics":[{"not_picked":["Black Star","Cursed Key"],"picked":"Runic Pyramid"},{"not_picked":["Sozu","Philosopher\u0027s Stone"],"picked":"Empty Cage"}],"items_purged_floors":[54],"is_endless":false,"potions_floor_spawned":[1,7,10,14,16,19,28,30,31,33,36,40,41,44,48],"ascension_level":20}}