{"host":"8u1cu4kisw6g21am","time":1612823010,"event":{"mods":["AchievementEnabler","BaseMod","Bestiary","BetterRewards","Minty Spire (QoL Compilation)","Quick Restart","Shop Mod","StSLib"],"gold_per_floor":[115,115,131,150,168,168,201,201,227,227,243,287,353,153,153,277,277,297,311,334,28,43,43,67,67,93,108,108,147,117,132,132,251,251,275,338,338,149,168,168,203,203,230,269,282,296,132,152,152,152],"floor_reached":51,"language":"ENG","playtime":5215,"items_purged":["Defend_R","Dark Embrace+1"],"score":814,"play_id":"fb5c2dbe-5414-46bc-a040-9ff9379190d2","local_time":"20210208172330","is_ascension_mode":false,"campfire_choices":[{"data":"Flex","floor":6.0,"key":"SMITH"},{"data":"Barricade","floor":10.0,"key":"SMITH"},{"data":"Limit Break","floor":15.0,"key":"SMITH"},{"floor":23.0,"key":"REST"},{"data":"Flex","floor":25.0,"key":"SMITH"},{"data":"Armaments","floor":28.0,"key":"SMITH"},{"data":"Pommel Strike","floor":32.0,"key":"SMITH"},{"data":"Secret Technique","floor":40.0,"key":"SMITH"},{"data":"Sword Boomerang","floor":42.0,"key":"SMITH"},{"data":"Demon Form","floor":49,"key":"SMITH"}],"circlet_count":0,"master_deck":["Strike_R","Strike_R","Strike_R+1","Strike_R","Strike_R","Defend_R+1","Defend_R","Defend_R+1","Bash","Flex+1","Shrug It Off","Headbutt","Clash","Sword Boomerang+1","Barricade+1","Pommel Strike+1","Sword Boomerang","Limit Break+1","Flex+1","Demon Form+1","Shrug It Off","Burning Pact+1","Whirlwind+1","Reaper+1","Armaments+1","Shrug It Off+1","Thunderclap","Berserk","Disarm+1","Double Tap","Shrug It Off+1","Secret Technique+1","Inflame","Headbutt+1","Heavy Blade+1","Parasite","Flex+1","Twin Strike+1"],"relics":["Burning Blood","Golden Idol","Toy Ornithopter","Vajra","Philosopher\u0027s Stone","Brimstone","Pen Nib","Pantograph","SlaversCollar","Charon\u0027s Ashes","MerchantsRug","Question Card","Lantern","War Paint"],"acts_visited":["Exordium","TheCity","TheBeyond"],"potions_floor_usage":[],"damage_taken":[{"damage":0.0,"enemies":"Small Slimes","floor":1.0,"turns":3.0},{"damage":7.0,"enemies":"2 Louse","floor":3.0,"turns":2.0},{"damage":0.0,"enemies":"Cultist","floor":4.0,"turns":3.0},{"damage":5.0,"enemies":"Looter","floor":5.0,"turns":2.0},{"damage":23.0,"enemies":"Lagavulin","floor":7.0,"turns":5.0},{"damage":9.0,"enemies":"Large Slime","floor":11.0,"turns":3.0},{"damage":18.0,"enemies":"Gremlin Nob","floor":12.0,"turns":4.0},{"damage":24.0,"enemies":"Slime Boss","floor":16.0,"turns":8.0},{"damage":6.0,"enemies":"Shell Parasite","floor":18.0,"turns":2.0},{"damage":17.0,"enemies":"2 Thieves","floor":19.0,"turns":3.0},{"damage":64.0,"enemies":"3 Cultists","floor":20.0,"turns":6.0},{"damage":23.0,"enemies":"Centurion and Healer","floor":22.0,"turns":3.0},{"damage":6.0,"enemies":"Chosen and Byrds","floor":24.0,"turns":3.0},{"damage":19.0,"enemies":"Snecko","floor":27.0,"turns":4.0},{"damage":0.0,"enemies":"Slavers","floor":29.0,"turns":1.0},{"damage":24.0,"enemies":"Shelled Parasite and Fungi","floor":31.0,"turns":2.0},{"damage":12.0,"enemies":"Champ","floor":33.0,"turns":7.0},{"damage":6.0,"enemies":"Orb Walker","floor":35.0,"turns":3.0},{"damage":63.0,"enemies":"2 Orb Walkers","floor":36.0,"turns":3.0},{"damage":21.0,"enemies":"3 Darklings","floor":39.0,"turns":2.0},{"damage":8.0,"enemies":"Nemesis","floor":41.0,"turns":3.0},{"damage":0.0,"enemies":"Reptomancer","floor":44.0,"turns":2.0},{"damage":19,"enemies":"Writhing Mass","floor":45,"turns":4},{"damage":3,"enemies":"4 Shapes","floor":46,"turns":2},{"damage":0,"enemies":"Sphere and 2 Shapes","floor":48,"turns":2},{"damage":106,"enemies":"Awakened One","floor":50,"turns":5}],"seed_played":"-7137541690437314214","potions_obtained":[{"floor":1.0,"key":"SmokeBomb"},{"floor":7.0,"key":"Dexterity Potion"},{"floor":11.0,"key":"Explosive Potion"},{"floor":16.0,"key":"DuplicationPotion"},{"floor":18.0,"key":"ColorlessPotion"},{"floor":20.0,"key":"Regen Potion"},{"floor":30.0,"key":"SkillPotion"},{"floor":30.0,"key":"GamblersBrew"},{"floor":31.0,"key":"LiquidMemories"},{"floor":36.0,"key":"Swift Potion"},{"floor":39.0,"key":"SteroidPotion"},{"floor":46,"key":"Regen Potion"},{"floor":48,"key":"FairyPotion"}],"is_trial":false,"path_per_floor":["M","?","M","M","M","R","E","?","T","R","M","E","?","$","R","B",null,"M","M","M","$","M","R","M","R","T","M","R","E","?","M","R","B",null,"M","?","?","$","M","R","E","R","T","E","M","M","$","M","R","B",null],"character_chosen":"IRONCLAD","items_purchased":["Limit Break","Flex","Reaper","Brimstone","MerchantsRug","War Paint"],"campfire_rested":1,"item_purchase_floors":[14,14,21,21,38,47],"current_hp_per_floor":[80,60,59,65,66,66,49,75,75,75,77,72,72,72,72,59,87,87,76,18,18,20,46,64,64,64,51,51,57,57,39,39,87,87,87,52,52,52,72,72,71,71,71,82,69,72,72,78,78,30],"gold":152,"neow_bonus":"THREE_CARDS","is_daily":false,"chose_seed":false,"campfire_upgraded":9,"win_rate":0.0,"timestamp":1612823010,"path_taken":["M","?","M","M","M","R","E","?","T","R","M","E","?","?","R","BOSS","M","M","M","$","M","R","M","R","T","M","R","E","?","M","R","BOSS","M","?","?","$","M","R","E","R","T","E","M","M","$","M","R","BOSS"],"items_purchased_type":["Card","Card","Card","Relic","Relic","Relic"],"build_version":"2020-12-22","purchased_purges":2,"victory":true,"max_hp_per_floor":[80,80,80,80,80,80,80,80,80,80,80,87,87,87,87,87,87,87,87,87,87,87,87,87,87,87,87,87,87,87,87,87,87,87,87,87,87,87,87,87,87,87,87,87,87,87,87,87,87,87],"card_choices":[{"not_picked":["Uppercut","Headbutt"],"picked":"Flex","floor":0.0},{"not_picked":["Reckless Charge","Warcry"],"picked":"Shrug It Off","floor":1.0},{"not_picked":["Dropkick","Clash"],"picked":"Headbutt","floor":3.0},{"not_picked":["True Grit","Body Slam"],"picked":"Clash","floor":4.0},{"not_picked":["Perfected Strike","Reaper"],"picked":"Sword Boomerang","floor":5.0},{"not_picked":["Perfected Strike","Thunderclap"],"picked":"Barricade","floor":7.0},{"not_picked":["Bloodletting","Anger"],"picked":"Pommel Strike","floor":11.0},{"not_picked":["Bloodletting","Battle Trance"],"picked":"Sword Boomerang","floor":12.0},{"not_picked":["Corruption","Double Tap"],"picked":"Demon Form","floor":16.0},{"not_picked":["Body Slam+1","Dark Embrace"],"picked":"Shrug It Off","floor":18.0},{"not_picked":["Rage","Twin Strike+1"],"picked":"Burning Pact+1","floor":19.0},{"not_picked":["Feel No Pain","Rampage"],"picked":"Whirlwind+1","floor":20.0},{"not_picked":["Perfected Strike","Clash"],"picked":"Armaments","floor":22.0},{"not_picked":["Thunderclap","Infernal Blade"],"picked":"Shrug It Off+1","floor":24.0},{"not_picked":["True Grit","Clothesline"],"picked":"Thunderclap","floor":27.0},{"not_picked":["Infernal Blade","Carnage+1"],"picked":"Berserk","floor":29.0},{"not_picked":["Intimidate","Heavy Blade"],"picked":"Disarm+1","floor":31.0},{"not_picked":["Fiend Fire","Barricade"],"picked":"Double Tap","floor":33.0},{"not_picked":["Shockwave+1","Cleave+1"],"picked":"Shrug It Off+1","floor":35.0},{"not_picked":["Battle Trance","Sword Boomerang"],"picked":"Dark Embrace+1","floor":36.0},{"not_picked":["Panache","Discovery"],"picked":"Secret Technique","floor":37.0},{"not_picked":["Metallicize","True Grit"],"picked":"Inflame","floor":39.0},{"not_picked":["Twin Strike+1","Body Slam+1"],"picked":"Headbutt+1","floor":41.0},{"not_picked":["Cleave","Headbutt+1","Armaments+1"],"picked":"Heavy Blade+1","floor":44.0},{"not_picked":["Headbutt","Anger","Reaper","Infernal Blade"],"picked":"SKIP","floor":45},{"not_picked":["Anger","Clothesline+1","Warcry+1"],"picked":"Flex+1","floor":46},{"not_picked":["Clash","Seeing Red","Fire Breathing+1"],"picked":"Twin Strike+1","floor":48}],"player_experience":0,"relics_obtained":[{"floor":7.0,"key":"Toy Ornithopter"},{"floor":9.0,"key":"Vajra"},{"floor":12.0,"key":"Strawberry"},{"floor":26.0,"key":"Pen Nib"},{"floor":29.0,"key":"Pantograph"},{"floor":36.0,"key":"Charon\u0027s Ashes"},{"floor":41.0,"key":"Question Card"},{"floor":43.0,"key":"Whetstone"},{"floor":44.0,"key":"Lantern"}],"event_choices":[{"damage_healed":0.0,"max_hp_gain":0.0,"max_hp_loss":0.0,"gold_gain":0.0,"event_name":"Golden Idol","player_choice":"Take Damage","floor":2.0,"gold_loss":0.0,"damage_taken":20.0,"relics_obtained":["Golden Idol"]},{"damage_healed":26.0,"max_hp_gain":0.0,"max_hp_loss":0.0,"gold_gain":0.0,"event_name":"Big Fish","player_choice":"Banana","floor":8.0,"gold_loss":0.0,"damage_taken":0.0},{"damage_healed":0.0,"max_hp_gain":0.0,"max_hp_loss":0.0,"gold_gain":66.0,"event_name":"Golden Wing","player_choice":"Gained Gold","floor":13.0,"gold_loss":0.0,"damage_taken":0.0},{"damage_healed":0.0,"max_hp_gain":0.0,"max_hp_loss":0.0,"gold_gain":0.0,"event_name":"The Woman in Blue","player_choice":"Bought 2 Potions","floor":30.0,"gold_loss":0.0,"damage_taken":0.0},{"damage_healed":0.0,"max_hp_gain":0.0,"max_hp_loss":0.0,"gold_gain":0.0,"event_name":"Mysterious Sphere","player_choice":"Fight","floor":36.0,"gold_loss":0.0,"damage_taken":0.0},{"damage_healed":0.0,"max_hp_gain":0.0,"max_hp_loss":0.0,"gold_gain":0.0,"event_name":"SensoryStone","player_choice":"Memory 1","floor":37.0,"gold_loss":0.0,"damage_taken":0.0}],"is_beta":false,"boss_relics":[{"not_picked":["Snecko Eye","Fusion Hammer"],"picked":"Philosopher\u0027s Stone"},{"not_picked":["Tiny House","Runic Dome"],"picked":"SlaversCollar"}],"items_purged_floors":[38,47],"is_endless":false,"potions_floor_spawned":[1,7,11,16,18,20,31,36,39,46,48],"ascension_level":0}}