{"host":"enmin8e0t0h2jpek","time":1612777956,"event":{"mods":["AchievementEnabler","BaseMod","BetterRewards","Colored Map","Colored Powertips","DeckTracker","Gremlin Skip","Highlight Path","Minty Spire (QoL Compilation)","Quick Restart","Rare Cards Sparkle","Relic Stats","Remove Card Discount Mod","Replay The Spire","Shop Mod","StSLib","SuperFastMode","Transform Curses","slay the spire mod where everything is the same but ironclad has a cowboy hat"],"gold_per_floor":[110,110,128,7576,7591,7616,7632,7632,7700,7734,7751,7751,7751],"floor_reached":12,"language":"DEU","playtime":1211,"items_purged":[],"score":174,"play_id":"69377f16-076e-4ccc-9bd1-cc599d0a6a30","local_time":"20210208105236","is_ascension_mode":true,"campfire_choices":[{"floor":8,"key":"REST"}],"circlet_count":0,"master_deck":["Strike_B","Strike_B","Strike_B","Strike_B","Defend_B","Defend_B","Defend_B","Defend_B","Zap+1","Dualcast","White Noise","Conserve Battery","Defragment","BootSequence","Barrage","Turbo","Redo","Capacitor","Multi-Cast","Barrage","Darkness","Ball Lightning"],"relics":["Cracked Core","Strange Spoon","Dream Catcher","MerchantsRug","Singing Bowl","HandDrill","Replay:Accelerometer","Replay:Baseball","Frozen Eye","Nunchaku","Incense Burner","Solar Panel","Toy Ornithopter"],"acts_visited":["Exordium"],"potions_floor_usage":[],"damage_taken":[{"damage":4,"enemies":"Small Slimes","floor":1,"turns":4},{"damage":7,"enemies":"2 Louse","floor":3,"turns":3},{"damage":10,"enemies":"Cultist","floor":5,"turns":4},{"damage":18,"enemies":"3 Sentries","floor":6,"turns":8},{"damage":1,"enemies":"Looter","floor":7,"turns":2},{"damage":33,"enemies":"Lagavulin","floor":10,"turns":8},{"damage":4,"enemies":"Red Slaver","floor":11,"turns":3},{"damage":32,"enemies":"Gremlin Nob","floor":12,"turns":3}],"seed_played":"4666577308593161270","potions_obtained":[{"floor":3,"key":"LiquidMemories"},{"floor":5,"key":"Fire Potion"},{"floor":7,"key":"Weak Potion"}],"is_trial":false,"path_per_floor":["M","?","M","$","M","E","M","R","T","E","M","E"],"character_chosen":"DEFECT","items_purchased":["Strange Spoon","Dream Catcher","MerchantsRug","White Noise","Singing Bowl","HandDrill","Replay:Accelerometer","Conserve Battery","Defragment","Barrage","Replay:Baseball","Frozen Eye","Nunchaku","Turbo"],"campfire_rested":1,"item_purchase_floors":[0,0,0,0,0,0,0,0,0,4,4,4,4,4],"current_hp_per_floor":[73,73,66,66,56,38,37,60,60,31,29,0,0],"gold":7751,"neow_bonus":"","is_daily":false,"chose_seed":false,"campfire_upgraded":0,"win_rate":0.0,"timestamp":1612777956,"path_taken":["M","?","M","$","M","E","M","R","T","E","M","E"],"items_purchased_type":["Relic","Relic","Relic","Card","Relic","Relic","Relic","Card","Card","Card","Relic","Relic","Relic","Card"],"build_version":"2020-12-22","purchased_purges":0,"victory":false,"max_hp_per_floor":[77,77,77,77,77,77,77,77,77,77,77,77,77],"relic_stats":{"Strange Spoon":[12],"Dream Catcher":1,"Nunchaku":[2],"Singing Bowl":4,"counters":[34,108],"HandDrill":[2],"obtain_stats":[{"Solar Panel":9,"Replay:Accelerometer":48,"Carrot":29,"Singing Bowl":46,"StoneCalendar":38,"Replay:Multitool":12,"Incense Burner":6,"Whetstone":11,"Sling":38,"Pet Ghost":23,"ClockworkSouvenir":12,"Replay:Ringing Soul":4,"Frozen Eye":4,"Dream Catcher":0,"Nunchaku":4,"HornCleat":46,"DollysMirror":4,"Sundial":45,"Fusion Hammer":17,"Iron Hammer":25,"HandDrill":0,"Replay:Bottled Snecko":7,"Kunai":25,"Toxic Egg 2":4,"Cracked Core":0,"MerchantsRug":4,"Oddly Smooth Stone":26,"Pen Nib":9,"Replay:WaspNest":12,"Orichalcum":38,"War Paint":41,"MawBank":43,"Akabeko":19,"Du-Vu Doll":8,"OrangePellets":25,"Cauldron":41,"Strange Spoon":0,"Replay:Baseball":4,"Simple Rune":41,"Bag of Marbles":19,"Abe\u0027s Treasure":34,"Toy Ornithopter":10,"ReplayTheSpireMod:ShopPack":19},{"Solar Panel":31,"Replay:Accelerometer":25,"Carrot":16,"Singing Bowl":24,"StoneCalendar":22,"Replay:Multitool":7,"Incense Burner":30,"Whetstone":7,"Sling":22,"Pet Ghost":14,"ClockworkSouvenir":7,"Replay:Ringing Soul":3,"Frozen Eye":28,"Dream Catcher":26,"Nunchaku":28,"HornCleat":24,"DollysMirror":3,"Sundial":24,"Fusion Hammer":9,"Iron Hammer":14,"HandDrill":26,"Replay:Bottled Snecko":5,"Kunai":14,"Toxic Egg 2":3,"Cracked Core":0,"MerchantsRug":3,"Oddly Smooth Stone":14,"Pen Nib":5,"Replay:WaspNest":7,"Orichalcum":22,"War Paint":22,"MawBank":23,"Akabeko":10,"Du-Vu Doll":5,"OrangePellets":14,"Cauldron":22,"Strange Spoon":26,"Replay:Baseball":28,"Simple Rune":22,"Bag of Marbles":10,"Abe\u0027s Treasure":19,"Toy Ornithopter":32,"ReplayTheSpireMod:ShopPack":10},{"Solar Panel":94,"Replay:Accelerometer":66,"Carrot":46,"Singing Bowl":65,"StoneCalendar":60,"Replay:Multitool":20,"Incense Burner":92,"Whetstone":20,"Sling":60,"Pet Ghost":42,"ClockworkSouvenir":20,"Replay:Ringing Soul":7,"Frozen Eye":80,"Dream Catcher":73,"Nunchaku":80,"HornCleat":65,"DollysMirror":7,"Sundial":65,"Fusion Hammer":28,"Iron Hammer":42,"HandDrill":73,"Replay:Bottled Snecko":15,"Kunai":42,"Toxic Egg 2":7,"Cracked Core":0,"MerchantsRug":7,"Oddly Smooth Stone":42,"Pen Nib":15,"Replay:WaspNest":20,"Orichalcum":60,"War Paint":60,"MawBank":62,"Akabeko":31,"Du-Vu Doll":15,"OrangePellets":42,"Cauldron":60,"Strange Spoon":73,"Replay:Baseball":80,"Simple Rune":60,"Bag of Marbles":31,"Abe\u0027s Treasure":55,"Toy Ornithopter":102,"ReplayTheSpireMod:ShopPack":31}],"Toy Ornithopter":0},"card_choices":[{"not_picked":["ReplayTheSpireMod:Reroute Power","Gash","BasicCrystalCard"],"picked":"Singing Bowl","floor":1},{"not_picked":["Stack","Doom and Gloom"],"picked":"BootSequence","floor":3},{"not_picked":["ReplayGash","Sweeping Beam"],"picked":"Redo","floor":5},{"not_picked":["ReplaySolidLightProjector","ReplayTheSpireMod:System Scan"],"picked":"Capacitor","floor":6},{"not_picked":["Turbo","Panic Button"],"picked":"Multi-Cast","floor":7},{"not_picked":["Gash","Go for the Eyes"],"picked":"Barrage","floor":8},{"not_picked":["Doom and Gloom","Consume"],"picked":"Darkness","floor":10},{"not_picked":["Fusion","Lockon"],"picked":"Ball Lightning","floor":11}],"player_experience":63711,"relics_obtained":[{"floor":6,"key":"Incense Burner"},{"floor":9,"key":"Solar Panel"},{"floor":10,"key":"Toy Ornithopter"}],"event_choices":[],"is_beta":false,"boss_relics":[],"items_purged_floors":[],"is_endless":false,"potions_floor_spawned":[3,5,7],"killed_by":"Gremlin Nob","ascension_level":2}}