{"host":"nptej036rrbiurf5","time":1612750072,"event":{"mods":["BaseMod","Colored Map","Colored Powertips","DeckTracker","Minty Spire (QoL Compilation)","StSLib","SuperFastMode"],"gold_per_floor":[119,132,151,151,168,168,7,24,92,3,3,3],"floor_reached":11,"language":"KOR","playtime":258,"items_purged":[],"score":130,"play_id":"07647e1e-4805-4035-a795-0bab7d8bfd8c","local_time":"20210208110752","is_ascension_mode":true,"campfire_choices":[{"data":"Setup","floor":6,"key":"SMITH"}],"circlet_count":0,"master_deck":["AscendersBane","Strike_G","Strike_G","Strike_G","Strike_G","Defend_G","Defend_G","Defend_G+1","Defend_G","Survivor","Neutralize","Setup+1","Predator","Bouncing Flask","Tactician+1","Backflip","Flechettes","Wraith Form v2","Escape Plan","Well Laid Plans","Dagger Throw","Concentrate","Reflex"],"relics":["Ring of the Snake","Orrery","Question Card"],"acts_visited":["Exordium"],"potions_floor_usage":[5,11],"damage_taken":[{"damage":0.0,"enemies":"Cultist","floor":1.0,"turns":3.0},{"damage":8.0,"enemies":"2 Louse","floor":2.0,"turns":4.0},{"damage":12.0,"enemies":"Jaw Worm","floor":3.0,"turns":3.0},{"damage":6,"enemies":"Exordium Wildlife","floor":5,"turns":3},{"damage":0,"enemies":"Red Slaver","floor":8,"turns":3},{"damage":2,"enemies":"Gremlin Nob","floor":11,"turns":4}],"seed_played":"-2884369039772505299","potions_obtained":[{"floor":1.0,"key":"Swift Potion"},{"floor":3.0,"key":"CunningPotion"},{"floor":5,"key":"Block Potion"}],"is_trial":false,"path_per_floor":["M","M","M","?","M","R","$","M","T","$","E"],"character_chosen":"THE_SILENT","items_purchased":["Orrery","Reflex"],"campfire_rested":0,"item_purchase_floors":[7,10],"current_hp_per_floor":[59,51,39,21,15,15,15,15,15,15,13,13],"gold":3,"neow_bonus":"TRANSFORM_TWO_CARDS","is_daily":false,"chose_seed":false,"campfire_upgraded":1,"win_rate":0.0,"timestamp":1612750072,"path_taken":["M","?","M","?","M","R","?","M","T","?","E"],"items_purchased_type":["Relic","Card"],"build_version":"2020-12-22","purchased_purges":0,"victory":false,"max_hp_per_floor":[60,60,60,60,60,60,60,60,60,60,60,60],"card_choices":[{"not_picked":["Concentrate","Poisoned Stab"],"picked":"Bouncing Flask","floor":1.0},{"not_picked":["Heel Hook","Cloak And Dagger"],"picked":"Tactician","floor":2.0},{"not_picked":["Skewer","Blade Dance"],"picked":"Backflip","floor":3.0},{"not_picked":["Sucker Punch","Accuracy"],"picked":"Flechettes","floor":5},{"not_picked":["Bouncing Flask","Acrobatics"],"picked":"Wraith Form v2","floor":7},{"not_picked":["Underhanded Strike","Caltrops"],"picked":"Escape Plan","floor":7},{"not_picked":["Tactician","Prepared"],"picked":"Well Laid Plans","floor":7},{"not_picked":["Backflip","Cloak And Dagger"],"picked":"Dagger Throw","floor":7},{"not_picked":["Dagger Spray","Quick Slash"],"picked":"Concentrate","floor":7},{"not_picked":["Malaise","Outmaneuver","Quick Slash"],"picked":"SKIP","floor":8}],"player_experience":908066,"relics_obtained":[{"floor":9,"key":"Question Card"}],"event_choices":[{"damage_healed":0.0,"max_hp_gain":0.0,"max_hp_loss":0.0,"gold_gain":0.0,"event_name":"Shining Light","player_choice":"Entered Light","floor":4.0,"gold_loss":0.0,"damage_taken":18.0,"cards_upgraded":["Defend_G","Tactician"]}],"is_beta":false,"boss_relics":[],"items_purged_floors":[],"is_endless":false,"potions_floor_spawned":[1,3,5],"killed_by":"Gremlin Nob","ascension_level":20}}