{"host":"zwezhz46a5cjkxff","time":1612771275,"event":{"mods":["AchievementEnabler","BaseMod","Colored Map","Colored Powertips","DeckTracker","Minty Spire (QoL Compilation)","Permanent Neow","Quick Restart","Rare Cards Sparkle","Relic Stats","StSLib","SuperFastMode"],"gold_per_floor":[368,368,436,22,72,72,110,335,335,335,385,148,222,257,257,378,378,362,412,431,40,40,40],"floor_reached":22,"language":"ENG","playtime":595,"items_purged":["Doubt","Strike_B"],"score":234,"play_id":"7f133e4f-6aac-4e71-93d7-2dc85c75039f","local_time":"20210208020115","is_ascension_mode":true,"campfire_choices":[{"floor":6,"key":"RECALL"},{"floor":10,"key":"REST"},{"floor":15,"key":"REST"}],"circlet_count":0,"master_deck":["Strike_B","Strike_B","Strike_B","Defend_B","Defend_B","Defend_B","Defend_B","Zap","Dualcast","Static Discharge","Gash","Capacitor","Chill","Steam","Defragment+1","Echo Form","Chaos","Fusion","Redo","Buffer"],"relics":["Cracked Core","SsserpentHead","HornCleat","Golden Idol","Boot","Question Card","Philosopher\u0027s Stone","MutagenicStrength","Tiny Chest"],"acts_visited":["Exordium","TheCity"],"potions_floor_usage":[14,16,20],"damage_taken":[{"damage":0,"enemies":"Small Slimes","floor":1,"turns":3},{"damage":1,"enemies":"Cultist","floor":3,"turns":3},{"damage":26,"enemies":"Lagavulin","floor":7,"turns":7},{"damage":15,"enemies":"2 Louse","floor":13,"turns":4},{"damage":20,"enemies":"Gremlin Nob","floor":14,"turns":5},{"damage":18,"enemies":"The Guardian","floor":16,"turns":7},{"damage":24,"enemies":"2 Thieves","floor":18,"turns":4},{"damage":24,"enemies":"Spheric Guardian","floor":20,"turns":4},{"damage":23,"enemies":"3 Cultists","floor":22,"turns":4}],"seed_played":"-2981795722210388517","potions_obtained":[{"floor":7,"key":"SkillPotion"},{"floor":14,"key":"SkillPotion"},{"floor":16,"key":"DuplicationPotion"}],"is_trial":false,"path_per_floor":["M","?","M","$","?","R","E","?","T","R","?","$","M","E","R","B",null,"M","?","M","$","M"],"character_chosen":"DEFECT","items_purchased":["HornCleat","Capacitor","Chill","Steam","Echo Form","Tiny Chest","Buffer"],"campfire_rested":2,"item_purchase_floors":[4,4,4,4,12,21,21],"current_hp_per_floor":[68,68,67,67,50,50,24,24,24,44,44,44,29,9,29,11,68,44,44,20,20,0,0],"gold":40,"neow_bonus":"TWO_FIFTY_GOLD","is_daily":false,"chose_seed":false,"campfire_upgraded":0,"win_rate":0.0,"timestamp":1612771275,"path_taken":["M","?","?","$","?","R","E","?","T","R","?","$","?","E","R","BOSS","M","?","M","$","M"],"items_purchased_type":["Relic","Card","Card","Card","Card","Relic","Card"],"build_version":"2020-12-22","purchased_purges":2,"victory":false,"max_hp_per_floor":[68,68,68,68,68,68,68,68,68,68,68,68,68,68,68,68,68,68,68,68,68,68,68],"relic_stats":{"SsserpentHead":300,"counters":[9,41],"Golden Idol":51,"Tiny Chest":0,"Boot":[9],"Question Card":3,"obtain_stats":[{"SsserpentHead":2,"HornCleat":4,"Golden Idol":5,"MutagenicStrength":19,"Philosopher\u0027s Stone":17,"Tiny Chest":21,"Cracked Core":0,"Boot":7,"Question Card":14},{"SsserpentHead":1,"HornCleat":2,"Golden Idol":2,"MutagenicStrength":7,"Philosopher\u0027s Stone":6,"Tiny Chest":8,"Cracked Core":0,"Boot":3,"Question Card":5},{"SsserpentHead":3,"HornCleat":6,"Golden Idol":6,"MutagenicStrength":33,"Philosopher\u0027s Stone":29,"Tiny Chest":37,"Cracked Core":0,"Boot":13,"Question Card":22}]},"card_choices":[{"not_picked":["Rebound","Coolheaded"],"picked":"Static Discharge","floor":1},{"not_picked":["Heatsinks","Rebound"],"picked":"Gash","floor":3},{"not_picked":["BootSequence","Ball Lightning"],"picked":"Defragment","floor":7},{"not_picked":["Conserve Battery","Melter","Sweeping Beam"],"picked":"SKIP","floor":13},{"not_picked":["Machine Learning","Rip and Tear"],"picked":"Chaos","floor":14},{"not_picked":["Ball Lightning+1","Gash","Go for the Eyes"],"picked":"Fusion","floor":18},{"not_picked":["Leap","Reinforced Body","Conserve Battery"],"picked":"Redo","floor":20}],"player_experience":81701,"relics_obtained":[{"floor":7,"key":"Boot"},{"floor":14,"key":"Question Card"}],"event_choices":[{"damage_healed":0,"gold_gain":0,"player_choice":"Trade","damage_taken":0,"relics_obtained":["SsserpentHead"],"max_hp_gain":0,"max_hp_loss":0,"event_name":"FaceTrader","floor":2,"gold_loss":0},{"damage_healed":0,"gold_gain":0,"player_choice":"Take Damage","damage_taken":17,"relics_obtained":["Golden Idol"],"max_hp_gain":0,"max_hp_loss":0,"event_name":"Golden Idol","floor":5,"gold_loss":0},{"damage_healed":0,"gold_gain":175,"player_choice":"AGREE","damage_taken":0,"max_hp_gain":0,"max_hp_loss":0,"event_name":"Liars Game","floor":8,"gold_loss":0,"cards_obtained":["Doubt"]},{"damage_healed":0,"gold_gain":0,"player_choice":"Upgraded","damage_taken":0,"max_hp_gain":0,"max_hp_loss":0,"event_name":"Upgrade Shrine","floor":11,"gold_loss":0,"cards_upgraded":["Defragment"]},{"damage_healed":0,"gold_gain":0,"player_choice":"Inject Mutagens","damage_taken":0,"relics_obtained":["MutagenicStrength"],"max_hp_gain":0,"max_hp_loss":0,"event_name":"Drug Dealer","floor":19,"gold_loss":0}],"is_beta":false,"boss_relics":[{"not_picked":["Ectoplasm","Tiny House"],"picked":"Philosopher\u0027s Stone"}],"items_purged_floors":[12,21],"is_endless":false,"potions_floor_spawned":[7,14,16],"killed_by":"3 Cultists","ascension_level":2}}