{"host":"agdto6ifbg57aw9m","time":1612761725,"event":{"mods":["2.2 Compatiblity","Aspiration","BaseMod","BetterRewards","Duelist Mod","Friendly Minions","GifTheSpireLib","Halation","Infinite Spire","Minty Spire (QoL Compilation)","Replay The Spire","Spikes Relics","StSLib","Stuff the Spire","The Spell Scribe"],"gold_per_floor":[144,162,162,162,172,172,234,259,259,284,295,309,324,352,352,424,424,438,457,557,567,587,619,619,637,661,661,661,675,675,219,219,298,298,318,333,345,361,361,361,375,375,401,401,415,440,452,471,471,471],"floor_reached":51,"language":"ENG","playtime":6290,"items_purged":["theDuelist:Sparks"],"score":1478,"play_id":"8e7861c2-7a18-4138-bc7e-ea10d6fe0cc5","local_time":"20210208002205","is_ascension_mode":true,"campfire_choices":[{"data":"theDuelist:MetalDragon","floor":6,"key":"SMITH"},{"data":"theDuelist:OutriggerExtension","floor":15,"key":"SMITH"},{"data":"theDuelist:PotGreed","floor":24,"key":"SMITH"},{"data":"infinitespire:Starlight","floor":28,"key":"SMITH"},{"data":"theDuelist:Raigeki","floor":30,"key":"SMITH"},{"data":"theDuelist:PerfectMachineKing","floor":32,"key":"SMITH"}],"circlet_count":0,"master_deck":["theDuelist:Shekhinaga+1","theDuelist:Biofalcon+1","theDuelist:CastleWalls+1","theDuelist:ScrapFactory+1","theDuelist:JunkKuriboh+1","theDuelist:Deskbot004+1","theDuelist:AirCrackingStorm+1","theDuelist:Deskbot004+1","theDuelist:PotGreed+1","theDuelist:MachineFactory+1","theDuelist:SwordsConcealing+1","theDuelist:Deskbot001+1","theDuelist:ShortCircuit+1","theDuelist:SolemnWarning+1","theDuelist:JadeKnight+1","theDuelist:Shekhinaga+1","theDuelist:Raigeki+1","theDuelist:Deskbot001+1","theDuelist:MetalDragon+1","theDuelist:Deskbot001+1","theDuelist:RedGadget+1","infinitespire:Starlight+1","theDuelist:PerfectMachineKing+1","theDuelist:ShardGreed+1","theDuelist:SatelliteCannon+1","theDuelist:IronhammerGiant+1","theDuelist:Deskbot005+1","theDuelist:MetalDetector+1","theDuelist:AncientGearGolem+1","theDuelist:CurseAnubis","theDuelist:MetalDetector+1","theDuelist:JunkWarrior+1","theDuelist:GreenGadget+1","theDuelist:CastleWalls+1","AscendersBane","theDuelist:OutriggerExtension+1","theDuelist:Deskbot005+1"],"relics":["theDuelist:MillenniumPuzzle","theDuelist:CardPoolRelic","theDuelist:CardPoolBasicRelic","theDuelist:BoosterPackPoolRelic","theDuelist:CardPoolAddRelic","theDuelist:CardPoolMinusRelic","theDuelist:CardPoolSaveRelic","theDuelist:CardPoolOptionsRelic","NeowsBlessing","halation:TwoAmDonut","Toy Ornithopter","ReplayTheSpireMod:TigerMarble","Replay:Rubber Ducky","theDuelist:ZoneToken","Replay:Bronze Core","Replay:Wanted Poster","theDuelist:PrayerPageE","Lantern","Strawberry","theDuelist:ElectricBurst","Coffee Dripper","Ring of Misfortune","Ring of Hypnosis","halation:PapillonHeart","theDuelist:DuelistTeaSet","Smiling Mask"],"acts_visited":["Exordium","TheCity","TheBeyond"],"potions_floor_usage":[7,8,10,14],"damage_taken":[{"damage":0,"enemies":"Small Slimes","floor":1,"turns":1},{"damage":0,"enemies":"Jaw Worm","floor":2,"turns":1},{"damage":0,"enemies":"Cultist","floor":5,"turns":1},{"damage":4,"enemies":"Gremlin Nob","floor":7,"turns":4},{"damage":15,"enemies":"3 Sentries","floor":8,"turns":9},{"damage":7,"enemies":"Lagavulin","floor":10,"turns":6},{"damage":0,"enemies":"Gremlin Gang","floor":11,"turns":2},{"damage":2,"enemies":"3 Louse","floor":12,"turns":4},{"damage":0,"enemies":"Large Slime","floor":13,"turns":7},{"damage":0,"enemies":"3 Sentries","floor":14,"turns":8},{"damage":11,"enemies":"Slime Boss","floor":16,"turns":16},{"damage":11,"enemies":"Shell Parasite","floor":18,"turns":6},{"damage":0,"enemies":"2 Thieves","floor":19,"turns":4},{"damage":22,"enemies":"Shelled Parasite and Fungi","floor":21,"turns":5},{"damage":1,"enemies":"Snake Plant","floor":22,"turns":6},{"damage":9,"enemies":"Replay:Snechameleon","floor":23,"turns":6},{"damage":6,"enemies":"Snecko","floor":25,"turns":4},{"damage":0,"enemies":"Centurion and Healer","floor":29,"turns":1},{"damage":0,"enemies":"Champ","floor":33,"turns":3},{"damage":11,"enemies":"3 Darklings","floor":35,"turns":9},{"damage":0,"enemies":"Orb Walker","floor":36,"turns":3},{"damage":0,"enemies":"3 Darklings","floor":37,"turns":5},{"damage":2,"enemies":"Transient","floor":38,"turns":5},{"damage":0,"enemies":"Writhing Mass","floor":41,"turns":4},{"damage":1,"enemies":"Sphere and 2 Shapes","floor":45,"turns":4},{"damage":0,"enemies":"Nemesis","floor":46,"turns":5},{"damage":1,"enemies":"Maw","floor":47,"turns":7},{"damage":1,"enemies":"Spire Growth","floor":48,"turns":3},{"damage":4,"enemies":"Awakened One","floor":50,"turns":5}],"seed_played":"-6301634970114513214","potions_obtained":[{"floor":1,"key":"theDuelist:ReducerPotion"},{"floor":2,"key":"Fire Potion"},{"floor":8,"key":"FocusPotion"},{"floor":11,"key":"Doom Potion"},{"floor":12,"key":"Energy Potion"},{"floor":19,"key":"theDuelist:MillenniumElixir"}],"is_trial":false,"path_per_floor":["M","M","?","?","M","R","?","E","T","E","M","M","M","E","R","B",null,"M","M","AVR","M","M","E","R","M","T","?","R","M","R","$","R","B",null,"M","M","M","M","?","R","M","?","T","?","M","E","M","M","R","B",null],"character_chosen":"THE_DUELIST","items_purchased":["theDuelist:ElectricBurst","theDuelist:PerfectMachineKing"],"campfire_rested":0,"item_purchase_floors":[31,31],"current_hp_per_floor":[63,63,63,56,56,56,52,37,37,35,35,33,33,38,38,27,59,48,48,48,36,45,36,36,30,37,37,37,37,37,37,37,53,71,75,75,75,73,73,73,73,73,73,73,73,73,72,71,71,67],"gold":471,"neow_bonus":"THREE_ENEMY_KILL","is_daily":false,"chose_seed":false,"campfire_upgraded":6,"win_rate":0.0,"timestamp":1612761725,"path_taken":["M","M","?","?","M","R","?","E","T","E","M","?","M","E","R","BOSS","M","M","AVR","M","M","E","R","M","T","?","R","M","R","$","R","BOSS","M","M","M","?","?","R","M","?","T","?","M","E","M","?","R","BOSS"],"items_purchased_type":["Relic","Card"],"build_version":"2020-12-22","purchased_purges":1,"victory":true,"max_hp_per_floor":[70,70,70,70,70,70,70,70,70,70,70,70,70,70,70,70,70,70,70,70,70,70,70,70,70,77,77,77,77,77,77,77,77,77,77,77,77,77,77,77,77,73,73,73,73,73,73,73,73,73],"card_choices":[{"not_picked":["theDuelist:GadgetSoldier","theDuelist:HeavyMechSupportArmor","theDuelist:Deskbot005","theDuelist:HeavyFreightTrainDerricane"],"picked":"theDuelist:Deskbot001","floor":1},{"not_picked":["theDuelist:Hinotama","theDuelist:LightningVortex","theDuelist:WormWarlord","theDuelist:PerfectMachineKing"],"picked":"theDuelist:Raigeki","floor":2},{"not_picked":["theDuelist:BarrelDragon","theDuelist:AncientGearReactorDragon","theDuelist:AncientGearGadjiltron","theDuelist:MegafleetDragon"],"picked":"theDuelist:MetalDragon","floor":5},{"not_picked":["theDuelist:UnionHangar","theDuelist:ImperialOrder","theDuelist:CatapultTurtle"],"picked":"theDuelist:OutriggerExtension","floor":7},{"not_picked":["theDuelist:IronDraw","theDuelist:ArtifactIgnition","theDuelist:AncientGearWorkshop","theDuelist:Tuningware"],"picked":"theDuelist:MetalDetector","floor":8},{"not_picked":["theDuelist:BlockGolem","theDuelist:GemElephant","theDuelist:LabyrinthWall","theDuelist:LostGuardian","theDuelist:PowerGiant"],"picked":"SKIP","floor":10},{"not_picked":["theDuelist:Hinotama","theDuelist:Wiretap","theDuelist:DarkCreator","theDuelist:MagicalStone"],"picked":"theDuelist:PotGreed","floor":11},{"not_picked":["theDuelist:Apoqliphort","theDuelist:SwordsConcealing","theDuelist:Overworked","theDuelist:NightmareWheel"],"picked":"theDuelist:SolemnWarning","floor":12},{"not_picked":["theDuelist:ParallelPortArmor","theDuelist:IronDraw","theDuelist:ArtifactIgnition","theDuelist:AncientGearWorkshop"],"picked":"theDuelist:MetalDetector","floor":13},{"not_picked":["theDuelist:BlastHeldTribute","theDuelist:NightmareWheel"],"picked":"theDuelist:IronhammerGiant","floor":14},{"not_picked":["theDuelist:SlotMachine","theDuelist:JinzoLord","theDuelist:GoldGadget","theDuelist:Deskbot009"],"picked":"theDuelist:SatelliteCannon","floor":16},{"not_picked":["theDuelist:Geargiauger","theDuelist:CannonSoldier","theDuelist:AncientGearChimera","theDuelist:ScrapBeast"],"picked":"theDuelist:Deskbot001","floor":18},{"not_picked":["theDuelist:Deskbot004","theDuelist:CannonSoldier","theDuelist:Biofalcon","theDuelist:Geargiauger"],"picked":"theDuelist:Deskbot001","floor":19},{"not_picked":["theDuelist:Deskbot008","theDuelist:AllySalvo"],"picked":"theDuelist:JadeKnight","floor":21},{"not_picked":["theDuelist:ZONE","theDuelist:RevolvingSwitchyard","theDuelist:ImperialOrder","theDuelist:GravityAxe"],"picked":"theDuelist:MachineFactory+1","floor":22},{"not_picked":["theDuelist:AncientGearReactorDragon+1","theDuelist:GreenGadget","theDuelist:AncientGearWorkshop","theDuelist:BlindDestruction"],"picked":"theDuelist:RedGadget","floor":23},{"not_picked":["theDuelist:BlindDestruction+1","theDuelist:SatelliteCannon"],"picked":"theDuelist:Shekhinaga","floor":25},{"not_picked":["theDuelist:LightningVortex","theDuelist:FluteKuriboh","theDuelist:WingedKuriboh","theDuelist:BigEye"],"picked":"theDuelist:ScrapFactory","floor":29},{"not_picked":["theDuelist:TurretWarrior","theDuelist:SolemnWarning","theDuelist:Overworked","theDuelist:IronhammerGiant"],"picked":"theDuelist:SwordsConcealing","floor":33},{"not_picked":["theDuelist:WormWarlord+1","theDuelist:PowerWall","theDuelist:DarkCreator","theDuelist:LightningVortex"],"picked":"theDuelist:ShardGreed+1","floor":35},{"not_picked":["theDuelist:DoubleTool+2","theDuelist:RainbowBridge+1","theDuelist:Geartown","theDuelist:UnionHangar"],"picked":"theDuelist:ShortCircuit","floor":36},{"not_picked":["theDuelist:Overworked+1","theDuelist:MachineKing","theDuelist:GravityLash","theDuelist:GoldenBlastJuggler"],"picked":"theDuelist:Shekhinaga","floor":37},{"not_picked":["theDuelist:AirCrackingStorm","theDuelist:IronDraw+1","theDuelist:MachineFactory","theDuelist:BreakDraw"],"picked":"theDuelist:AncientGearGolem+1","floor":38},{"not_picked":["theDuelist:Geargiauger+1","theDuelist:Deskbot004+1","theDuelist:CyberArchfiend","theDuelist:ChaosAncientGearGiant+1"],"picked":"theDuelist:JunkWarrior+1","floor":41},{"not_picked":["theDuelist:BigFire+1","theDuelist:LightningVortex","theDuelist:BlockGolem+1","theDuelist:MegafleetDragon","theDuelist:Kuriboh"],"picked":"SKIP","floor":45},{"not_picked":["theDuelist:Biofalcon","theDuelist:CardsFromTheSky","theDuelist:Submarineroid","theDuelist:BlastHeldTribute"],"picked":"theDuelist:AirCrackingStorm","floor":46},{"not_picked":["theDuelist:JunkWarrior","theDuelist:Deskbot004+1","theDuelist:AncientGearChimera","theDuelist:OutriggerExtension"],"picked":"theDuelist:JunkKuriboh+1","floor":47},{"not_picked":["theDuelist:MetalholdMovingBlockade","theDuelist:MachineFactory","theDuelist:GravityAxe+1","theDuelist:BlastingFuse"],"picked":"SKIP","floor":48}],"player_experience":610088,"relics_obtained":[{"floor":7,"key":"halation:TwoAmDonut"},{"floor":8,"key":"Toy Ornithopter"},{"floor":9,"key":"ReplayTheSpireMod:TigerMarble"},{"floor":10,"key":"Replay:Rubber Ducky"},{"floor":14,"key":"theDuelist:ZoneToken"},{"floor":23,"key":"Lantern"},{"floor":26,"key":"Strawberry"},{"floor":39,"key":"Ring of Misfortune"},{"floor":39,"key":"Ring of Hypnosis"},{"floor":43,"key":"theDuelist:DuelistTeaSet"},{"floor":46,"key":"Smiling Mask"}],"event_choices":[{"damage_healed":0,"gold_gain":0,"player_choice":"Ignored","damage_taken":0,"max_hp_gain":0,"max_hp_loss":0,"event_name":"Liars Game","floor":3,"gold_loss":0},{"cards_removed":["theDuelist:Sparks"],"damage_healed":0,"gold_gain":0,"player_choice":"Card Removal","damage_taken":7,"max_hp_gain":0,"max_hp_loss":0,"event_name":"Golden Wing","floor":4,"gold_loss":0},{"damage_healed":0,"gold_gain":0,"player_choice":"Searched \u00271\u0027 times","damage_taken":0,"max_hp_gain":0,"max_hp_loss":0,"event_name":"Dead Adventurer","floor":7,"gold_loss":0},{"damage_healed":0,"gold_gain":0,"player_choice":"Forge","damage_taken":0,"max_hp_gain":0,"max_hp_loss":0,"event_name":"Accursed Blacksmith","floor":27,"gold_loss":0,"cards_upgraded":["theDuelist:Shekhinaga"]},{"damage_healed":0,"gold_gain":0,"player_choice":"Leave","duelist":true,"damage_taken":0,"max_hp_gain":0,"max_hp_loss":0,"event_name":"Tomb of the Nameless","floor":44,"gold_loss":0}],"is_beta":false,"boss_relics":[{"not_picked":["Electric Blood","theDuelist:HauntedRelic"],"picked":"Replay:Bronze Core"},{"not_picked":["infinitespire:Burning Sword","halation:CatFaceCupcake"],"picked":"Coffee Dripper"}],"items_purged_floors":[20],"is_endless":false,"potions_floor_spawned":[1,2,5,8,11,12,19,22,25,33,36,37,41,45],"ascension_level":14}}