{"host":"zjpztl3gv3azspk5","time":1612819928,"event":{"mods":["Act Like it!","BaseMod","Better Note","Better Skull","BetterRewards","Card Forge","Colored Powertips","Conspire","Downfall","Hermit","Highlight Path","Infinite Spire","Minty Spire (QoL Compilation)","Quick Restart","Rare Cards Sparkle","Replay The Spire","StSLib","The Exalted","everything is the same but u backflip on backflip"],"gold_per_floor":[113,126,141,156,156,184,184,203,214,30,62,62,162,178,78,173,173,185,205,225,241,31,48,48,48,75,89,104,104,115,133,133,237,237,249,269,269,280,280,280,303,316,326,326,326,339,357,357,357,455,455,465,483,502,521,177,195,222,235,235,235,235,246,246,280,280,380,380,394,410,234,434,92,92,122,136,189,189,189,189],"floor_reached":78,"language":"ENG","playtime":5896,"items_purged":["bronze:Goto","bronze:Strike","bronze:Defend"],"score":886,"play_id":"beec1e9e-bade-45d4-908d-03725e2859b0","local_time":"20210208133208","is_ascension_mode":false,"campfire_choices":[{"floor":12.0,"key":"REST"},{"floor":15.0,"key":"REST"},{"floor":25.0,"key":"REST"},{"data":"bronze:Assembly","floor":29.0,"key":"SMITH"},{"floor":32.0,"key":"REST"},{"floor":40.0,"key":"REST"},{"floor":44.0,"key":"REST"},{"floor":49.0,"key":"REST"},{"floor":60.0,"key":"REST"},{"floor":66.0,"key":"REST"}],"circlet_count":0,"master_deck":["bronze:Strike","bronze:Strike","bronze:Defend","bronze:Defend","bronze:Replicate+1","bronze:Deprecate","bronze:Iterate","bronze:Terminator","bronze:Fortify","bronze:Iterate","bronze:Format","bronze:Constructor","bronze:WhirlingStrike","expansioncontent:DashGenerateEvil","bronze:ChildClass","bronze:ClassDefault","bronze:Assembly+1","bronze:BronzeOrb","bronze:Separator+1","bronze:DelayedSlice","bronze:Shield+1","bronze:OilSpill","expansioncontent:QuickStudy","bronze:Repair","bronze:Allocate","bronze:Separator+1","bronze:Iterate+1","bronze:Assembly","bronze:OilSpill+1","Replay:SS_forest_2","bronze:Terminator+1","Parasite","bronze:ItsAFeature+1","Replay:Fractal Strike","infinitespire:NeuralNetwork","bronze:HardenedForm","bronze:ChosenStrike","bronze:FollowUp","bronze:InfiniteLoop","ReplayTheSpireMod:Black Plague","Panache","bronze:Mutator"],"relics":["bronze:BronzeCore","Hammer of Thor","Seething Fire","Anvil of the Gods","Replay:Kaleidoscope","conspire:BottledYoYo","Meat on the Bone","downfall:HeartBlessingGreen","conspire:SpecialSausage","bronze:CableSpool","bronze:ProtectiveGoggles","Philosopher\u0027s Stone","Potion Belt","Strange Spoon","Bromod:ArcaneGrace","infinitespire:EmpoweringShard","downfall:ShatteredFragment","Replay:Drink Me","Bromod:ArcaneConsequence","Eternal Feather","Juzu Bracelet","Replay:Rubber Ducky"],"acts_visited":["Exordium","TheCity","TheBeyond","Exordium","TheCity"],"potions_floor_usage":[75,76,77],"damage_taken":[{"damage":1.0,"enemies":"Cultist","floor":1.0,"turns":3.0},{"damage":0.0,"enemies":"2 Louse","floor":2.0,"turns":3.0},{"damage":0.0,"enemies":"Small Slimes","floor":3.0,"turns":3.0},{"damage":0.0,"enemies":"2 Fungi Beasts","floor":4.0,"turns":4.0},{"damage":18.0,"enemies":"Gremlin Nob","floor":6.0,"turns":4.0},{"damage":13.0,"enemies":"Gremlin Gang","floor":8.0,"turns":5.0},{"damage":16.0,"enemies":"Exordium Wildlife","floor":9.0,"turns":4.0},{"damage":0.0,"enemies":"downfall:FleeingMerchant","floor":10.0,"turns":4.0},{"damage":21.0,"enemies":"3 Sentries","floor":11.0,"turns":8.0},{"damage":15.0,"enemies":"Exordium Thugs","floor":14.0,"turns":6.0},{"damage":19.0,"enemies":"WA_ARCHETYPE_RETAIN","floor":16.0,"turns":6.0},{"damage":2.0,"enemies":"3 Byrds","floor":18.0,"turns":6.0},{"damage":2.0,"enemies":"Spheric Guardian","floor":19.0,"turns":4.0},{"damage":15.0,"enemies":"Cultist and Chosen","floor":20.0,"turns":6.0},{"damage":4.0,"enemies":"Chosen and Byrds","floor":21.0,"turns":6.0},{"damage":0.0,"enemies":"downfall:FleeingMerchant","floor":22.0,"turns":4.0},{"damage":0.0,"enemies":"Snecko","floor":23.0,"turns":4.0},{"damage":18.0,"enemies":"Nightmare","floor":26.0,"turns":8.0},{"damage":1.0,"enemies":"conspire:HollyBat","floor":27.0,"turns":10.0},{"damage":0.0,"enemies":"Centurion and Healer","floor":28.0,"turns":7.0},{"damage":17.0,"enemies":"Shelled Parasite and Fungi","floor":30.0,"turns":6.0},{"damage":30.0,"enemies":"Chosen and Byrds","floor":31.0,"turns":7.0},{"damage":48.0,"enemies":"DF_ARCHETYPE_CLAW","floor":33.0,"turns":8.0},{"damage":10.0,"enemies":"Orb Walker","floor":35.0,"turns":4.0},{"damage":9.0,"enemies":"3 Darklings","floor":36.0,"turns":4.0},{"damage":31.0,"enemies":"Transient","floor":38.0,"turns":5.0},{"damage":14.0,"enemies":"Jaw Worm Horde","floor":42.0,"turns":5.0},{"damage":15.0,"enemies":"Writhing Mass","floor":43.0,"turns":7.0},{"damage":47.0,"enemies":"Maw","floor":46.0,"turns":10.0},{"damage":10.0,"enemies":"Jaw Worm Horde","floor":47.0,"turns":6.0},{"damage":49.0,"enemies":"SI_POISON_ARCHETYPE","floor":50.0,"turns":13.0},{"damage":0.0,"enemies":"Cultist","floor":52.0,"turns":3.0},{"damage":9.0,"enemies":"Small Slimes","floor":53.0,"turns":3.0},{"damage":0.0,"enemies":"2 Louse","floor":54.0,"turns":3.0},{"damage":29.0,"enemies":"Exordium Thugs","floor":55.0,"turns":4.0},{"damage":15.0,"enemies":"downfall:FleeingMerchant","floor":56.0,"turns":4.0},{"damage":0.0,"enemies":"3 Louse","floor":57.0,"turns":1.0},{"damage":5.0,"enemies":"3 Sentries","floor":58.0,"turns":5.0},{"damage":20.0,"enemies":"Large Slime","floor":59.0,"turns":3.0},{"damage":10.0,"enemies":"2 Fungi Beasts","floor":63.0,"turns":3.0},{"damage":26.0,"enemies":"Lagavulin","floor":65.0,"turns":5.0},{"damage":0.0,"enemies":"Fading Forest","floor":67.0,"turns":4.0},{"damage":0.0,"enemies":"Spheric Guardian","floor":69.0,"turns":2.0},{"damage":8.0,"enemies":"Shell Parasite","floor":70.0,"turns":2.0},{"damage":0.0,"enemies":"downfall:FleeingMerchant","floor":71.0,"turns":3.0},{"damage":2,"enemies":"Gremlin Leader","floor":75,"turns":3},{"damage":1,"enemies":"Snake Plant","floor":76,"turns":3},{"damage":23,"enemies":"Centurion and Healer","floor":78,"turns":1}],"seed_played":"-7286688274293637687","potions_obtained":[{"floor":1.0,"key":"SteroidPotion"},{"floor":8.0,"key":"hexamod:SoulburnPotion"},{"floor":11.0,"key":"LifebloodPotion"},{"floor":18.0,"key":"LifebloodPotion"},{"floor":20.0,"key":"bronze:BurnAndBuffPotion"},{"floor":23.0,"key":"hexamod:SoulburnPotion"},{"floor":33.0,"key":"Reflective Coating"},{"floor":36.0,"key":"Energy Potion"},{"floor":38.0,"key":"ColorlessPotion"},{"floor":43.0,"key":"ColorlessPotion"},{"floor":50.0,"key":"sneckomod:MuddlingPotion"},{"floor":53.0,"key":"AttackPotion"},{"floor":54.0,"key":"Ancient Potion"},{"floor":57.0,"key":"DistilledChaos"},{"floor":59.0,"key":"AttackPotion"},{"floor":65.0,"key":"LiquidBronze"},{"floor":67.0,"key":"Dexterity Potion"},{"floor":69.0,"key":"BlessingOfTheForge"},{"floor":76,"key":"Strength Potion"},{"floor":77,"key":"Fruit Juice"}],"is_trial":false,"path_per_floor":["M","M","M","M","?","E","T","M","M","$","E","R","?","M","R","B",null,"M","M","M","M","$","M","T","R","NM","M","M","R","M","M","R","B",null,"M","M","?","M","?","R","T","M","M","R","?","M","M","AVR","R","B",null,"M","M","M","M","$","M","E","M","R","?","?","M","AVR","E","R","B",null,"M","M","$","?","$","?","E","M","?","M"],"character_chosen":"THE_AUTOMATON","items_purchased":["expansioncontent:DashGenerateEvil","expansioncontent:QuickStudy","infinitespire:EmpoweringShard","Eternal Feather","Panache","bronze:Mutator","Juzu Bracelet"],"campfire_rested":9,"item_purchase_floors":[10,22,56,71,71,73,73],"current_hp_per_floor":[69,69,69,69,69,51,51,38,22,22,1,22,22,19,40,33,70,68,66,51,47,47,47,47,68,54,70,70,70,53,35,56,27,70,60,58,53,36,36,57,57,50,42,63,70,37,39,39,60,30,70,70,62,70,50,47,47,57,38,59,38,38,40,40,34,49,53,53,53,46,46,46,46,38,37,37,19,0,0,0],"gold":189,"neow_bonus":"UPGRADE_CARD","is_daily":false,"chose_seed":false,"campfire_upgraded":1,"win_rate":0.0,"timestamp":1612819928,"path_taken":["M","M","M","M","?","E","T","?","M","$","E","R","?","M","R","BOSS","M","M","M","M","$","M","T","R","NM","M","M","R","M","?","R","BOSS","M","M","?","M","?","R","T","M","M","R","?","M","?","AVR","R","BOSS","M","M","M","M","$","M","E","M","R","?","?","M","AVR","E","R","BOSS","M","M","$","?","?","?","E","M","?","M"],"items_purchased_type":["Card","Card","Relic","Relic","Card","Card","Relic"],"build_version":"2020-12-13","purchased_purges":3,"victory":false,"max_hp_per_floor":[70,70,70,70,70,70,70,70,70,70,70,70,70,70,70,70,70,70,70,70,70,70,70,70,70,70,70,70,70,70,70,70,70,70,70,70,70,70,70,70,70,70,70,70,70,70,70,70,70,70,70,70,70,70,70,70,70,70,70,70,70,70,70,53,53,53,53,53,53,53,53,53,53,58,58,58,63,63,63,63],"card_choices":[{"not_picked":["bronze:Turbo","bronze:Backtrace"],"picked":"bronze:Deprecate","floor":1.0},{"not_picked":["bronze:ForLoop","bronze:Flail"],"picked":"bronze:Iterate","floor":2.0},{"not_picked":["bronze:Frontload","bronze:Return"],"picked":"bronze:Terminator","floor":3.0},{"not_picked":["bronze:Refactor","bronze:DigitalCarnage"],"picked":"bronze:Fortify","floor":4.0},{"not_picked":["bronze:Return","bronze:Philosophize"],"picked":"bronze:Format","floor":6.0},{"not_picked":["bronze:DelayedGuard","bronze:BitShift"],"picked":"bronze:Constructor","floor":8.0},{"not_picked":["bronze:Shield","bronze:Invalidate"],"picked":"bronze:WhirlingStrike","floor":9.0},{"not_picked":["bronze:FindAndReplace","bronze:Return","bronze:Deprecate"],"picked":"SKIP","floor":10.0},{"not_picked":["bronze:WildBeam","bronze:Separator"],"picked":"bronze:ChildClass","floor":11.0},{"not_picked":["bronze:Invalidate","bronze:Virus"],"picked":"bronze:ClassDefault","floor":14.0},{"not_picked":["bronze:BurnOut","bronze:Format"],"picked":"bronze:Assembly","floor":16.0},{"not_picked":["bronze:BugBarrage+1","bronze:ClassDefault+1"],"picked":"bronze:BronzeOrb","floor":18.0},{"not_picked":["bronze:DelayedGuard+1","bronze:Repulsor+1"],"picked":"bronze:Separator+1","floor":19.0},{"not_picked":["bronze:Shell","bronze:Separator+1"],"picked":"bronze:DelayedSlice","floor":20.0},{"not_picked":["bronze:DelayedSlice","bronze:WildBeam"],"picked":"bronze:Shield+1","floor":21.0},{"not_picked":["bronze:BuggyMess","bronze:FineTuning"],"picked":"bronze:OilSpill","floor":22.0},{"not_picked":["bronze:DelayedSlice","bronze:Repulsor"],"picked":"bronze:Repair","floor":23.0},{"not_picked":["bronze:DigitalCarnage","bronze:Shield"],"picked":"bronze:Allocate","floor":26.0},{"not_picked":["bronze:BitShift","bronze:WhirlingStrike","bronze:Deprecate"],"picked":"SKIP","floor":27.0},{"not_picked":["bronze:Overheat","bronze:BugBarrage+1"],"picked":"bronze:Separator+1","floor":28.0},{"not_picked":["bronze:Separator+1","bronze:BuggyMess+1","bronze:Constructor"],"picked":"SKIP","floor":30.0},{"not_picked":["bronze:BuggyMess","bronze:DarkDash"],"picked":"bronze:Iterate+1","floor":31.0},{"not_picked":["bronze:RecursiveStrike","bronze:CleanCode"],"picked":"bronze:Assembly","floor":33.0},{"not_picked":["bronze:Deprecate+1","bronze:BugBarrage+1"],"picked":"bronze:OilSpill+1","floor":35.0},{"not_picked":["bronze:ClassDefault","bronze:Allocate","bronze:Shield+1"],"picked":"SKIP","floor":36.0},{"not_picked":["expansioncontent:Hexaburn","Replay:SS_fish_1"],"picked":"expansioncontent:PolyBeam","floor":37.0},{"not_picked":["expansioncontent:Hexaburn","expansioncontent:PolyBeam"],"picked":"Replay:SS_forest_2","floor":37.0},{"not_picked":["bronze:Shield+1","bronze:Overheat","bronze:Iterate"],"picked":"SKIP","floor":38.0},{"not_picked":["bronze:Shield+1","bronze:DelayedGuard+1"],"picked":"bronze:Terminator+1","floor":42.0},{"not_picked":["bronze:Backtrace+1","bronze:OilSpill+1","bronze:FindAndReplace"],"picked":"SKIP","floor":43.0},{"not_picked":["bronze:CloningBeam","bronze:Backtrace+1"],"picked":"bronze:ItsAFeature+1","floor":46.0},{"not_picked":["bronze:Turbo+1","bronze:NullPointer","bronze:Shield+1"],"picked":"SKIP","floor":47.0},{"not_picked":["bronze:BurnOut","bronze:AlphaBuild"],"picked":"bronze:HardenedForm","floor":50.0},{"not_picked":["bronze:Backtrace","bronze:Turbo"],"picked":"bronze:ChosenStrike","floor":52.0},{"not_picked":["bronze:BitShift","bronze:Refactor"],"picked":"bronze:FollowUp","floor":53.0},{"not_picked":["bronze:ChildClass","bronze:DelayedSlice","bronze:BuggyMess"],"picked":"SKIP","floor":54.0},{"not_picked":["bronze:Branch","bronze:Shield","bronze:Overheat"],"picked":"SKIP","floor":55.0},{"not_picked":["bronze:OilSpill","bronze:Return","bronze:Flail"],"picked":"SKIP","floor":56.0},{"not_picked":["bronze:Repulsor","bronze:BitShift","bronze:WhirlingStrike"],"picked":"SKIP","floor":57.0},{"not_picked":["bronze:Boost","bronze:Assembly","bronze:BuggyMess"],"picked":"SKIP","floor":58.0},{"not_picked":["bronze:Iterate","bronze:Safeguard","bronze:DelayedSlice"],"picked":"SKIP","floor":59.0},{"not_picked":["bronze:Return","bronze:DarkDash","bronze:Refactor"],"picked":"SKIP","floor":63.0},{"not_picked":["bronze:BuggyMess","bronze:Flail","bronze:Repulsor"],"picked":"SKIP","floor":65.0},{"not_picked":["bronze:BuggyMess","bronze:Flail","bronze:Repulsor"],"picked":"SKIP","floor":65.0},{"not_picked":["bronze:ShipIt","bronze:Verify"],"picked":"bronze:InfiniteLoop","floor":67.0},{"not_picked":["infinitespire:Gouge","infinitespire:FutureSight"],"picked":"ReplayTheSpireMod:Black Plague","floor":68.0},{"not_picked":["bronze:Backtrace+1","bronze:BuggyMess","bronze:Frontload"],"picked":"SKIP","floor":69.0},{"not_picked":["bronze:Turbo","bronze:Repulsor","bronze:Fortify"],"picked":"SKIP","floor":70.0},{"not_picked":["bronze:Repair","bronze:Fortify","bronze:Return"],"picked":"SKIP","floor":71.0},{"not_picked":["bronze:GetLatest","bronze:WhirlingStrike","bronze:CloningBeam"],"picked":"SKIP","floor":75},{"not_picked":["bronze:WildBeam","bronze:Turbo+1","bronze:Separator"],"picked":"SKIP","floor":76}],"player_experience":212123,"relics_obtained":[{"floor":6.0,"key":"Replay:Kaleidoscope"},{"floor":7.0,"key":"conspire:BottledYoYo"},{"floor":11.0,"key":"Meat on the Bone"},{"floor":24.0,"key":"bronze:CableSpool"},{"floor":26.0,"key":"bronze:ProtectiveGoggles"},{"floor":41.0,"key":"Potion Belt"},{"floor":77,"key":"Replay:Rubber Ducky"}],"event_choices":[{"damage_healed":7.0,"max_hp_gain":0.0,"max_hp_loss":0.0,"gold_gain":0.0,"event_name":"Wheel of Change","player_choice":"Full Heal","floor":45.0,"gold_loss":0.0,"damage_taken":0.0}],"is_beta":false,"boss_relics":[{"not_picked":["Ring of Chaos","Replay:Wanted Poster"],"picked":"conspire:SpecialSausage"},{"not_picked":["Sozu","conspire:RunicOctahedron"],"picked":"Philosopher\u0027s Stone"},{"not_picked":["Replay:Bronze Core","infinitespire:Cupcake"],"picked":"Bromod:ArcaneGrace"},{"not_picked":["Replay:Grab Bag","infinitespire:Cupcake","bronze:MakeshiftBattery"]}],"items_purged_floors":[56,71,73],"is_endless":true,"potions_floor_spawned":[1,8,11,14,18,20,23,27,33,36,38,43,50,53,54,57,59,65,67,69,76],"killed_by":"Centurion and Healer","ascension_level":0}}