{"host":"n9fx05aq4lr38byd","time":1612745793,"event":{"mods":["BaseMod","Bestiary","Minty Spire (QoL Compilation)","Permanent Neow","Relic Stats"],"gold_per_floor":[112,125,125,140,154,154,188,188,188,188,188,204,238,248,248,322,322,341,21,21,32,43,43,43],"floor_reached":23,"language":"ENG","playtime":896,"items_purged":[],"score":445,"play_id":"bcc383af-6c02-4786-9d2b-0b30b5e7a9b7","local_time":"20210208005633","is_ascension_mode":true,"campfire_choices":[{"data":"Dagger Spray","floor":6,"key":"SMITH"},{"data":"Neutralize","floor":8,"key":"SMITH"},{"data":"Blade Dance","floor":10,"key":"SMITH"},{"data":"Deadly Poison","floor":15,"key":"SMITH"}],"circlet_count":0,"master_deck":["AscendersBane","Strike_G","Strike_G","Strike_G","Strike_G","Strike_G","Defend_G","Defend_G","Defend_G","Defend_G","Defend_G","Survivor","Neutralize+1","Dagger Spray+1","Blade Dance+1","All Out Attack","PiercingWail","Deadly Poison+1","Venomology","Deflect","Deadly Poison","Calculated Gamble","Well Laid Plans+1"],"relics":["Ring of the Snake","Snake Skull","Akabeko","Mummified Hand","TungstenRod","Lizard Tail","Runic Pyramid","Frozen Egg 2"],"acts_visited":["Exordium","TheCity"],"potions_floor_usage":[7,13,13,16,18,18,21,22,23,23],"damage_taken":[{"damage":5,"enemies":"Small Slimes","floor":1,"turns":5},{"damage":1,"enemies":"Cultist","floor":2,"turns":4},{"damage":3,"enemies":"Jaw Worm","floor":4,"turns":3},{"damage":17,"enemies":"Lots of Slimes","floor":5,"turns":3},{"damage":6,"enemies":"3 Sentries","floor":7,"turns":5},{"damage":0,"enemies":"Blue Slaver","floor":12,"turns":2},{"damage":0,"enemies":"Lagavulin","floor":13,"turns":4},{"damage":0,"enemies":"Large Slime","floor":14,"turns":3},{"damage":44,"enemies":"Slime Boss","floor":16,"turns":13},{"damage":15,"enemies":"Spheric Guardian","floor":18,"turns":6},{"damage":0,"enemies":"Chosen","floor":21,"turns":3},{"damage":11,"enemies":"Snecko","floor":22,"turns":5},{"damage":48,"enemies":"Book of Stabbing","floor":23,"turns":5}],"seed_played":"436890327849234799","potions_obtained":[{"floor":2,"key":"Dexterity Potion"},{"floor":3,"key":"CultistPotion"},{"floor":12,"key":"CunningPotion"},{"floor":14,"key":"EssenceOfSteel"},{"floor":16,"key":"FearPotion"},{"floor":18,"key":"Fire Potion"}],"is_trial":false,"path_per_floor":["M","M","?","M","M","R","E","R","T","R","?","M","E","M","R","B",null,"M","$","?","M","M","E"],"character_chosen":"THE_SILENT","items_purchased":["Deadly Poison","Frozen Egg 2"],"campfire_rested":0,"item_purchase_floors":[19,19],"current_hp_per_floor":[54,53,53,50,33,33,27,27,27,27,27,27,27,27,27,25,56,41,41,41,41,30,0,0],"gold":43,"neow_bonus":"RANDOM_COMMON_RELIC","is_daily":false,"chose_seed":false,"campfire_upgraded":4,"win_rate":0.0,"timestamp":1612745793,"path_taken":["M","M","?","M","?","R","E","R","T","R","?","?","E","M","R","BOSS","M","$","?","M","M","E"],"items_purchased_type":["Card","Relic"],"build_version":"2020-12-22","purchased_purges":0,"victory":false,"max_hp_per_floor":[66,66,66,66,66,66,66,66,66,66,66,66,66,66,66,66,66,66,66,66,66,66,66,66],"relic_stats":{"Lizard Tail":33,"counters":[13,61],"Mummified Hand":[1],"Snake Skull":[13],"obtain_stats":[{"Lizard Tail":13,"Mummified Hand":9,"Snake Skull":0,"Frozen Egg 2":19,"Akabeko":7,"TungstenRod":11,"Ring of the Snake":0,"Runic Pyramid":17},{"Lizard Tail":7,"Mummified Hand":5,"Snake Skull":0,"Frozen Egg 2":10,"Akabeko":5,"TungstenRod":5,"Ring of the Snake":0,"Runic Pyramid":9},{"Lizard Tail":26,"Mummified Hand":20,"Snake Skull":0,"Frozen Egg 2":48,"Akabeko":20,"TungstenRod":20,"Ring of the Snake":0,"Runic Pyramid":42}],"TungstenRod":16,"Ring of the Snake":[26]},"card_choices":[{"not_picked":["Flying Knee","Expertise"],"picked":"Dagger Spray","floor":1},{"not_picked":["Reflex","Footwork"],"picked":"Blade Dance","floor":2},{"not_picked":["Bane","Quick Slash"],"picked":"All Out Attack","floor":4},{"not_picked":["Reflex","Eviscerate"],"picked":"PiercingWail","floor":5},{"not_picked":["Dagger Throw","Sucker Punch"],"picked":"PiercingWail","floor":7},{"not_picked":["Prepared","Unload","Bane"],"picked":"SKIP","floor":12},{"not_picked":["Bane","Eviscerate"],"picked":"Deadly Poison","floor":13},{"not_picked":["Sucker Punch","Dagger Throw","Dodge and Roll"],"picked":"SKIP","floor":14},{"not_picked":["Glass Knife","Grand Finale"],"picked":"Venomology","floor":16},{"not_picked":["Endless Agony","Dagger Spray"],"picked":"Deflect","floor":18},{"not_picked":["Skewer","Deflect","Bane+1"],"picked":"SKIP","floor":21},{"not_picked":["Dagger Spray","Quick Slash"],"picked":"Well Laid Plans+1","floor":22}],"player_experience":844230,"relics_obtained":[{"floor":7,"key":"Akabeko"},{"floor":9,"key":"Mummified Hand"},{"floor":13,"key":"Lizard Tail"}],"event_choices":[{"damage_healed":0,"gold_gain":0,"player_choice":"Got Potions","damage_taken":0,"max_hp_gain":0,"max_hp_loss":0,"event_name":"Lab","floor":3,"gold_loss":0},{"cards_removed":["PiercingWail"],"damage_healed":0,"gold_gain":0,"player_choice":"Gave Card","damage_taken":0,"relics_obtained":["TungstenRod"],"max_hp_gain":0,"max_hp_loss":0,"event_name":"WeMeetAgain","floor":11,"gold_loss":0},{"damage_healed":0,"gold_gain":0,"player_choice":"Read","damage_taken":0,"max_hp_gain":0,"max_hp_loss":0,"event_name":"The Library","floor":20,"gold_loss":0,"cards_obtained":["Calculated Gamble"]}],"is_beta":false,"boss_relics":[{"not_picked":["Busted Crown","Fusion Hammer"],"picked":"Runic Pyramid"}],"items_purged_floors":[],"is_endless":false,"potions_floor_spawned":[2,12,14,16,18],"killed_by":"Book of Stabbing","ascension_level":19}}