{"host":"tc1my4n9jof2q8vu","time":1612796804,"event":{"mods":["Act Like it!","BaseMod","Colored Powertips","Hubris","Minty Spire (QoL Compilation)","Replay The Spire","StSLib"],"gold_per_floor":[112,287,362,45,55,87,98,98,167,228,296,314,334,352,352,352,352],"floor_reached":16,"language":"ENG","playtime":905,"items_purged":["Doubt"],"score":102,"play_id":"c485855f-6d1b-4f0d-a99e-6345e3fa60b3","local_time":"20210208100644","is_ascension_mode":false,"campfire_choices":[{"floor":8,"key":"REST"},{"data":"Burst","floor":15,"key":"SMITH"}],"circlet_count":0,"master_deck":["Strike_G","Strike_G","Strike_G","Strike_G","Strike_G","Defend_G","Defend_G","Defend_G","Defend_G","Defend_G","Survivor","Neutralize","Burst+1","Cloak And Dagger","Secret Technique","Fluid Movement","Calculated Gamble","Cloak And Dagger","Concentrate","hubris:SlightOfHand","Blade Dance","Blur"],"relics":["Ring of the Snake","Centennial Puzzle","Pantograph","ReplayTheSpireMod:Shallot","Nunchaku"],"acts_visited":["Exordium"],"potions_floor_usage":[6,10,14,14,16],"damage_taken":[{"damage":0.0,"enemies":"Cultist","floor":1.0,"turns":4.0},{"damage":0.0,"enemies":"2 Louse","floor":5.0,"turns":3.0},{"damage":28,"enemies":"Gremlin Nob","floor":6,"turns":5},{"damage":0,"enemies":"Jaw Worm","floor":7,"turns":6},{"damage":10,"enemies":"3 Sentries","floor":10,"turns":15},{"damage":0,"enemies":"Large Slime","floor":12,"turns":10},{"damage":0,"enemies":"Lots of Slimes","floor":13,"turns":7},{"damage":0,"enemies":"Looter","floor":14,"turns":4},{"damage":46,"enemies":"Hexaghost","floor":16,"turns":16}],"seed_played":"-5214720013491047728","potions_obtained":[{"floor":5.0,"key":"FearPotion"},{"floor":7,"key":"DuplicationPotion"},{"floor":10,"key":"Reflective Coating"},{"floor":11,"key":"Dexterity Potion"},{"floor":11,"key":"SkillPotion"},{"floor":12,"key":"ColorlessPotion"}],"is_trial":false,"path_per_floor":["M","?","?","$","M","E","M","R","T","?","?","M","M","M","R","B"],"character_chosen":"THE_SILENT","items_purchased":["Secret Technique","Fluid Movement"],"campfire_rested":1,"item_purchase_floors":[4,4],"current_hp_per_floor":[49,49,38,38,38,10,10,31,31,21,21,21,21,21,21,0,0],"gold":352,"neow_bonus":"THREE_RARE_CARDS","is_daily":false,"chose_seed":false,"campfire_upgraded":1,"win_rate":0.0,"timestamp":1612796804,"path_taken":["M","?","?","$","M","E","?","R","T","?","?","M","?","M","R","BOSS"],"items_purchased_type":["Card","Card"],"build_version":"2020-12-22","purchased_purges":1,"victory":false,"max_hp_per_floor":[70,70,70,70,70,70,70,70,70,70,70,70,70,70,70,70,70],"card_choices":[{"not_picked":["Grand Finale","Replay:Bag of Tricks"],"picked":"Burst","floor":0.0},{"not_picked":["Acrobatics","Prepared"],"picked":"Cloak And Dagger","floor":1.0},{"not_picked":["Backflip","ReplayTheSpireMod:Tripwire","Toxin Wave"],"picked":"SKIP","floor":5.0},{"not_picked":["Quick Slash","Choke"],"picked":"Calculated Gamble","floor":6},{"not_picked":["Expertise","Bane"],"picked":"Cloak And Dagger","floor":7},{"not_picked":["Footwork","Toxin Wave"],"picked":"Concentrate","floor":10},{"not_picked":["ReplayTheSpireMod:From All Sides","Outmaneuver"],"picked":"hubris:SlightOfHand","floor":11},{"not_picked":["Deadly Poison","Flying Knee","Dagger Throw"],"picked":"SKIP","floor":12},{"not_picked":["Concentrate","Noxious Fumes"],"picked":"Blade Dance","floor":13},{"not_picked":["Replay:Poison Smokescreen","Dagger Throw"],"picked":"Blur","floor":14}],"player_experience":188731,"relics_obtained":[{"floor":6,"key":"Centennial Puzzle"},{"floor":9,"key":"Pantograph"},{"floor":10,"key":"ReplayTheSpireMod:Shallot"},{"floor":11,"key":"Nunchaku"}],"event_choices":[{"damage_healed":0.0,"max_hp_gain":0.0,"max_hp_loss":0.0,"gold_gain":175.0,"event_name":"Liars Game","player_choice":"AGREE","floor":2.0,"gold_loss":0.0,"damage_taken":0.0,"cards_obtained":["Doubt"]},{"damage_healed":0.0,"max_hp_gain":0.0,"max_hp_loss":0.0,"gold_gain":75.0,"event_name":"World of Goop","player_choice":"Gather Gold","floor":3.0,"gold_loss":0.0,"damage_taken":11.0},{"damage_healed":0,"gold_gain":0,"player_choice":"Searched \u00272\u0027 times","damage_taken":0,"max_hp_gain":0,"max_hp_loss":0,"event_name":"Dead Adventurer","floor":10,"gold_loss":0}],"is_beta":false,"boss_relics":[],"items_purged_floors":[4],"is_endless":false,"potions_floor_spawned":[5,7,10,12],"killed_by":"Hexaghost","ascension_level":0}}