{"host":"nptej036rrbiurf5","time":1612766763,"event":{"mods":["BaseMod","Colored Map","Colored Powertips","DeckTracker","Minty Spire (QoL Compilation)","StSLib","SuperFastMode"],"gold_per_floor":[111,124,136,136,150,150,178,33,33,63,63,63,73,94,94,192,192,212,311,311,211,32,32,44,44,70,70,70,70,104,124,124,124,124],"floor_reached":33,"language":"KOR","playtime":517,"items_purged":["Strike_G","Strike_G","Defend_G"],"score":261,"play_id":"b8415921-e988-4fbf-8289-840b26a8491e","local_time":"20210208154603","is_ascension_mode":false,"campfire_choices":[{"data":"Dagger Spray","floor":6.0,"key":"SMITH"},{"data":"Die Die Die","floor":12,"key":"SMITH"},{"data":"Bouncing Flask","floor":15,"key":"SMITH"},{"data":"Adrenaline","floor":23,"key":"SMITH"},{"floor":32,"key":"REST"}],"circlet_count":0,"master_deck":["Strike_G","Defend_G","Defend_G","Defend_G","Survivor","Neutralize","Dagger Throw","Dagger Spray+1","All Out Attack","Die Die Die+1","Bouncing Flask+1","Adrenaline+1","All Out Attack+1","Acrobatics","Acrobatics","Acrobatics","Footwork","PiercingWail","Escape Plan+1"],"relics":["Ring of the Snake"],"acts_visited":["Exordium","TheCity"],"potions_floor_usage":[16,16,18,30,30],"damage_taken":[{"damage":0.0,"enemies":"Cultist","floor":1.0,"turns":4.0},{"damage":5.0,"enemies":"Small Slimes","floor":2.0,"turns":3.0},{"damage":6.0,"enemies":"2 Louse","floor":3.0,"turns":2.0},{"damage":7.0,"enemies":"Looter","floor":5.0,"turns":3.0},{"damage":2.0,"enemies":"3 Sentries","floor":7.0,"turns":3.0},{"damage":3,"enemies":"Exordium Wildlife","floor":13,"turns":2},{"damage":3,"enemies":"The Mushroom Lair","floor":14,"turns":2},{"damage":6,"enemies":"Slime Boss","floor":16,"turns":6},{"damage":20,"enemies":"2 Thieves","floor":18,"turns":3},{"damage":7,"enemies":"Shell Parasite","floor":24,"turns":4},{"damage":33,"enemies":"Book of Stabbing","floor":30,"turns":5},{"damage":15,"enemies":"Sentry and Sphere","floor":31,"turns":4},{"damage":30,"enemies":"Champ","floor":33,"turns":6}],"seed_played":"1179082281102088801","potions_obtained":[{"floor":4.0,"key":"LiquidMemories"},{"floor":4.0,"key":"PowerPotion"},{"floor":4.0,"key":"BlessingOfTheForge"},{"floor":7.0,"key":"Fire Potion"},{"floor":13,"key":"PowerPotion"},{"floor":16,"key":"Energy Potion"},{"floor":18,"key":"BlessingOfTheForge"},{"floor":30,"key":"CunningPotion"}],"is_trial":false,"path_per_floor":["M","M","M","?","M","R","E","$","T","?","?","R","M","?","R","B",null,"M","?","?","$","$","R","M","?","T","?","T","$","E","M","R","B"],"character_chosen":"THE_SILENT","items_purchased":["Die Die Die","Acrobatics"],"campfire_rested":1,"item_purchase_floors":[8,22],"current_hp_per_floor":[77,72,66,66,59,59,57,57,57,57,50,50,47,44,44,38,77,57,57,57,57,57,57,50,50,50,50,50,50,17,2,25,0,0],"gold":124,"neow_bonus":"TEN_PERCENT_HP_BONUS","is_daily":false,"chose_seed":false,"campfire_upgraded":4,"win_rate":0.0,"timestamp":1612766763,"path_taken":["M","M","M","?","M","R","E","?","T","?","?","R","M","?","R","BOSS","M","?","?","?","$","R","M","?","T","?","?","?","E","M","R","BOSS"],"items_purchased_type":["Card","Card"],"build_version":"2020-12-22","purchased_purges":3,"victory":false,"max_hp_per_floor":[77,77,77,77,77,77,77,77,77,77,77,77,77,77,77,77,77,77,77,77,77,77,77,77,77,77,77,77,77,77,77,77,77,77],"card_choices":[{"not_picked":["Quick Slash","Sucker Punch"],"picked":"Dagger Throw","floor":1.0},{"not_picked":["Outmaneuver","Concentrate"],"picked":"Dagger Spray","floor":2.0},{"not_picked":["Poisoned Stab","Blade Dance"],"picked":"All Out Attack","floor":3.0},{"not_picked":["Quick Slash","Choke","Noxious Fumes"],"picked":"SKIP","floor":5.0},{"not_picked":["Dagger Spray","Sucker Punch","Quick Slash"],"picked":"SKIP","floor":7.0},{"not_picked":["Skewer","Prepared"],"picked":"Bouncing Flask","floor":13},{"not_picked":["Bullet Time","Burst"],"picked":"Adrenaline","floor":16},{"not_picked":["Cloak And Dagger","Outmaneuver"],"picked":"All Out Attack+1","floor":18},{"not_picked":["Catalyst","Outmaneuver","Deflect"],"picked":"SKIP","floor":24},{"not_picked":["Heel Hook+1","Flying Knee"],"picked":"PiercingWail","floor":30},{"not_picked":["Leg Sweep","Riddle With Holes"],"picked":"Escape Plan+1","floor":31}],"player_experience":911912,"relics_obtained":[],"event_choices":[{"damage_healed":0.0,"max_hp_gain":0.0,"max_hp_loss":0.0,"gold_gain":0.0,"event_name":"Lab","player_choice":"Got Potions","floor":4.0,"gold_loss":0.0,"damage_taken":0.0},{"damage_healed":0,"gold_gain":30,"player_choice":"Searched \u00271\u0027 times","damage_taken":0,"max_hp_gain":0,"max_hp_loss":0,"event_name":"Dead Adventurer","floor":10,"gold_loss":0},{"cards_removed":["Strike_G"],"damage_healed":0,"gold_gain":0,"player_choice":"Card Removal","damage_taken":7,"max_hp_gain":0,"max_hp_loss":0,"event_name":"Golden Wing","floor":11,"gold_loss":0},{"damage_healed":0,"gold_gain":0,"player_choice":"Fought Mushrooms","damage_taken":0,"max_hp_gain":0,"max_hp_loss":0,"event_name":"Mushrooms","floor":14,"gold_loss":0},{"damage_healed":0,"gold_gain":99,"player_choice":"Stole From Cult","damage_taken":0,"max_hp_gain":0,"max_hp_loss":0,"event_name":"Nest","floor":19,"gold_loss":0},{"damage_healed":0,"gold_gain":0,"player_choice":"Ignored","damage_taken":0,"max_hp_gain":0,"max_hp_loss":0,"event_name":"Vampires","floor":20,"gold_loss":0},{"damage_healed":0,"gold_gain":0,"cards_transformed":["Strike_G","Defend_G"],"player_choice":"Became Test Subject","damage_taken":0,"max_hp_gain":0,"max_hp_loss":0,"event_name":"Drug Dealer","floor":25,"gold_loss":0,"cards_obtained":["Acrobatics","Acrobatics"]},{"damage_healed":0,"gold_gain":0,"player_choice":"Read","damage_taken":0,"max_hp_gain":0,"max_hp_loss":0,"event_name":"The Library","floor":27,"gold_loss":0,"cards_obtained":["Footwork"]}],"is_beta":false,"boss_relics":[{"not_picked":["Astrolabe","Snecko Eye","Runic Pyramid"]}],"items_purged_floors":[8,21,22],"is_endless":false,"potions_floor_spawned":[5,7,13,14,16,18,30],"killed_by":"Champ","ascension_level":0}}