{"host":"aelxjre69umlx7r4","time":1612761773,"event":{"mods":["AchievementEnabler","BaseMod","DeckTracker","Highlight Path","Keyboard Shortcuts","Minty Spire (QoL Compilation)","Permanent Neow","SuperFastMode"],"gold_per_floor":[113,113,113,123,134,168,168,182,207,219,219,252,252,271,271,271,271],"floor_reached":16,"language":"KOR","playtime":788,"items_purged":[],"score":118,"play_id":"b44f8fc3-8720-4701-9114-b01264e14520","local_time":"20210208142253","is_ascension_mode":true,"campfire_choices":[{"data":"Searing Blow","floor":7.0,"key":"SMITH"},{"data":"Searing Blow+1","floor":11.0,"key":"SMITH"},{"data":"Searing Blow+2","floor":15.0,"key":"SMITH"}],"circlet_count":0,"master_deck":["Strike_R","Strike_R","Strike_R","Strike_R","Strike_R","Defend_R","Defend_R","Defend_R","Defend_R","Bash","Reaper","Searing Blow+3","Evolve","Shrug It Off","Ghostly Armor"],"relics":["Burning Blood","Omamori","Dream Catcher","Potion Belt","Vajra","Juzu Bracelet"],"acts_visited":["Exordium"],"potions_floor_usage":[16],"damage_taken":[{"damage":0.0,"enemies":"Small Slimes","floor":1.0,"turns":4.0},{"damage":1.0,"enemies":"Cultist","floor":4.0,"turns":3.0},{"damage":6.0,"enemies":"Jaw Worm","floor":5.0,"turns":3.0},{"damage":30.0,"enemies":"3 Sentries","floor":6.0,"turns":10.0},{"damage":28.0,"enemies":"Exordium Thugs","floor":8.0,"turns":7.0},{"damage":11.0,"enemies":"Exordium Wildlife","floor":10.0,"turns":8.0},{"damage":14.0,"enemies":"Gremlin Nob","floor":12.0,"turns":4.0},{"damage":20.0,"enemies":"Red Slaver","floor":14.0,"turns":6.0},{"damage":42,"enemies":"The Guardian","floor":16,"turns":17}],"seed_played":"1001620435558240078","potions_obtained":[{"floor":4.0,"key":"ColorlessPotion"},{"floor":5.0,"key":"Strength Potion"},{"floor":10.0,"key":"FearPotion"},{"floor":14.0,"key":"SteroidPotion"}],"is_trial":false,"path_per_floor":["M","?","?","M","M","E","R","M","T","M","R","E","T","M","R","B"],"character_chosen":"IRONCLAD","items_purchased":[],"campfire_rested":0,"item_purchase_floors":[],"current_hp_per_floor":[80,80,80,80,80,68,68,50,50,53,53,45,45,36,36,0,0],"gold":271,"neow_bonus":"ONE_RANDOM_RARE_CARD","is_daily":false,"chose_seed":false,"campfire_upgraded":3,"win_rate":0.0,"timestamp":1612761773,"path_taken":["M","?","?","?","?","E","R","M","T","M","R","E","?","M","R","BOSS"],"items_purchased_type":[],"build_version":"2020-12-22","purchased_purges":0,"victory":false,"max_hp_per_floor":[80,80,80,80,80,80,80,80,80,80,80,80,80,80,80,80,80],"card_choices":[{"not_picked":["Cleave","Flex"],"picked":"Searing Blow","floor":1.0},{"not_picked":["Flex","Rampage"],"picked":"Evolve","floor":4.0},{"not_picked":["Flame Barrier","Entrench","Havoc"],"picked":"SKIP","floor":5.0},{"not_picked":["Twin Strike","Flex"],"picked":"Shrug It Off","floor":6.0},{"not_picked":["Dropkick","Uppercut"],"picked":"Ghostly Armor","floor":8.0},{"not_picked":["Thunderclap","Wild Strike","Iron Wave"],"picked":"SKIP","floor":10.0},{"not_picked":["Brutality","Sentinel","Iron Wave"],"picked":"SKIP","floor":12.0},{"not_picked":["Rage","True Grit","Flex"],"picked":"SKIP","floor":14.0}],"player_experience":390473,"relics_obtained":[{"floor":6.0,"key":"Dream Catcher"},{"floor":9.0,"key":"Potion Belt"},{"floor":12.0,"key":"Vajra"},{"floor":13.0,"key":"Juzu Bracelet"}],"event_choices":[{"damage_healed":0.0,"max_hp_gain":0.0,"max_hp_loss":0.0,"gold_gain":0.0,"event_name":"Big Fish","player_choice":"Box","floor":2.0,"gold_loss":0.0,"damage_taken":0.0,"relics_obtained":["Omamori"],"cards_obtained":["Regret"]},{"damage_healed":0.0,"max_hp_gain":0.0,"max_hp_loss":0.0,"gold_gain":0.0,"cards_transformed":["Regret"],"event_name":"Transmorgrifier","player_choice":"Transformed","floor":3.0,"gold_loss":0.0,"damage_taken":0.0,"cards_obtained":["Shame"]}],"is_beta":false,"boss_relics":[],"items_purged_floors":[],"is_endless":false,"potions_floor_spawned":[4,5,10,14],"killed_by":"The Guardian","ascension_level":1}}