{"host":"i0avyit1s6jb1siw","time":1612804790,"event":{"mods":["BaseMod","DeckTracker","Dota2Spire","Highlight Path","Minty Spire (QoL Compilation)","Quick Restart","StSLib","SuperFastMode"],"gold_per_floor":[114,114,114,133,143,143,26,38,92,140,140,174,187,54,54,54],"floor_reached":15,"language":"ENG","playtime":204,"items_purged":["Strike_P"],"score":190,"play_id":"d6649a31-b581-4423-89b7-32c33d6dbef8","local_time":"20210208181950","is_ascension_mode":true,"campfire_choices":[{"floor":6,"key":"REST"},{"data":"Adaptation","floor":11,"key":"SMITH"}],"circlet_count":0,"master_deck":["AscendersBane","Strike_P","Strike_P","Strike_P","Defend_P","Defend_P","Defend_P","Defend_P","Eruption+1","Vigilance","BowlingBash","Indignation","Conclude","MentalFortress","Adaptation+1","EmptyFist+1","CrushJoints+1"],"relics":["PureWater","Dota2Spire:UrnOfShadows","Regal Pillow","Molten Egg 2","Dota2Spire:AghanimScepter"],"acts_visited":["Exordium"],"potions_floor_usage":[12],"damage_taken":[{"damage":0,"enemies":"2 Louse","floor":1,"turns":2},{"damage":4,"enemies":"Jaw Worm","floor":4,"turns":6},{"damage":2,"enemies":"Cultist","floor":5,"turns":3},{"damage":0,"enemies":"Large Slime","floor":8,"turns":3},{"damage":16,"enemies":"Gremlin Nob","floor":12,"turns":3},{"damage":22,"enemies":"Gremlin Gang","floor":13,"turns":3},{"damage":10,"enemies":"3 Sentries","floor":15,"turns":1}],"seed_played":"-2383974119986717038","potions_obtained":[{"floor":4,"key":"Energy Potion"},{"floor":8,"key":"Explosive Potion"},{"floor":12,"key":"Dexterity Potion"}],"is_trial":false,"path_per_floor":["M","?","?","M","M","R","$","M","T","T","R","E","M","?","E"],"character_chosen":"WATCHER","items_purchased":["MentalFortress"],"campfire_rested":1,"item_purchase_floors":[7],"current_hp_per_floor":[61,61,16,18,16,36,36,36,36,36,36,20,4,4,0,0],"gold":54,"neow_bonus":"UPGRADE_CARD","is_daily":false,"chose_seed":false,"campfire_upgraded":1,"win_rate":0.0,"timestamp":1612804790,"path_taken":["M","?","?","M","M","R","?","M","T","T","R","E","?","?","E"],"items_purchased_type":["Card"],"build_version":"2020-12-22","purchased_purges":1,"victory":false,"max_hp_per_floor":[68,68,68,68,68,68,68,68,68,68,68,68,68,68,68,68],"card_choices":[{"not_picked":["FollowUp","Consecrate"],"picked":"BowlingBash","floor":1},{"not_picked":["WindmillStrike","EmptyBody"],"picked":"Indignation","floor":4},{"not_picked":["Protect","Evaluate"],"picked":"Conclude","floor":5},{"not_picked":["Meditate","EmptyFist"],"picked":"Adaptation","floor":8},{"not_picked":["WindmillStrike+1","FlyingSleeves+1"],"picked":"EmptyFist+1","floor":12},{"not_picked":["PathToVictory","EmptyFist+1"],"picked":"CrushJoints+1","floor":13}],"player_experience":2426061,"relics_obtained":[{"floor":10,"key":"Regal Pillow"},{"floor":12,"key":"Molten Egg 2"}],"event_choices":[{"damage_healed":0,"gold_gain":0,"player_choice":"Ignored","damage_taken":0,"max_hp_gain":0,"max_hp_loss":0,"event_name":"Liars Game","floor":2,"gold_loss":0},{"damage_healed":0,"gold_gain":0,"player_choice":"Success","damage_taken":45,"relics_obtained":["Dota2Spire:UrnOfShadows"],"max_hp_gain":0,"max_hp_loss":0,"event_name":"Scrap Ooze","floor":3,"gold_loss":0},{"damage_healed":0,"gold_gain":0,"player_choice":"Paid Gold","damage_taken":0,"relics_obtained":["Dota2Spire:AghanimScepter"],"max_hp_gain":0,"max_hp_loss":0,"event_name":"WeMeetAgain","floor":14,"gold_loss":133}],"is_beta":false,"boss_relics":[],"items_purged_floors":[7],"is_endless":false,"potions_floor_spawned":[4,8,12],"killed_by":"3 Sentries","ascension_level":20}}