{"host":"ijf4uk0u2tt2bygg","time":1612820379,"event":{"mods":["2.2 Compatiblity","AchievementEnabler","BaseMod","BetterRewards","Block Reminder","Colored Map","Colored Powertips","Curses Come First","DeckTracker","Hermit","Highlight Path","Minty Spire (QoL Compilation)","Permanent Neow","Quick Restart","Relic Stats","StSLib","SuperFastMode","The Bug Knight","The Cursed","The Hierophant","The Necromancer","The Servant 0.9.4","Unknown Chances"],"gold_per_floor":[116,128,128,152,152,192,231,272,296,296,316,356,389,430,430,559,559,579,678,678,30,53,91,135,174,197,240,33,72,72,13,13,139,139,163,222,243,1242,27,70,113,113,163,46,89,122,164,30,30,159,159,172,172,172,208,51,91,91,91,114,127,169,54,88,111,111,244,244,259,259,174,218,254,297,297,340,378,17,51,90,90,105,105,235,235,256,100,109,147,38,38,82,82,123,27,62,62,97,117,117,248,248,268,329,370,67,138,173,173,173,206,12,48,48,48,82,82,82,82],"floor_reached":118,"language":"ENG","playtime":20842,"items_purged":["Conserve Battery","Normality","Turbo","Apotheosis+1","Writhe"],"score":3804,"play_id":"82b051c5-65c4-4118-a12c-95aed981c9a3","local_time":"20210208233939","daily_mods":["Draft","Heirloom","Time Dilation","Flight","DeadlyEvents"],"is_ascension_mode":true,"campfire_choices":[{"data":"Seek","floor":10.0,"key":"SMITH"},{"data":"Cold Snap","floor":15.0,"key":"SMITH"},{"data":"Hello World","floor":30.0,"key":"SMITH"},{"data":"Consume","floor":32.0,"key":"SMITH"},{"data":"Capacitor","floor":42.0,"key":"SMITH"},{"data":"Capacitor","floor":49.0,"key":"SMITH"},{"data":"Barrage","floor":58.0,"key":"SMITH"},{"data":"FTL","floor":59.0,"key":"PURGE"},{"data":"Rebound","floor":66.0,"key":"PURGE"},{"data":"Creative AI","floor":75.0,"key":"SMITH"},{"data":"hierophant:RepressedViolence+1","floor":81,"key":"PURGE"},{"data":"Coolheaded","floor":83,"key":"SMITH"},{"data":"Ball Lightning","floor":91,"key":"SMITH"},{"data":"Ball Lightning","floor":93,"key":"SMITH"},{"data":"Electrodynamics","floor":97,"key":"SMITH"},{"data":"Machine Learning","floor":100,"key":"SMITH"},{"data":"Rebound","floor":109,"key":"SMITH"},{"data":"Self Repair","floor":110,"key":"PURGE"},{"data":"Sweeping Beam+1","floor":114,"key":"PURGE"},{"data":"BootSequence","floor":115,"key":"SMITH"},{"floor":117,"key":"REST"}],"circlet_count":0,"master_deck":["Coolheaded+1","Cold Snap+1","Barrage+1","Barrage+1","Storm+1","Glacier+1","Sweeping Beam+1","Hello World+1","Barrage+1","Ball Lightning+1","Coolheaded+1","BootSequence+1","Rebound+1","Ball Lightning+1","Seek+1","Tempest+1","Conserve Battery+1","Machine Learning+1","Rebound+1","Consume+1","Sweeping Beam+1","Loop+1","Electrodynamics+1","Capacitor+1","Blizzard+1","Conserve Battery+1","Loop+1","Capacitor+1","Consume+1","Sweeping Beam+1","Cold Snap+1","Seek+1","Capacitor+1","Creative AI+1","TheCursedMod:NeowsMight+1","Defragment+1"],"relics":["FrozenCore","Calipers","Golden Idol","HollowMod:QueensCombRelic","DataDisk","Nunchaku","Vajra","Regal Pillow","HollowMod:StagPassRelic","Thread and Needle","Sozu","Art of War","Bird Faced Urn","Membership Card","Blood Vial","Turnip","The Courier","Omamori","Bronze Scales","Lantern","Peace Pipe","Question Card","Anchor","Calling Bell","War Paint","Meat on the Bone","Gambling Chip","TungstenRod","StoneCalendar","Oddly Smooth Stone","Boot","Strawberry","Bag of Marbles","Molten Egg 2","CeramicFish","Lee\u0027s Waffle","Bottled Lightning","Prayer Wheel","Toy Ornithopter","Toxic Egg 2","Pocketwatch","Du-Vu Doll","PreservedInsect","Ancient Tea Set","Whetstone","HandDrill","Happy Flower","Potion Belt","Bag of Preparation","Nuclear Battery","Matryoshka","PrismaticShard","Tiny Chest","Akabeko","DollysMirror","MutagenicStrength","Gremlin Horn","Singing Bowl","Mango","Pen Nib","Empty Cage","Medical Kit","Shuriken","HornCleat","Inserter","Emotion Chip","Strange Spoon","Ginger","MealTicket","Centennial Puzzle","Pear","Darkstone Periapt"],"acts_visited":["Exordium","TheCity","TheBeyond","TheCity","TheBeyond","Exordium"],"potions_floor_usage":[],"damage_taken":[{"damage":1.0,"enemies":"Jaw Worm","floor":1.0,"turns":3.0},{"damage":0.0,"enemies":"Small Slimes","floor":2.0,"turns":2.0},{"damage":0.0,"enemies":"2 Louse","floor":4.0,"turns":2.0},{"damage":4.0,"enemies":"Lagavulin","floor":6.0,"turns":5.0},{"damage":4.0,"enemies":"3 Sentries","floor":7.0,"turns":5.0},{"damage":0.0,"enemies":"Gremlin Nob","floor":8.0,"turns":2.0},{"damage":0.0,"enemies":"Gremlin Gang","floor":11.0,"turns":3.0},{"damage":12.0,"enemies":"Lagavulin","floor":12.0,"turns":4.0},{"damage":0.0,"enemies":"3 Sentries","floor":13.0,"turns":6.0},{"damage":3.0,"enemies":"Gremlin Nob","floor":14.0,"turns":3.0},{"damage":21.0,"enemies":"The Guardian","floor":16.0,"turns":7.0},{"damage":0.0,"enemies":"Chosen","floor":18.0,"turns":3.0},{"damage":0.0,"enemies":"Spheric Guardian","floor":22.0,"turns":3.0},{"damage":0.0,"enemies":"Slavers","floor":23.0,"turns":4.0},{"damage":14.0,"enemies":"Book of Stabbing","floor":24.0,"turns":5.0},{"damage":0.0,"enemies":"HollowMod:Nosk","floor":25.0,"turns":5.0},{"damage":0.0,"enemies":"Book of Stabbing","floor":27.0,"turns":4.0},{"damage":0.0,"enemies":"HollowMod:Nosk","floor":29.0,"turns":5.0},{"damage":19.0,"enemies":"Automaton","floor":33.0,"turns":7.0},{"damage":5.0,"enemies":"3 Shapes","floor":35.0,"turns":2.0},{"damage":14.0,"enemies":"2 Orb Walkers","floor":36.0,"turns":3.0},{"damage":0.0,"enemies":"Orb Walker","floor":37.0,"turns":2.0},{"damage":0.0,"enemies":"Giant Head","floor":40.0,"turns":7.0},{"damage":2.0,"enemies":"Reptomancer","floor":41.0,"turns":4.0},{"damage":0.0,"enemies":"Nemesis","floor":45.0,"turns":3.0},{"damage":0.0,"enemies":"Sphere and 2 Shapes","floor":46.0,"turns":3.0},{"damage":15.0,"enemies":"Reptomancer","floor":47.0,"turns":4.0},{"damage":29.0,"enemies":"Time Eater","floor":50.0,"turns":7.0},{"damage":0.0,"enemies":"Jaw Worm","floor":52.0,"turns":2.0},{"damage":0.0,"enemies":"Gremlin Nob","floor":55.0,"turns":2.0},{"damage":0.0,"enemies":"3 Sentries","floor":57.0,"turns":3.0},{"damage":0.0,"enemies":"Cultist","floor":61.0,"turns":2.0},{"damage":0.0,"enemies":"Lagavulin","floor":62.0,"turns":2.0},{"damage":0.0,"enemies":"Gremlin Nob","floor":64.0,"turns":2.0},{"damage":0.0,"enemies":"2 Louse","floor":65.0,"turns":2.0},{"damage":8.0,"enemies":"The Guardian","floor":67.0,"turns":4.0},{"damage":0.0,"enemies":"Shell Parasite","floor":69.0,"turns":2.0},{"damage":15.0,"enemies":"Slavers","floor":72.0,"turns":2.0},{"damage":0.0,"enemies":"Gremlin Leader","floor":73.0,"turns":2.0},{"damage":0.0,"enemies":"Book of Stabbing","floor":74.0,"turns":2.0},{"damage":0.0,"enemies":"HollowMod:Nosk","floor":76.0,"turns":3.0},{"damage":0,"enemies":"Slavers","floor":77,"turns":2},{"damage":21,"enemies":"Book of Stabbing","floor":79,"turns":3},{"damage":0,"enemies":"HollowMod:Nosk","floor":80,"turns":3},{"damage":0,"enemies":"2 Thieves","floor":82,"turns":1},{"damage":0,"enemies":"Automaton","floor":84,"turns":5},{"damage":0,"enemies":"3 Darklings","floor":86,"turns":1},{"damage":0,"enemies":"HollowMod:StalkingDevout","floor":89,"turns":1},{"damage":21,"enemies":"Giant Head","floor":92,"turns":3},{"damage":0,"enemies":"Nemesis","floor":94,"turns":1},{"damage":0,"enemies":"HollowMod:StalkingDevout","floor":96,"turns":2},{"damage":0,"enemies":"Giant Head","floor":98,"turns":2},{"damage":0,"enemies":"3 Shapes","floor":99,"turns":1},{"damage":47,"enemies":"Time Eater","floor":101,"turns":6},{"damage":0,"enemies":"Small Slimes","floor":103,"turns":1},{"damage":0,"enemies":"Gremlin Nob","floor":104,"turns":2},{"damage":0,"enemies":"Lagavulin","floor":105,"turns":1},{"damage":0,"enemies":"3 Sentries","floor":108,"turns":2},{"damage":0,"enemies":"Lagavulin","floor":111,"turns":2},{"damage":0,"enemies":"Gremlin Nob","floor":113,"turns":1},{"damage":0,"enemies":"HollowMod:MossKnight","floor":116,"turns":1},{"damage":163,"enemies":"Hexaghost","floor":118,"turns":2}],"seed_played":"-109404303785402882","potions_obtained":[{"floor":4.0,"key":"SpeedPotion"},{"floor":7.0,"key":"Explosive Potion"},{"floor":11.0,"key":"Ancient Potion"},{"floor":13.0,"key":"SkillPotion"},{"floor":16.0,"key":"FocusPotion"}],"is_trial":true,"path_per_floor":["M","M","?","M","?","E","E","E","T","R","M","E","E","E","R","B",null,"M","?","?","$","M","E","E","E","T","E","$","E","R","$","R","B",null,"M","?","M","?","$","E","E","R","T","$","E","M","E","$","R","B",null,"M","?","?","E","$","E","R","R","T","M","E","$","E","M","R","B",null,"M","?","?","E","E","E","R","E","E","$","E","E","R","M","R","B",null,"M","$","?","E","$","R","E","R","E","$","E","R","E","M","R","B",null,"M","?","E","$","?","E","R","R","E","$","E","R","R","E","R","B"],"character_chosen":"DEFECT","items_purchased":["Art of War","Bird Faced Urn","Membership Card","Lantern","Peace Pipe","Loop","Anchor","Apotheosis","StoneCalendar","Oddly Smooth Stone","Boot","Strawberry","Bag of Marbles","Molten Egg 2","CeramicFish","Lee\u0027s Waffle","Bottled Lightning","Prayer Wheel","Toy Ornithopter","Toxic Egg 2","Pocketwatch","Whetstone","HandDrill","Bag of Preparation","Cold Snap+1","Matryoshka","PrismaticShard","Akabeko","DollysMirror","Singing Bowl","Mango","Pen Nib","Medical Kit","Shuriken","Defragment","HornCleat","Strange Spoon","Ginger","MealTicket","Centennial Puzzle","Pear","Darkstone Periapt"],"campfire_rested":1,"item_purchase_floors":[21,21,21,28,28,28,31,39,39,39,39,39,39,39,39,39,39,39,39,39,39,44,44,48,48,56,56,63,63,78,78,78,87,87,90,95,106,106,106,106,112,112],"current_hp_per_floor":[74,75,57,64,49,50,50,50,50,50,50,45,50,47,47,29,50,50,50,50,50,50,50,36,50,50,50,50,50,50,50,50,31,50,45,49,50,50,64,64,64,64,64,64,64,64,49,49,49,44,64,64,64,52,64,64,64,64,64,64,64,64,64,64,64,64,64,64,64,64,64,57,64,64,64,64,64,78,59,82,82,86,86,86,86,90,90,90,92,92,92,84,84,96,96,98,98,100,104,104,73,106,110,112,114,114,114,116,116,116,118,128,130,130,130,132,132,0,0],"gold":82,"neow_bonus":"","is_daily":false,"chose_seed":false,"campfire_upgraded":15,"win_rate":0.0,"timestamp":1612820379,"path_taken":["M","M","?","M","?","E","E","E","T","R","?","E","?","E","R","BOSS","M","?","?","$","?","E","E","E","T","E","$","E","R","$","R","BOSS","M","?","?","?","$","E","E","R","T","$","E","?","E","$","R","BOSS","M","?","?","?","$","E","R","R","T","?","E","$","E","M","R","BOSS","M","?","?","?","?","E","R","E","E","$","E","E","R","?","R","BOSS","M","$","?","?","$","R","E","R","E","?","E","R","E","?","R","BOSS","M","?","?","$","?","E","R","R","E","$","E","R","R","?","R","BOSS"],"items_purchased_type":["Relic","Relic","Relic","Relic","Relic","Card","Relic","Card","Relic","Relic","Relic","Relic","Relic","Relic","Relic","Relic","Relic","Relic","Relic","Relic","Relic","Relic","Relic","Relic","Card","Relic","Relic","Relic","Relic","Relic","Relic","Relic","Relic","Relic","Card","Relic","Relic","Relic","Relic","Relic","Relic","Relic"],"build_version":"2020-12-22","purchased_purges":5,"victory":false,"max_hp_per_floor":[75,75,75,75,75,50,50,50,50,50,50,50,50,50,50,50,50,50,50,50,50,50,50,50,50,50,50,50,50,50,50,50,50,50,50,50,50,50,64,64,64,64,64,64,64,64,64,64,64,64,64,64,64,64,64,64,64,64,64,64,64,64,64,64,64,64,64,64,64,64,64,64,64,64,64,64,64,78,80,82,82,86,86,86,86,90,90,90,92,92,92,94,94,96,96,98,98,100,104,104,106,106,110,112,114,114,114,116,116,116,118,128,130,130,130,132,132,132,132],"relic_stats":{"Darkstone Periapt":0,"Regal Pillow":0,"Gremlin Horn":[19,19],"Singing Bowl":44,"CeramicFish":126,"StoneCalendar":[0],"Bag of Preparation":[70],"Whetstone":["Sweeping Beam","Barrage"],"Ginger":[0],"Boot":[15],"FrozenCore":[9],"Sozu":19,"Blood Vial":15,"Nunchaku":[34],"Emotion Chip":[0,0,0,0,0],"Centennial Puzzle":[3],"Gambling Chip":[45],"Prayer Wheel":9,"Tiny Chest":3,"MealTicket":0,"HandDrill":[18],"Lee\u0027s Waffle":7,"Inserter":[5],"Happy Flower":[29],"counters":[62,185],"Golden Idol":514,"PreservedInsect":1518,"Pen Nib":[8],"War Paint":["Tempest","Conserve Battery"],"Question Card":54,"Medical Kit":[0],"Peace Pipe":10,"Strange Spoon":[9],"Shuriken":[9],"Bird Faced Urn":[70],"Bronze Scales":[243],"Turnip":[9],"Art of War":[20],"obtain_stats":[{"Calipers":0,"Gremlin Horn":71,"CeramicFish":39,"Vajra":9,"Whetstone":44,"Ginger":106,"HollowMod:StagPassRelic":13,"Boot":39,"FrozenCore":68,"Sozu":17,"Blood Vial":23,"Centennial Puzzle":106,"HornCleat":95,"DollysMirror":63,"Strawberry":39,"Prayer Wheel":39,"MealTicket":106,"HandDrill":44,"Toxic Egg 2":39,"HollowMod:QueensCombRelic":6,"Pear":112,"Happy Flower":45,"Oddly Smooth Stone":39,"Pen Nib":78,"War Paint":34,"Question Card":29,"Akabeko":63,"Du-Vu Doll":40,"Shuriken":87,"Bird Faced Urn":21,"Bronze Scales":27,"MutagenicStrength":70,"Molten Egg 2":39,"Meat on the Bone":34,"Pocketwatch":39,"Darkstone Periapt":112,"Regal Pillow":12,"Lantern":28,"Singing Bowl":78,"StoneCalendar":39,"Mango":78,"Bag of Preparation":48,"Ancient Tea Set":43,"PrismaticShard":56,"Empty Cage":85,"Nunchaku":8,"Emotion Chip":104,"Matryoshka":56,"Gambling Chip":34,"Tiny Chest":60,"Cracked Core":0,"Potion Belt":47,"Lee\u0027s Waffle":39,"Inserter":102,"Golden Idol":3,"Thread and Needle":14,"The Courier":25,"PreservedInsect":41,"Omamori":26,"Medical Kit":87,"Nuclear Battery":51,"Peace Pipe":28,"Calling Bell":34,"Strange Spoon":106,"DataDisk":7,"Anchor":31,"Turnip":24,"Art of War":21,"Bag of Marbles":39,"Membership Card":21,"Bottled Lightning":39,"TungstenRod":36,"Toy Ornithopter":39},{"Calipers":0,"Gremlin Horn":37,"CeramicFish":22,"Vajra":6,"Whetstone":24,"Ginger":57,"HollowMod:StagPassRelic":9,"Boot":22,"FrozenCore":36,"Sozu":11,"Blood Vial":14,"Centennial Puzzle":57,"HornCleat":50,"DollysMirror":33,"Strawberry":22,"Prayer Wheel":22,"MealTicket":57,"HandDrill":24,"Toxic Egg 2":22,"HollowMod:QueensCombRelic":4,"Pear":59,"Happy Flower":25,"Oddly Smooth Stone":22,"Pen Nib":42,"War Paint":19,"Question Card":18,"Akabeko":33,"Du-Vu Doll":23,"Shuriken":47,"Bird Faced Urn":12,"Bronze Scales":17,"MutagenicStrength":37,"Molten Egg 2":22,"Meat on the Bone":19,"Pocketwatch":22,"Darkstone Periapt":59,"Regal Pillow":8,"Lantern":17,"Singing Bowl":42,"StoneCalendar":22,"Mango":42,"Bag of Preparation":27,"Ancient Tea Set":24,"PrismaticShard":30,"Empty Cage":46,"Nunchaku":6,"Emotion Chip":56,"Matryoshka":30,"Gambling Chip":19,"Tiny Chest":31,"Cracked Core":0,"Potion Belt":27,"Lee\u0027s Waffle":22,"Inserter":54,"Golden Idol":2,"Thread and Needle":10,"The Courier":16,"PreservedInsect":24,"Omamori":16,"Medical Kit":47,"Nuclear Battery":28,"Peace Pipe":17,"Calling Bell":19,"Strange Spoon":57,"DataDisk":5,"Anchor":18,"Turnip":15,"Art of War":12,"Bag of Marbles":22,"Membership Card":12,"Bottled Lightning":22,"TungstenRod":21,"Toy Ornithopter":22},{"Calipers":0,"Gremlin Horn":133,"CeramicFish":85,"Vajra":19,"Whetstone":96,"Ginger":177,"HollowMod:StagPassRelic":32,"Boot":85,"FrozenCore":131,"Sozu":42,"Blood Vial":52,"Centennial Puzzle":177,"HornCleat":162,"DollysMirror":124,"Strawberry":85,"Prayer Wheel":85,"MealTicket":177,"HandDrill":96,"Toxic Egg 2":85,"HollowMod:QueensCombRelic":12,"Pear":181,"Happy Flower":99,"Oddly Smooth Stone":85,"Pen Nib":144,"War Paint":78,"Question Card":71,"Akabeko":124,"Du-Vu Doll":92,"Shuriken":157,"Bird Faced Urn":45,"Bronze Scales":66,"MutagenicStrength":133,"Molten Egg 2":85,"Meat on the Bone":78,"Pocketwatch":85,"Darkstone Periapt":181,"Regal Pillow":26,"Lantern":66,"Singing Bowl":144,"StoneCalendar":85,"Mango":144,"Bag of Preparation":106,"Ancient Tea Set":96,"PrismaticShard":117,"Empty Cage":156,"Nunchaku":19,"Emotion Chip":176,"Matryoshka":117,"Gambling Chip":78,"Tiny Chest":120,"Cracked Core":0,"Potion Belt":106,"Lee\u0027s Waffle":85,"Inserter":173,"Golden Idol":5,"Thread and Needle":35,"The Courier":62,"PreservedInsect":96,"Omamori":62,"Medical Kit":157,"Nuclear Battery":113,"Peace Pipe":66,"Calling Bell":78,"Strange Spoon":177,"DataDisk":17,"Anchor":71,"Turnip":57,"Art of War":45,"Bag of Marbles":85,"Membership Card":45,"Bottled Lightning":85,"TungstenRod":83,"Toy Ornithopter":85}],"TungstenRod":24,"Toy Ornithopter":0,"Meat on the Bone":0,"Pocketwatch":[20]},"card_choices":[{"not_picked":["Compile Driver","Barrage"],"picked":"Coolheaded","floor":0.0},{"not_picked":["Force Field","Glacier"],"picked":"Cold Snap","floor":0.0},{"not_picked":["FTL","Reinforced Body"],"picked":"Barrage","floor":0.0},{"not_picked":["Sweeping Beam","Steam Power"],"picked":"Turbo","floor":0.0},{"not_picked":["Beam Cell","Steam"],"picked":"Barrage","floor":0.0},{"not_picked":["Stack","Chaos"],"picked":"Storm","floor":0.0},{"not_picked":["Sweeping Beam","Chaos"],"picked":"Glacier","floor":0.0},{"not_picked":["Steam Power","Beam Cell"],"picked":"Sweeping Beam","floor":0.0},{"not_picked":["Gash","Leap"],"picked":"Hello World","floor":0.0},{"not_picked":["Lockon","Steam Power"],"picked":"Barrage","floor":0.0},{"not_picked":["Rebound","Leap"],"picked":"Ball Lightning","floor":0.0},{"not_picked":["Rip and Tear","Reinforced Body"],"picked":"Rebound","floor":0.0},{"not_picked":["Compile Driver","Steam"],"picked":"Coolheaded","floor":0.0},{"not_picked":["Rebound","Turbo"],"picked":"Self Repair","floor":0.0},{"not_picked":["Blizzard","Cold Snap"],"picked":"BootSequence","floor":0.0},{"not_picked":["Sweeping Beam","Stack"],"picked":"Rebound","floor":1.0},{"not_picked":["Recycle","Gash"],"picked":"Ball Lightning","floor":2.0},{"not_picked":["Skim","Rebound"],"picked":"Conserve Battery","floor":4.0},{"not_picked":["Cold Snap","Skim"],"picked":"Seek","floor":6.0},{"not_picked":["Stack","Leap"],"picked":"Tempest","floor":7.0},{"not_picked":["Go for the Eyes","Force Field","Fusion"],"picked":"SKIP","floor":8.0},{"not_picked":["Rebound","Go for the Eyes"],"picked":"Conserve Battery","floor":11.0},{"not_picked":["Steam","Sweeping Beam"],"picked":"Auto Shields","floor":12.0},{"not_picked":["Streamline","Rebound","Static Discharge"],"picked":"SKIP","floor":13.0},{"not_picked":["Self Repair","Reboot","Static Discharge"],"picked":"SKIP","floor":14.0},{"not_picked":["Amplify","Multi-Cast"],"picked":"Machine Learning","floor":16.0},{"not_picked":["Conserve Battery","Streamline","Stack+1"],"picked":"SKIP","floor":18.0},{"not_picked":["Genetic Algorithm","Darkness"],"picked":"FTL","floor":22.0},{"not_picked":["Hyperbeam","Steam"],"picked":"Rebound+1","floor":23.0},{"not_picked":["Heatsinks","Static Discharge+1"],"picked":"Consume","floor":24.0},{"not_picked":["Go for the Eyes","Amplify"],"picked":"Sweeping Beam+1","floor":25.0},{"not_picked":["Leap","Conserve Battery","Stack+1"],"picked":"SKIP","floor":27.0},{"not_picked":["Reprogram+1","Steam","Rebound"],"picked":"SKIP","floor":29.0},{"not_picked":["Meteor Strike","Multi-Cast","Thunder Strike"],"picked":"Electrodynamics","floor":33.0},{"not_picked":["Ball Lightning+1","Compile Driver+1","BootSequence"],"picked":"Capacitor","floor":35.0},{"not_picked":["Lockon","Conserve Battery","Rebound+1"],"picked":"Blizzard+1","floor":36.0},{"not_picked":["Ball Lightning+1","Go for the Eyes+1","Fusion+1"],"picked":"Conserve Battery+1","floor":37.0},{"not_picked":["All For One+1","Stack+1","Cold Snap+1"],"picked":"Loop+1","floor":40.0},{"not_picked":["Steam+1","Gash+1","Meteor Strike+1"],"picked":"Capacitor","floor":41.0},{"not_picked":["Self Repair+1","Tempest+1","Hologram+1"],"picked":"Consume+1","floor":45.0},{"not_picked":["Rip and Tear+1","Rebound+1","Streamline+1"],"picked":"Sweeping Beam+1","floor":46.0},{"not_picked":["Hello World+1","Coolheaded+1","Rip and Tear+1","Gash+1"],"picked":"SKIP","floor":46.0},{"not_picked":["Conserve Battery+1","Stack+1","Storm+1"],"picked":"Sweeping Beam+1","floor":47.0},{"not_picked":["Hyperbeam+1","Amplify+1","Machine Learning"],"picked":"Seek+1","floor":50.0},{"not_picked":["Redo+1","Rip and Tear+1","Cold Snap+1","Sweeping Beam+1"],"picked":"SKIP","floor":52.0},{"not_picked":["Streamline+1","Genetic Algorithm+1","Barrage+1","Turbo+1"],"picked":"SKIP","floor":52.0},{"not_picked":["Doom and Gloom+1","Reprogram+1","Auto Shields+1","BootSequence+1"],"picked":"SKIP","floor":55.0},{"not_picked":["Spin+1","Recycle+1","hermit:GhostlyPresence+1","Adrenaline+1"],"picked":"SKIP","floor":57.0},{"not_picked":["GearUp+1","TheCursedMod:CircleOfAmplification+1","HollowMod:DesolateDive+1","Spectral_Armor+1"],"picked":"SKIP","floor":61.0},{"not_picked":["Cold Snap+1","hierophant:HammerAndAnvil+1","hermit:WideOpen+1","TheCursedMod:CursedAmulet+1"],"picked":"SKIP","floor":61.0},{"not_picked":["hierophant:Repentance+1","Wild Strike+1","PanicButton+1"],"picked":"Enlightenment+1","floor":62.0},{"not_picked":["Dodge and Roll+1","Crippling Poison+1","Deflect+1","CarveReality+1"],"picked":"SKIP","floor":64.0},{"not_picked":["Negative_Energy_Sphere+1","HollowMod:InfectedCysts+1","hierophant:TollTheBells+1","Spectral_Armor+1"],"picked":"SKIP","floor":65.0},{"not_picked":["hermit:CursedWeapon+1","Escape Plan+1","Exploit+1","Ricochet+1"],"picked":"SKIP","floor":65.0},{"not_picked":["HollowMod:SlysStrikes","Grand Finale+1","HollowMod:HornetsHelp+1"],"picked":"Creative AI","floor":67.0},{"not_picked":["Defy+1","TheCursedMod:CursedStaff+1","HollowMod:HowlingWraiths+1","Sweeping Beam+1"],"picked":"SKIP","floor":69.0},{"not_picked":["Flex+1","Summon_Lich","Capacitor","TheCursedMod:Stigma+1"],"picked":"SKIP","floor":69.0},{"not_picked":["hierophant:Flagellation+1","PathToVictory+1","Negative_Energy_Mist+1","Berserk"],"picked":"SKIP","floor":72.0},{"not_picked":["Force Field+1","HollowMod:ShapeofUnn","Death_Coil+1","Negative_Energy_Mist+1"],"picked":"SKIP","floor":73.0},{"not_picked":["hierophant:Shelter+1","HollowMod:CycloneSlash+1","Violent_Necrosis+1"],"picked":"hierophant:RepressedViolence+1","floor":74.0},{"not_picked":["Death_March_Dance+1","Anger+1","Metallicize","TimeWarp+1"],"picked":"SKIP","floor":76},{"not_picked":["TheCursedMod:CursedShiv+1","HollowMod:ChannelNail+1","Secret Weapon+1","HollowMod:GoodIntentions+1"],"picked":"SKIP","floor":77},{"not_picked":["Heel Hook+1","Feed+1","Starlight+1","WindmillStrike+1"],"picked":"Singing Bowl","floor":79},{"not_picked":["Summon_Undead_Army","Exploit+1","HollowMod:MantisMark+1","Bludgeon+1"],"picked":"Singing Bowl","floor":80},{"not_picked":["Indignation+1","hermit:Horror+1","hierophant:Remorse+1","LikeWater+1"],"picked":"Singing Bowl","floor":82},{"not_picked":["hermit:Feint+1","FlyingSleeves+1","TheCursedMod:CursedShiv+1","HollowMod:HowlingWraiths+1"],"picked":"Singing Bowl","floor":82},{"not_picked":["Machine Learning","Blood_Wake+1","TheCursedMod:CollectTribute"],"picked":"TheCursedMod:NeowsMight+1","floor":84},{"not_picked":["TimeWarp+1","TheCursedMod:Stigma+1","hierophant:FieryStrike+1","EmptyMind+1"],"picked":"Singing Bowl","floor":86},{"not_picked":["BootSequence+1","hermit:Roulette+1","Negative_Energy_Javelin+1","hermit:Manifest+1"],"picked":"Singing Bowl","floor":86},{"not_picked":["hermit:Vantage+1","Storm of Steel+1","TheCursedMod:CursedAmulet+1","Spin+1"],"picked":"Singing Bowl","floor":89},{"not_picked":["HollowMod:NewGlowingWomb","hermit:CursedWeapon+1","hierophant:OrnateBuckler+1","hermit:Headshot+1"],"picked":"Singing Bowl","floor":92},{"not_picked":["Toxic_Smoke_Screen+1","Perseverance+1","HollowMod:InfectedCysts+1","hermit:HighCaliber+1"],"picked":"Singing Bowl","floor":94},{"not_picked":["hierophant:DisplayOfPower+1","Finisher+1","FastForward+1","Iron Wave+1"],"picked":"Singing Bowl","floor":96},{"not_picked":["ForeignInfluence+1","Grasp_Heart+1","Necromantic_Selection+1","hierophant:Repentance+1"],"picked":"Singing Bowl","floor":98},{"not_picked":["hermit:Combo+1","True Grit+1","Good Instincts+1","Rebound+1"],"picked":"Singing Bowl","floor":99},{"not_picked":["True Grit+1","Pray+1","Blind+1","DancingSilver+1"],"picked":"Singing Bowl","floor":99},{"not_picked":["Summon_Death_Knight","TheCursedMod:CircleOfAbyss+1","Establishment","hermit:EternalForm"],"picked":"Singing Bowl","floor":101},{"not_picked":["FearNoEvil+1","TheCursedMod:ReleasedKnowledge+1","Auto Shields+1","Unruled+1"],"picked":"Singing Bowl","floor":103},{"not_picked":["Negative_Energy_Sphere+1","TheCursedMod:CursedShiv+1","Backstab+1","Prostrate+1"],"picked":"Singing Bowl","floor":103},{"not_picked":["Prostrate+1","Chill_Blood+1","Pommel Strike+1","Bandage Up+1"],"picked":"Singing Bowl","floor":104},{"not_picked":["hermit:TrackingShot+1","Finger_Of_Death+1","All Out Attack+1","Infernal Blade+1"],"picked":"Singing Bowl","floor":105},{"not_picked":["WaveOfTheHand+1","Negative_Energy_Burst+1","Blind+1","Dual Wield+1"],"picked":"Singing Bowl","floor":108},{"not_picked":["hierophant:Remorse+1","Demon Form","hierophant:Racketeering+1","Steam+1"],"picked":"Singing Bowl","floor":111},{"not_picked":["Flying Knee+1","hierophant:Community","HollowMod:LifebloodCore+1","TheCursedMod:LuckyCharm"],"picked":"Singing Bowl","floor":113},{"not_picked":["Evolve","HollowMod:GoodIntentions+1","Sunder+1","hermit:Gestalt+1"],"picked":"Singing Bowl","floor":116}],"player_experience":42946,"relics_obtained":[{"floor":6.0,"key":"HollowMod:QueensCombRelic"},{"floor":7.0,"key":"DataDisk"},{"floor":8.0,"key":"Nunchaku"},{"floor":9.0,"key":"Vajra"},{"floor":12.0,"key":"Regal Pillow"},{"floor":13.0,"key":"HollowMod:StagPassRelic"},{"floor":14.0,"key":"Thread and Needle"},{"floor":23.0,"key":"Blood Vial"},{"floor":24.0,"key":"Turnip"},{"floor":25.0,"key":"The Courier"},{"floor":26.0,"key":"Omamori"},{"floor":27.0,"key":"Bronze Scales"},{"floor":29.0,"key":"Question Card"},{"floor":34.0,"key":"War Paint"},{"floor":34.0,"key":"Meat on the Bone"},{"floor":34.0,"key":"Gambling Chip"},{"floor":36.0,"key":"TungstenRod"},{"floor":40.0,"key":"Du-Vu Doll"},{"floor":41.0,"key":"PreservedInsect"},{"floor":43.0,"key":"Ancient Tea Set"},{"floor":45.0,"key":"Happy Flower"},{"floor":47.0,"key":"Potion Belt"},{"floor":60.0,"key":"Tiny Chest"},{"floor":104,"key":"Emotion Chip"}],"event_choices":[{"damage_healed":0.0,"max_hp_gain":0.0,"max_hp_loss":0.0,"gold_gain":0.0,"event_name":"Golden Idol","player_choice":"Take Damage","floor":3.0,"gold_loss":0.0,"damage_taken":18.0,"relics_obtained":["Golden Idol"]},{"damage_healed":0.0,"max_hp_gain":0.0,"max_hp_loss":0.0,"gold_gain":0.0,"event_name":"Shining Light","player_choice":"Entered Light","floor":5.0,"gold_loss":0.0,"damage_taken":15.0,"cards_upgraded":["Glacier","Storm"]},{"damage_healed":0.0,"max_hp_gain":0.0,"max_hp_loss":0.0,"gold_gain":99.0,"event_name":"Nest","player_choice":"Stole From Cult","floor":19.0,"gold_loss":0.0,"damage_taken":0.0},{"damage_healed":0.0,"max_hp_gain":0.0,"max_hp_loss":0.0,"gold_gain":0.0,"event_name":"Vampires","player_choice":"Ignored","floor":20.0,"gold_loss":0.0,"damage_taken":0.0},{"damage_healed":0.0,"max_hp_gain":0.0,"max_hp_loss":0.0,"gold_gain":0.0,"event_name":"Mysterious Sphere","player_choice":"Fight","floor":36.0,"gold_loss":0.0,"damage_taken":0.0},{"damage_healed":0.0,"max_hp_gain":0.0,"max_hp_loss":0.0,"gold_gain":999.0,"event_name":"MindBloom","player_choice":"Gold","floor":38.0,"gold_loss":0.0,"damage_taken":0.0,"cards_obtained":["Normality","Normality"]},{"damage_healed":0.0,"max_hp_gain":0.0,"max_hp_loss":0.0,"gold_gain":0.0,"event_name":"Liars Game","player_choice":"Ignored","floor":53.0,"gold_loss":0.0,"damage_taken":0.0},{"damage_healed":0.0,"max_hp_gain":0.0,"max_hp_loss":0.0,"gold_gain":0.0,"event_name":"Shining Light","player_choice":"Entered Light","floor":54.0,"gold_loss":0.0,"damage_taken":13.0,"cards_upgraded":["Coolheaded","Barrage"]},{"damage_healed":0.0,"max_hp_gain":0.0,"max_hp_loss":0.0,"gold_gain":0.0,"event_name":"Drug Dealer","player_choice":"Inject Mutagens","floor":70.0,"gold_loss":0.0,"damage_taken":0.0,"relics_obtained":["MutagenicStrength"]},{"damage_healed":0.0,"max_hp_gain":0.0,"max_hp_loss":0.0,"gold_gain":0.0,"event_name":"Addict","player_choice":"Obtained Relic","floor":71.0,"gold_loss":85.0,"damage_taken":0.0,"relics_obtained":["Gremlin Horn"]},{"damage_healed":23,"gold_gain":0,"player_choice":"Writhe","damage_taken":0,"max_hp_gain":0,"max_hp_loss":0,"event_name":"Winding Halls","floor":88,"gold_loss":0,"cards_obtained":["Writhe"]},{"damage_healed":0,"gold_gain":30,"player_choice":"Searched \u00272\u0027 times","damage_taken":0,"max_hp_gain":0,"max_hp_loss":0,"event_name":"Dead Adventurer","floor":104,"gold_loss":0},{"damage_healed":0,"gold_gain":71,"player_choice":"Gained Gold","damage_taken":0,"max_hp_gain":0,"max_hp_loss":0,"event_name":"Golden Wing","floor":107,"gold_loss":0}],"is_beta":false,"boss_relics":[{"not_picked":["Runic Pyramid","Empty Cage"],"picked":"Sozu"},{"not_picked":["Coffee Dripper","Inserter"],"picked":"Calling Bell"},{"not_picked":["Fusion Hammer","Busted Crown"],"picked":"Nuclear Battery"},{"not_picked":["Snecko Eye","Velvet Choker"],"picked":"FrozenCore"},{"not_picked":["Busted Crown","Fusion Hammer"],"picked":"Empty Cage"},{"not_picked":["Philosopher\u0027s Stone","SlaversCollar"],"picked":"Inserter"}],"items_purged_floors":[21,39,48,78,90],"is_endless":true,"potions_floor_spawned":[4,7,11,13,16,22,25,29,36,41,45,52,61,62,64,67,74,77,79,80,82,89,92,94,96,101,104,108,116],"killed_by":"Hexaghost","ascension_level":1}}