{"host":"kiehjq3lc4w5t4uc","time":1612801699,"event":{"mods":["AchievementEnabler","BaseMod","Colored Map","Colored Powertips","DeckTracker","Hermit","Keyboard Shortcuts","Minty Spire (QoL Compilation)","Permanent Neow","Quick Restart","Rare Cards Sparkle","Relic Stats","StSLib","SuperFastMode"],"gold_per_floor":[114,114,189,205,155,155,155,155,209,219,26,101,133,150,150,150,150],"floor_reached":16,"language":"KOR","playtime":623,"items_purged":[],"score":98,"play_id":"4137b42a-10a8-4f65-9484-3f9480449bb6","local_time":"20210209012819","is_ascension_mode":false,"campfire_choices":[{"data":"hermit:Manifest","floor":6,"key":"SMITH"},{"data":"hermit:Covet","floor":8,"key":"SMITH"},{"floor":15,"key":"REST"}],"circlet_count":0,"master_deck":["hermit:Strike_Hermit","hermit:Strike_Hermit","hermit:Strike_Hermit","hermit:Defend_Hermit","hermit:Defend_Hermit","hermit:Snapshot","hermit:Covet+1","hermit:Manifest+1","Regret","hermit:SprayPray","hermit:PistolWhip","hermit:Malice"],"relics":["hermit:Momento","Pen Nib","Tiny Chest","Membership Card","HornCleat"],"acts_visited":["Exordium"],"potions_floor_usage":[13],"damage_taken":[{"damage":1.0,"enemies":"Jaw Worm","floor":1.0,"turns":3.0},{"damage":0,"enemies":"2 Louse","floor":4,"turns":3},{"damage":0,"enemies":"Cultist","floor":10,"turns":2},{"damage":21,"enemies":"Lagavulin","floor":13,"turns":9},{"damage":0,"enemies":"Exordium Wildlife","floor":14,"turns":3},{"damage":29,"enemies":"Slime Boss","floor":16,"turns":8}],"seed_played":"-1180701129541554156","potions_obtained":[{"floor":1.0,"key":"DuplicationPotion"},{"floor":4,"key":"Block Potion"},{"floor":13,"key":"hermit:Eclipse"}],"is_trial":false,"path_per_floor":["M","?","?","M","?","R","?","R","T","M","$","?","E","M","R","B"],"character_chosen":"HERMIT","items_purchased":["Membership Card","hermit:PistolWhip"],"campfire_rested":1,"item_purchase_floors":[11,11],"current_hp_per_floor":[53,53,46,46,46,46,46,46,46,46,46,35,14,14,36,7,7],"gold":150,"neow_bonus":"REMOVE_TWO","is_daily":false,"chose_seed":false,"campfire_upgraded":2,"win_rate":0.0,"timestamp":1612801699,"path_taken":["M","?","?","?","?","R","?","R","T","?","$","?","E","M","R","BOSS"],"items_purchased_type":["Relic","Card"],"build_version":"2020-12-22","purchased_purges":0,"victory":false,"max_hp_per_floor":[75,75,75,75,75,75,75,75,75,75,75,75,75,75,75,75,75],"relic_stats":{"counters":[6,28],"Tiny Chest":0,"Pen Nib":[5],"obtain_stats":[{"HornCleat":13,"Tiny Chest":9,"Pen Nib":2,"Membership Card":11,"hermit:Momento":0},{"HornCleat":4,"Tiny Chest":2,"Pen Nib":1,"Membership Card":3,"hermit:Momento":0},{"HornCleat":17,"Tiny Chest":6,"Pen Nib":3,"Membership Card":8,"hermit:Momento":0}]},"card_choices":[{"not_picked":["hermit:Gestalt","hermit:ShadowCloak"],"picked":"hermit:Manifest","floor":1.0},{"not_picked":["hermit:Desperado","hermit:Virtue"],"picked":"hermit:SprayPray","floor":4},{"not_picked":["hermit:Headshot","hermit:Manifest","hermit:Desperado"],"picked":"SKIP","floor":10},{"not_picked":["hermit:Dive","hermit:TrackingShot"],"picked":"hermit:Malice","floor":13},{"not_picked":["hermit:Manifest","hermit:BodyArmor","hermit:TakeAim"],"picked":"SKIP","floor":14}],"player_experience":173272,"relics_obtained":[{"floor":9,"key":"Tiny Chest"},{"floor":13,"key":"HornCleat"}],"event_choices":[{"damage_healed":0.0,"max_hp_gain":0.0,"max_hp_loss":0.0,"gold_gain":0.0,"event_name":"Big Fish","player_choice":"Box","floor":2.0,"gold_loss":0.0,"damage_taken":0.0,"relics_obtained":["Pen Nib"],"cards_obtained":["Regret"]},{"damage_healed":0,"gold_gain":75,"player_choice":"Touch","damage_taken":7,"max_hp_gain":0,"max_hp_loss":0,"event_name":"FaceTrader","floor":3,"gold_loss":0},{"cards_removed":["hermit:Defend_Hermit"],"damage_healed":0,"gold_gain":0,"player_choice":"Card Removal","damage_taken":0,"max_hp_gain":0,"max_hp_loss":0,"event_name":"The Cleric","floor":5,"gold_loss":50},{"damage_healed":0,"gold_gain":0,"player_choice":"Ignored","damage_taken":0,"max_hp_gain":0,"max_hp_loss":0,"event_name":"NoteForYourself","floor":7,"gold_loss":0},{"damage_healed":0,"gold_gain":75,"player_choice":"Gather Gold","damage_taken":11,"max_hp_gain":0,"max_hp_loss":0,"event_name":"World of Goop","floor":12,"gold_loss":0}],"is_beta":false,"boss_relics":[],"items_purged_floors":[],"is_endless":false,"potions_floor_spawned":[1,4,13],"killed_by":"Slime Boss","ascension_level":0}}