{"host":"roqoyek1hn7n931r","time":1612791985,"event":{"mods":["A Magickal Journey","Act Like it!","Arknights","Aspiration","BaseMod","CapriCore","Colored Map","Colored Powertips","Conspire","Downfall","Duelist Mod","GifTheSpireLib","Hermit","Hubris","Infinite Spire","Jorbs\u0027s Wanderer Trilogy","Koishi","Marisa????????","Minty Spire (QoL Compilation)","READ ME - Guardian Mod","READ ME - Snecko Mod","Reliquary","Remilia??????","Replay The Spire","Shade Mod","Shop Mod","StSLib","The Alterego","The Animator","The Bug Knight","The Cursed","The Disciple","The Forsaken","The Gatherer","The Hierophant","The Marked","The Mystic","The Necromancer","The Runesmith","The Servant 0.9.4","TheVacant"],"gold_per_floor":[99,115,134,92,138,138,138,152,152,169,169,169,169,188,208,308,308,308,318,318,337,337,337,337,337,337,337],"floor_reached":26,"language":"ENG","playtime":3188,"items_purged":[],"score":246,"play_id":"c8309548-4fa5-40cc-b2ee-64b90ea2c59a","local_time":"20210208144625","is_ascension_mode":false,"campfire_choices":[{"data":"theForsaken:Smite","floor":1,"key":"SMITH"},{"data":"theForsaken:MagicWeapon","floor":9,"key":"SMITH"},{"data":"theForsaken:BlessedWeapon","floor":13,"key":"SMITH"},{"data":"theForsaken:Bolster","floor":18,"key":"SMITH"},{"floor":25,"key":"RECALL"}],"circlet_count":0,"master_deck":["theForsaken:TheForsaken_Strike","theForsaken:TheForsaken_Strike","theForsaken:TheForsaken_Strike","theForsaken:TheForsaken_Strike","theForsaken:TheForsaken_Defend","theForsaken:TheForsaken_Defend","theForsaken:TheForsaken_Defend","theForsaken:TheForsaken_Defend","theForsaken:Smite+1","theForsaken:Penitence","theForsaken:FountainOfLife","theForsaken:Devotion","theForsaken:Enfeeble","theForsaken:AncientWords","theForsaken:MagicWeapon+1","theForsaken:BlessedWeapon+1","Strike_G","theForsaken:CreepingInfection","theForsaken:Temperance","theForsaken:Bolster+1","theForsaken:Tranquility","theForsaken:Parry","theForsaken:Eulogy","theForsaken:HymnOfRest+1","Prepared","Caltrops","Choke","theForsaken:Thunderbolt+1"],"relics":["theForsaken:JudgementScales","reliquary:PorcupineQuills","ReplayTheSpireMod:Ring of Exchange","Ring of Fangs","infinitespire:CursedDice","Orrery","Question Card"],"acts_visited":["Exordium","TheCity"],"potions_floor_usage":[4,14,16,16],"damage_taken":[{"damage":7,"enemies":"2 Louse","floor":2,"turns":3},{"damage":10,"enemies":"Jaw Worm","floor":3,"turns":5},{"damage":0,"enemies":"downfall:FleeingMerchant","floor":4,"turns":4},{"damage":40,"enemies":"conspire:MimicChest","floor":5,"turns":9},{"damage":9,"enemies":"ats:Genji","floor":8,"turns":5},{"damage":4,"enemies":"Large Slime","floor":10,"turns":9},{"damage":19,"enemies":"3 Louse","floor":14,"turns":6},{"damage":31,"enemies":"Lots of Slimes","floor":15,"turns":11},{"damage":36,"enemies":"DF_ARCHETYPE_STREAMLINE","floor":16,"turns":8},{"damage":21,"enemies":"conspire:FuzzyDice","floor":19,"turns":7},{"damage":13,"enemies":"conspire:HollyBat","floor":21,"turns":6},{"damage":74,"enemies":"3 Cultists","floor":26,"turns":6}],"seed_played":"3861889028612229293","potions_obtained":[{"floor":2,"key":"Fruit Juice"},{"floor":8,"key":"DuplicationPotion"},{"floor":10,"key":"LifebloodPotion"},{"floor":14,"key":"DuplicationPotion"},{"floor":16,"key":"SkillPotion"}],"is_trial":false,"path_per_floor":["R","M","M","$","?","?","T","M","R","M","?","?","R","M","M","B",null,"R_BF","M","?","M","AVR","?","T","R","M"],"character_chosen":"THE_FORSAKEN","items_purchased":["theForsaken:QuickAttack"],"campfire_rested":0,"item_purchase_floors":[4],"current_hp_per_floor":[71,65,66,76,48,48,48,45,45,58,63,63,63,50,21,54,89,89,75,75,62,62,62,62,62,0,0],"gold":337,"neow_bonus":"TEN_PERCENT_HP_BONUS","is_daily":false,"chose_seed":false,"campfire_upgraded":4,"win_rate":0.0,"timestamp":1612791985,"path_taken":["R","M","M","$","?","?","T","M","R","M","?","?","R","M","M","BOSS","R_BF","M","?","?","AVR","?","T","R","M"],"items_purchased_type":["Card"],"build_version":"2020-12-22","purchased_purges":0,"victory":false,"max_hp_per_floor":[71,71,73,80,80,80,80,80,80,82,87,87,87,87,89,89,89,89,89,89,89,89,89,89,89,89,89],"card_choices":[{"not_picked":["theForsaken:SolarFlare","theForsaken:Eulogy"],"picked":"theForsaken:FountainOfLife","floor":2},{"not_picked":["theForsaken:NobleSacrifice","theForsaken:ShieldBash"],"picked":"theForsaken:Devotion","floor":3},{"not_picked":["theForsaken:PanicDive","theForsaken:StoreUp"],"picked":"theForsaken:Enfeeble","floor":4},{"not_picked":["theForsaken:Bolster","theForsaken:ShieldCharge"],"picked":"theForsaken:AncientWords","floor":5},{"not_picked":["theForsaken:ScorchingSunlight","theForsaken:FatRoll"],"picked":"theForsaken:MagicWeapon","floor":8},{"not_picked":["theForsaken:HymnOfPatience","theForsaken:Riposte"],"picked":"theForsaken:BlessedWeapon","floor":10},{"not_picked":["theForsaken:Preservation","theForsaken:ScorchingSunlight"],"picked":"theForsaken:MagicWeapon","floor":14},{"not_picked":["theForsaken:SpinAttack","theForsaken:ScorchingSunlight"],"picked":"theForsaken:CreepingInfection","floor":15},{"not_picked":["theForsaken:FountainOfLife","theForsaken:DesperatePlea"],"picked":"theForsaken:Temperance","floor":16},{"not_picked":["theForsaken:Thunderbolt","theForsaken:QuickAttack"],"picked":"theForsaken:Bolster","floor":17},{"not_picked":["theForsaken:StoreUp","theForsaken:Thunderbolt"],"picked":"theForsaken:Tranquility","floor":17},{"not_picked":["theForsaken:AncientWords","theForsaken:Thunderbolt"],"picked":"theForsaken:Parry","floor":17},{"not_picked":["theForsaken:InspiringBlow","theForsaken:Riposte"],"picked":"theForsaken:Eulogy","floor":17},{"not_picked":["theForsaken:Devotion","theForsaken:Preservation"],"picked":"theForsaken:Parry","floor":17},{"not_picked":["theForsaken:Bolster","theForsaken:HorrifyingStrike"],"picked":"theForsaken:HymnOfRest+1","floor":19},{"not_picked":["theForsaken:WordOfPower","theForsaken:FatRoll"],"picked":"theForsaken:Thunderbolt+1","floor":21}],"player_experience":101256,"relics_obtained":[{"floor":5,"key":"reliquary:PorcupineQuills"},{"floor":6,"key":"ReplayTheSpireMod:Ring of Exchange"},{"floor":6,"key":"Ring of Fangs"},{"floor":7,"key":"infinitespire:CursedDice"}],"event_choices":[{"damage_healed":0,"gold_gain":0,"player_choice":"Donut","damage_taken":0,"max_hp_gain":5,"max_hp_loss":0,"event_name":"Big Fish","floor":11,"gold_loss":0},{"cards_removed":["Doubt"],"damage_healed":0,"gold_gain":0,"player_choice":"Took Card","damage_taken":0,"max_hp_gain":0,"max_hp_loss":0,"event_name":"NoteForYourself","floor":12,"gold_loss":0,"cards_obtained":["Strike_G"]}],"is_beta":false,"boss_relics":[{"not_picked":["Kintsugi","DollysMirror"],"picked":"Orrery"}],"items_purged_floors":[],"is_endless":false,"potions_floor_spawned":[2,8,10,14,16],"killed_by":"3 Cultists","ascension_level":0}}