{"host":"n3vqtvx9hbigdfc4","time":1612758351,"event":{"mods":["AchievementEnabler","BaseMod","Better Third Choice","Block Reminder","Colored Map","Colored Powertips","Downfall","Minty Spire (QoL Compilation)","Permanent Neow","Rare Cards Sparkle","Relic Stats","Replay The Spire","Shop Mod","StSLib"],"gold_per_floor":[115,115,134,148,164,164,194,194,194,194,194,204,204,218,218,218,218],"floor_reached":16,"language":"ENG","playtime":619,"items_purged":[],"score":179,"play_id":"eef2324a-94bb-4f30-9e7f-ac0c491125e1","local_time":"20210207222551","is_ascension_mode":true,"campfire_choices":[{"data":"Sucker Punch","floor":6,"key":"SMITH"},{"data":"Backflip","floor":8,"key":"SMITH"},{"data":"Quick Slash","floor":10,"key":"SMITH"},{"data":"A Thousand Cuts","floor":13,"key":"SMITH"},{"floor":15,"key":"REST"}],"circlet_count":0,"master_deck":["AscendersBane","Strike_G","Strike_G","Strike_G","Strike_G","Strike_G","Defend_G","Defend_G","Defend_G","Defend_G","Survivor","Neutralize","Dodge and Roll","Endless Agony","Sucker Punch+1","Quick Slash+1","Backflip+1","A Thousand Cuts+1","Calculated Gamble"],"relics":["Sozu","CaptainsWheel","The Courier"],"acts_visited":["Exordium"],"potions_floor_usage":[],"damage_taken":[{"damage":2,"enemies":"Jaw Worm","floor":1,"turns":7},{"damage":1,"enemies":"Small Slimes","floor":3,"turns":4},{"damage":0,"enemies":"Cultist","floor":4,"turns":4},{"damage":1,"enemies":"Exordium Wildlife","floor":5,"turns":6},{"damage":32,"enemies":"Gremlin Nob","floor":7,"turns":6},{"damage":2,"enemies":"3 Louse","floor":12,"turns":3},{"damage":10,"enemies":"2 Fungi Beasts","floor":14,"turns":2},{"damage":31,"enemies":"Slime Boss","floor":16,"turns":6}],"seed_played":"7912518357949855395","potions_obtained":[],"is_trial":false,"path_per_floor":["M","?","M","M","M","R","E","R","T","R","?","M","R","M","R","B"],"character_chosen":"THE_SILENT","items_purchased":[],"campfire_rested":1,"item_purchase_floors":[],"current_hp_per_floor":[57,57,56,56,55,55,23,23,23,23,19,17,17,7,26,0,0],"gold":218,"neow_bonus":"BOSS_RELIC","is_daily":false,"chose_seed":false,"campfire_upgraded":4,"win_rate":0.0,"timestamp":1612758351,"path_taken":["M","?","M","M","M","R","E","R","T","R","?","?","R","M","R","BOSS"],"items_purchased_type":[],"build_version":"2020-12-22","purchased_purges":0,"victory":false,"max_hp_per_floor":[66,66,66,66,66,66,66,66,66,66,66,66,66,66,66,66,66],"relic_stats":{"Sozu":3,"counters":[8,38],"obtain_stats":[{"Sozu":0,"CaptainsWheel":7,"The Courier":9,"Ring of the Snake":0},{"Sozu":0,"CaptainsWheel":5,"The Courier":5,"Ring of the Snake":0},{"Sozu":0,"CaptainsWheel":27,"The Courier":27,"Ring of the Snake":0}]},"card_choices":[{"not_picked":["Deadly Poison","Flying Knee"],"picked":"Dodge and Roll","floor":1},{"not_picked":["ReplayTheSpireMod:Scrap Shanks","Deflect"],"picked":"Endless Agony","floor":3},{"not_picked":["Setup","Dodge and Roll"],"picked":"Sucker Punch","floor":4},{"not_picked":["Poisoned Stab","Deflect"],"picked":"Quick Slash","floor":5},{"not_picked":["PiercingWail","Dodge and Roll"],"picked":"Backflip","floor":7},{"not_picked":["Deadly Poison","Expertise"],"picked":"A Thousand Cuts","floor":12},{"not_picked":["Bane","Backflip"],"picked":"Calculated Gamble","floor":14}],"player_experience":522194,"relics_obtained":[{"floor":7,"key":"CaptainsWheel"},{"floor":9,"key":"The Courier"}],"event_choices":[{"damage_healed":0,"gold_gain":0,"player_choice":"Bought 0 Potions","damage_taken":0,"max_hp_gain":0,"max_hp_loss":0,"event_name":"The Woman in Blue","floor":11,"gold_loss":0}],"is_beta":false,"boss_relics":[],"items_purged_floors":[],"is_endless":false,"potions_floor_spawned":[4,12,14],"killed_by":"Slime Boss","ascension_level":15}}