{"host":"u6v0z43xi4vbzvq3","time":1612753393,"event":{"mods":["BaseMod","Beaked The Cultist","BetterRewards","Colored Map","Downfall","Googly Eyes","Hermit","Highlight Path","Hubris","Infinite Spire","Minty Spire (QoL Compilation)","Quick Restart","Rare Cards Sparkle","Replay The Spire","Shop Mod","StSLib","SuperFastMode"],"gold_per_floor":[99,112,112,148,6,18,18,18,18,18,31,16,16,26,46,148,198,298,309,309,328,328,328,355,369,382,382,382,382,416,416,416,416],"floor_reached":31,"language":"ENG","playtime":1666,"items_purged":["downfall:Malfunctioning"],"score":243,"play_id":"cc3fe058-9a4b-4720-b236-d0cb1b322c6f","local_time":"20210208140313","is_ascension_mode":false,"campfire_choices":[{"data":"Slimebound:Split","floor":1,"key":"SMITH"},{"floor":10,"key":"DIG"},{"data":"Slimebound:Repurpose","floor":13,"key":"SMITH"},{"data":"Slimebound:CorrosiveSpit","floor":23,"key":"SMITH"},{"data":"Slimebound:LivingWall","floor":29,"key":"SMITH"}],"circlet_count":0,"master_deck":["Slimebound:Strike_Slimebound","Slimebound:Strike_Slimebound","Slimebound:Strike_Slimebound+1","Slimebound:Tackle","Slimebound:Defend_Slimebound+1","Slimebound:Defend_Slimebound","Slimebound:Defend_Slimebound","Slimebound:Defend_Slimebound+1","Slimebound:Split+1","Slimebound:CorrosiveSpit+1","Slimebound:HauntingLick","Slimebound:SplitBruiser+1","Slimebound:Repurpose+1","Slimebound:Schlurp","Slimebound:RollThrough","Slimebound:FlameTackle+1","Slimebound:Chomp","Slimebound:Repurpose","Slimebound:LivingWall+1","Slimebound:MassFeed","Slimebound:LeechingTouch","Slimebound:Schlurp","Slimebound:RainOfGoop+1","Slimebound:AcidTongue","Slimebound:PressTheAttack","Slimebound:SamplingLick"],"relics":["Slimebound:AbsorbEndCombat","Replay:Multitool","Letter Opener","Eternal Feather","Tiny House","downfall:RedIOU","Centennial Puzzle"],"acts_visited":["Exordium","TheCity"],"potions_floor_usage":[5,11,12,16,16,16,21,25,25],"damage_taken":[{"damage":2,"enemies":"2 Louse","floor":2,"turns":3},{"damage":3,"enemies":"downfall:FleeingMerchant","floor":5,"turns":4},{"damage":0,"enemies":"Jaw Worm","floor":6,"turns":3},{"damage":13,"enemies":"Small Slimes","floor":11,"turns":3},{"damage":10,"enemies":"downfall:FleeingMerchant","floor":12,"turns":4},{"damage":13,"enemies":"Red Slaver","floor":14,"turns":2},{"damage":7,"enemies":"Blue Slaver","floor":15,"turns":3},{"damage":25,"enemies":"IC_STATUS_ARCHETYPE","floor":16,"turns":5},{"damage":30,"enemies":"Chosen","floor":19,"turns":6},{"damage":14,"enemies":"Centurion and Healer","floor":21,"turns":6},{"damage":15,"enemies":"Snecko","floor":25,"turns":2},{"damage":11,"enemies":"Sentry and Sphere","floor":26,"turns":4},{"damage":36,"enemies":"Replay:Snechameleon","floor":30,"turns":9},{"damage":22,"enemies":"Chosen and Byrds","floor":31,"turns":6}],"seed_played":"-958145681447024176","potions_obtained":[{"floor":4,"key":"Reflective Coating"},{"floor":4,"key":"PowerPotion"},{"floor":4,"key":"Energy Potion"},{"floor":11,"key":"Adrenaline Potion"},{"floor":14,"key":"Slimebound:SlimedPotion"},{"floor":15,"key":"Weak Potion"},{"floor":16,"key":"Regen Potion"},{"floor":17,"key":"Death Potion"},{"floor":19,"key":"Reflective Coating"},{"floor":21,"key":"Strength Potion"}],"is_trial":false,"path_per_floor":["R","M","?","?","$","M","T","R","?","R","M","$","R","M","M","B",null,"R_BF","M","?","M","?","R","T","M","M","?","?","R","E","M"],"character_chosen":"SLIMEBOUND","items_purchased":["Slimebound:Schlurp"],"campfire_rested":0,"item_purchase_floors":[5],"current_hp_per_floor":[71,69,69,41,44,46,46,67,67,67,56,54,63,54,49,30,76,76,50,50,54,54,66,66,55,48,48,48,63,33,15,15,15],"gold":416,"neow_bonus":"TEN_PERCENT_HP_BONUS","is_daily":false,"chose_seed":false,"campfire_upgraded":4,"win_rate":0.0,"timestamp":1612753393,"path_taken":["R","M","?","?","?","M","T","R","?","R","M","$","R","?","M","BOSS","R_BF","M","?","?","?","R","T","M","M","?","?","R","E","M"],"items_purchased_type":["Card"],"build_version":"2020-12-22","purchased_purges":1,"victory":false,"max_hp_per_floor":[71,71,71,71,71,71,71,71,71,71,71,71,71,71,71,71,76,76,76,76,76,76,76,76,76,76,76,76,76,76,76,76,76],"card_choices":[{"not_picked":["Slimebound:AcidTongue","Slimebound:LeechEnergy"],"picked":"Slimebound:HauntingLick","floor":2},{"not_picked":["Slimebound:BestDefense","Slimebound:TongueLash"],"picked":"Slimebound:SplitBruiser","floor":4},{"not_picked":["Slimebound:BestDefense","Slimebound:GrowthPunch"],"picked":"Slimebound:Repurpose","floor":5},{"not_picked":["Slimebound:DisruptingSlam","Slimebound:FinishingTackle"],"picked":"Slimebound:RollThrough","floor":6},{"not_picked":["Slimebound:FormOfPuddle","Slimebound:Gluttony"],"picked":"Slimebound:FlameTackle","floor":11},{"not_picked":["Slimebound:SamplingLick","Slimebound:SplitBruiser"],"picked":"Slimebound:Chomp","floor":12},{"not_picked":["Slimebound:SplitAcid","Slimebound:DouseInSlime"],"picked":"Slimebound:Repurpose","floor":14},{"not_picked":["Slimebound:Chomp","Slimebound:SlimeBrawl"],"picked":"Slimebound:LivingWall","floor":15},{"not_picked":["Slimebound:WasteNot","Slimebound:DouseInSlime"],"picked":"Slimebound:MassFeed","floor":16},{"not_picked":["Slimebound:ItLooksTasty","Slimebound:ViciousTackle"],"picked":"Slimebound:LeechingTouch","floor":17},{"not_picked":["Slimebound:Chomp","Slimebound:OneTwoCombo"],"picked":"Slimebound:Schlurp","floor":19},{"not_picked":["Slimebound:SamplingLick","Slimebound:SplitLeeching"],"picked":"Slimebound:RainOfGoop+1","floor":21},{"not_picked":["Slimebound:LeechingTouch","Slimebound:ComboTackle"],"picked":"Slimebound:AcidTongue","floor":25},{"not_picked":["Slimebound:DisruptingSlam+1","Slimebound:MegaLick"],"picked":"Slimebound:PressTheAttack","floor":26},{"not_picked":["Slimebound:LeechingTouch","Slimebound:SlimeBrawl"],"picked":"Slimebound:SamplingLick","floor":30}],"player_experience":128343,"relics_obtained":[{"floor":7,"key":"Replay:Multitool"},{"floor":10,"key":"Eternal Feather"},{"floor":24,"key":"Orichalcum"},{"floor":30,"key":"Centennial Puzzle"}],"event_choices":[],"is_beta":false,"boss_relics":[{"not_picked":["beaked:SacredDeck","Replay:Grab Bag"],"picked":"Tiny House"}],"items_purged_floors":[5],"is_endless":false,"potions_floor_spawned":[11,14,15,16,19,21],"killed_by":"Chosen and Byrds","ascension_level":0}}