{"host":"bw00wb7p5bw58om7","time":1612824930,"event":{"mods":["100% Spire Juice","Act Like it!","BaseMod","Better Third Choice","CapriCore","Chen","Downfall","Gensokyo","Hermit","KinomotoSakuraMod(????)","Koishi","KomeijiMod","Mari Mod (Legacy)","Mari\u0027s V1 Patch","Marisa????????","Minty Spire (QoL Compilation)","MostiFishMod","Onozuka Komachi Mod","Permanent Neow","Prisma Mod","Railgun Mod","Reimu??????","Remilia_Scarlet Moed?????·?????3.3.5","Remilia??????","Replay The Spire","Spicy Shops","StSLib","The Administrix","The Alterego","The Death Knight","The Immortal","The Mystic","The Senshi","The Servant 0.9.4","TheSwordswoman","TheVelvet","WarShipGirlsR/????R mod","Yakumo Yukari mod","Youmu??????","Yuyuko"],"gold_per_floor":[118,135,135,135,147,182,200,200,200,225,225,243,203,219,219,317,317,336,336,336],"floor_reached":19,"language":"ENG","playtime":859,"items_purged":[],"score":179,"play_id":"73bb315a-d2be-442b-9a2d-0f30a6a4f993","local_time":"20210208225530","is_ascension_mode":false,"campfire_choices":[{"floor":8,"key":"REST"},{"data":"alterego_mod:ChallengeComplete","floor":11,"key":"SMITH"},{"data":"alterego_mod:AlterEgo","floor":15,"key":"SMITH"}],"circlet_count":0,"master_deck":["alterego_mod:Strike","alterego_mod:Strike","alterego_mod:Strike","alterego_mod:Strike","alterego_mod:Defend","alterego_mod:Defend","alterego_mod:Defend+1","alterego_mod:Defend+1","alterego_mod:Impale","alterego_mod:BigMeatyClaws","alterego_mod:BrynhildrsRune","alterego_mod:Venus","alterego_mod:Pet","alterego_mod:Mirror","Clumsy","Gensokyo:CrescentMoonSlash","alterego_mod:1TonWallop","alterego_mod:ChallengeComplete+1","alterego_mod:Cushion","alterego_mod:PresenceConcealment","alterego_mod:PurpleHair","alterego_mod:Cooking","alterego_mod:BiFurious","alterego_mod:Santa","alterego_mod:Pet","alterego_mod:AlterEgo+1","alterego_mod:Venus","alterego_mod:Maid+1"],"relics":["alterego_mod:MasochisticConstitution","DaveBox","FeatherPendant","SynthV:TestCard","Gensokyo:NagashiBinaDoll","HoshigumaDish","War Paint","ReplayTheSpireMod:Ninjato","ExusiaiGun"],"acts_visited":["Gensokyo:Gensokyo","Gensokyo:Gensokyoer"],"potions_floor_usage":[],"damage_taken":[{"damage":1,"enemies":"Gensokyo:2_Kodama","floor":1,"turns":3},{"damage":0,"enemies":"Gensokyo:Python","floor":2,"turns":2},{"damage":0,"enemies":"Gensokyo:3_Fairies","floor":5,"turns":2},{"damage":20,"enemies":"Gensokyo:Aya","floor":6,"turns":3},{"damage":1,"enemies":"Gensokyo:LivingMonolith","floor":7,"turns":1},{"damage":5,"enemies":"Gensokyo:Cirno","floor":10,"turns":5},{"damage":3,"enemies":"Gensokyo:VengefulSpirit","floor":12,"turns":5},{"damage":1,"enemies":"Gensokyo:2_Rabbits","floor":14,"turns":3},{"damage":22,"enemies":"Gensokyo:Kokoro","floor":16,"turns":11},{"damage":24,"enemies":"Gensokyo:AngelMirror","floor":18,"turns":2},{"damage":3,"enemies":"Gensokyo:3_Dogs","floor":19,"turns":2}],"seed_played":"3810237185387206719","potions_obtained":[{"floor":2,"key":"Elixir"},{"floor":7,"key":"Regen Potion"},{"floor":10,"key":"GrandPatriotsElixir:ReiMu"}],"is_trial":false,"path_per_floor":["M","M","?","?","M","E","M","R","T","E","R","M","?","M","R","B",null,"M","M"],"character_chosen":"The_Alterego","items_purchased":[],"campfire_rested":1,"item_purchase_floors":[],"current_hp_per_floor":[70,70,70,60,60,41,41,62,62,58,58,56,56,62,62,47,77,54,51,51],"gold":336,"neow_bonus":"ONE_RANDOM_RARE_CARD","is_daily":false,"chose_seed":false,"campfire_upgraded":2,"win_rate":0.0,"timestamp":1612824930,"path_taken":["M","M","?","?","M","E","M","R","T","E","R","M","?","M","R","BOSS","M","M"],"items_purchased_type":[],"build_version":"2020-12-22","purchased_purges":0,"victory":false,"max_hp_per_floor":[71,71,71,71,71,72,73,73,73,74,74,75,75,76,76,77,77,78,78,78],"card_choices":[{"not_picked":["alterego_mod:Undulate","alterego_mod:Clap"],"picked":"alterego_mod:Pet","floor":1},{"not_picked":["alterego_mod:Cooking","alterego_mod:Maid","alterego_mod:Belts","alterego_mod:GoddessCore"],"picked":"alterego_mod:Mirror","floor":2},{"not_picked":["alterego_mod:Rip","alterego_mod:Table","alterego_mod:DeftHands","alterego_mod:Weigh"],"picked":"alterego_mod:1TonWallop","floor":5},{"not_picked":["alterego_mod:SakuraFive","alterego_mod:PresenceConcealment","alterego_mod:Schoolgirl","alterego_mod:BusterCard"],"picked":"alterego_mod:ChallengeComplete","floor":6},{"not_picked":["alterego_mod:DiscoLights","alterego_mod:Stockings","alterego_mod:Jiggle","alterego_mod:Lingerie"],"picked":"alterego_mod:Cushion","floor":7},{"not_picked":["alterego_mod:Schoolgirl","alterego_mod:BustOut","alterego_mod:Smother","alterego_mod:Rip"],"picked":"alterego_mod:PresenceConcealment","floor":10},{"not_picked":["alterego_mod:Cycle","alterego_mod:Cooking","alterego_mod:Cushion","alterego_mod:Pet"],"picked":"alterego_mod:PurpleHair","floor":12},{"not_picked":[],"picked":"alterego_mod:Cooking","floor":13},{"not_picked":[],"picked":"alterego_mod:BiFurious","floor":13},{"not_picked":[],"picked":"alterego_mod:Santa","floor":13},{"not_picked":[],"picked":"alterego_mod:Pet","floor":13},{"not_picked":["alterego_mod:BustOut","alterego_mod:HighServant","alterego_mod:Belle","alterego_mod:MagicResistance"],"picked":"alterego_mod:AlterEgo","floor":14},{"not_picked":["alterego_mod:Antipathy","alterego_mod:TrickOrTreatment","alterego_mod:Lift","alterego_mod:RingBreak"],"picked":"alterego_mod:Venus","floor":16},{"not_picked":["alterego_mod:Pet+1","alterego_mod:DustData","alterego_mod:HighServant+1","alterego_mod:1TonWallop"],"picked":"alterego_mod:Maid+1","floor":18}],"player_experience":329117,"relics_obtained":[{"floor":1,"key":"SynthV:TestCard"},{"floor":6,"key":"HoshigumaDish"},{"floor":9,"key":"War Paint"},{"floor":10,"key":"ReplayTheSpireMod:Ninjato"}],"event_choices":[],"is_beta":false,"boss_relics":[{"not_picked":["FixedStarFall","Kintsugi"],"picked":"ExusiaiGun"}],"items_purged_floors":[],"is_endless":false,"potions_floor_spawned":[2,7,10,12],"killed_by":"Gensokyo:3_Dogs","ascension_level":0}}