{"host":"f5akwxsmb9r0twid","time":1612774034,"event":{"mods":["BaseMod","Colored Map","Minty Spire (QoL Compilation)"],"gold_per_floor":[113,133,133,150,162,162,192,208,208,223,223,223,223],"floor_reached":12,"language":"ENG","playtime":639,"items_purged":[],"score":82,"play_id":"06373514-51ee-4816-9b5e-c44e43f96649","local_time":"20210208114714","is_ascension_mode":false,"campfire_choices":[{"floor":6,"key":"RECALL"},{"floor":11,"key":"REST"}],"circlet_count":0,"master_deck":["Strike_P","Strike_P","Strike_P","Strike_P","Defend_P","Defend_P","Defend_P","Defend_P","Eruption","Vigilance","PathToVictory","ClearTheMind","BowlingBash","ReachHeaven","Brilliance","Crescendo","Protect"],"relics":["PureWater","NeowsBlessing","Boot","Pantograph","Kunai"],"acts_visited":["Exordium"],"potions_floor_usage":[7,10],"damage_taken":[{"damage":0,"enemies":"2 Louse","floor":1,"turns":2},{"damage":0,"enemies":"Cultist","floor":2,"turns":1},{"damage":0,"enemies":"Small Slimes","floor":4,"turns":1},{"damage":23,"enemies":"Exordium Thugs","floor":5,"turns":3},{"damage":16,"enemies":"3 Sentries","floor":7,"turns":6},{"damage":13,"enemies":"2 Fungi Beasts","floor":8,"turns":4},{"damage":18,"enemies":"Exordium Wildlife","floor":10,"turns":4},{"damage":55,"enemies":"Lagavulin","floor":12,"turns":4}],"seed_played":"-660887946255097061","potions_obtained":[{"floor":1,"key":"Fire Potion"},{"floor":5,"key":"SteroidPotion"},{"floor":8,"key":"StancePotion"},{"floor":10,"key":"EssenceOfSteel"}],"is_trial":false,"path_per_floor":["M","M","?","M","M","R","E","M","T","M","R","E"],"character_chosen":"WATCHER","items_purchased":[],"campfire_rested":1,"item_purchase_floors":[],"current_hp_per_floor":[72,72,72,72,49,49,33,20,20,2,23,0,0],"gold":223,"neow_bonus":"THREE_ENEMY_KILL","is_daily":false,"chose_seed":false,"campfire_upgraded":0,"win_rate":0.0,"timestamp":1612774034,"path_taken":["M","M","?","M","M","R","E","M","T","?","R","E"],"items_purchased_type":[],"build_version":"2020-12-22","purchased_purges":0,"victory":false,"max_hp_per_floor":[72,72,72,72,72,72,72,72,72,72,72,72,72],"card_choices":[{"not_picked":["WaveOfTheHand","Sanctity"],"picked":"PathToVictory","floor":1},{"not_picked":["BowlingBash","FollowUp"],"picked":"ClearTheMind","floor":2},{"not_picked":["CarveReality","TalkToTheHand"],"picked":"BowlingBash","floor":4},{"not_picked":["Pray","SashWhip"],"picked":"ReachHeaven","floor":5},{"not_picked":["TalkToTheHand","LikeWater"],"picked":"Brilliance","floor":7},{"not_picked":["FlurryOfBlows","LikeWater"],"picked":"Crescendo","floor":8},{"not_picked":["Swivel","Conclude"],"picked":"Protect","floor":10}],"player_experience":299781,"relics_obtained":[{"floor":7,"key":"Pantograph"},{"floor":9,"key":"Kunai"}],"event_choices":[{"damage_healed":0,"gold_gain":0,"player_choice":"Gave Potion","damage_taken":0,"relics_obtained":["Boot"],"max_hp_gain":0,"max_hp_loss":0,"event_name":"WeMeetAgain","floor":3,"gold_loss":0}],"is_beta":false,"boss_relics":[],"items_purged_floors":[],"is_endless":false,"potions_floor_spawned":[1,5,8,10],"killed_by":"Lagavulin","ascension_level":0}}