{"host":"6p0attdrtjqaih7v","time":1612828609,"event":{"mods":["2.2 Compatiblity","AchievementEnabler","Bard","BaseMod","Better Skull","Better Third Choice","Colored Powertips","Hermit","Highlight Path","Key Reminder","Minty Spire (QoL Compilation)","Permanent Neow","Quick Restart","Random Character Button","Relic Stats","Reliquary","Replay The Spire","Robot Space Explorer","StSLib","The Hayseed","The Witch"],"gold_per_floor":[119,129,142,142,161,195,195,214,238,249,278,294,328,278,278,378,378,394,394,408,90,90,124,124,124,147,176,201,229,273,301,313,429,441,467,524,556,16,35,70,88,88,112,123,141,141,141,160,160,160],"floor_reached":51,"language":"ENG","playtime":2844,"items_purged":["TheSimpletonMod:Defend_TheSimpleton"],"score":969,"play_id":"3b292dd0-26c7-4cf6-b16d-f42b9573f95f","local_time":"20210208185649","is_ascension_mode":true,"campfire_choices":[{"data":"TheSimpletonMod:TakeHeart","floor":7,"key":"SMITH"},{"data":"TheSimpletonMod:Swelter","floor":15,"key":"SMITH"},{"data":"TheSimpletonMod:Swelter","floor":24,"key":"SMITH"},{"data":"TheSimpletonMod:DoubleDigging","floor":32,"key":"SMITH"},{"floor":46,"key":"REST"},{"floor":49,"key":"REST"}],"circlet_count":0,"master_deck":["TheSimpletonMod:Defend_TheSimpleton","TheSimpletonMod:Defend_TheSimpleton","TheSimpletonMod:Haymaker","TheSimpletonMod:Fertilaser","TheSimpletonMod:TakeHeart+1","TheSimpletonMod:RootDown+1","TheSimpletonMod:Rake","TheSimpletonMod:CloseScrape","TheSimpletonMod:Turnips","TheSimpletonMod:Swelter+1","TheSimpletonMod:Rake","TheSimpletonMod:CropDiversity+1","TheSimpletonMod:CrackOfDawn+1","TheSimpletonMod:FanTheFlames+1","TheSimpletonMod:Chilis+1","TheSimpletonMod:Rototilling+1","Master of Strategy","TheSimpletonMod:Swelter+1","TheSimpletonMod:DoubleDigging+1","TheSimpletonMod:RootDown","TheSimpletonMod:ResistantStrain","TheSimpletonMod:Swelter+1","TheSimpletonMod:SpiceUp+1","Impatience","Thinking Ahead","TheSimpletonMod:ControlledBurn+1","TheSimpletonMod:RootDown+1","TheSimpletonMod:Swelter+1","TheSimpletonMod:Aerate+1"],"relics":["TheSimpletonMod:NightSoil","TheSimpletonMod:TheHarvester","Philosopher\u0027s Stone","Simple Rune","reliquary:ExpiredCoupon","Dream Catcher","Boot","Astrolabe","Guide Book","reliquary:BallBearing","MawBank","Thread and Needle","Fusion Hammer","reliquary:OuijaBoard","ReplayTheSpireMod:ShopPack","CaptainsWheel","Orichalcum","Replay:Mystery Machine"],"acts_visited":["Exordium","TheCity","TheBeyond"],"potions_floor_usage":[10,13,16,16,23,27,30,30,36,44,50],"damage_taken":[{"damage":3,"enemies":"Jaw Worm","floor":1,"turns":4},{"damage":0,"enemies":"Cultist","floor":2,"turns":3},{"damage":2,"enemies":"2 Louse","floor":3,"turns":3},{"damage":10,"enemies":"Looter","floor":5,"turns":4},{"damage":39,"enemies":"Gremlin Nob","floor":6,"turns":5},{"damage":0,"enemies":"Large Slime","floor":8,"turns":4},{"damage":3,"enemies":"3 Louse","floor":10,"turns":3},{"damage":8,"enemies":"3 Sentries","floor":11,"turns":4},{"damage":8,"enemies":"Exordium Wildlife","floor":12,"turns":3},{"damage":18,"enemies":"Gremlin Nob","floor":13,"turns":4},{"damage":15,"enemies":"Hexaghost","floor":16,"turns":9},{"damage":0,"enemies":"Chosen","floor":18,"turns":3},{"damage":2,"enemies":"Spheric Guardian","floor":20,"turns":3},{"damage":15,"enemies":"Replay:Snechameleon","floor":23,"turns":6},{"damage":20,"enemies":"Chosen and Byrds","floor":27,"turns":5},{"damage":3,"enemies":"Shelled Parasite and Fungi","floor":28,"turns":3},{"damage":1,"enemies":"Centurion and Healer","floor":29,"turns":3},{"damage":9,"enemies":"Slavers","floor":30,"turns":3},{"damage":2,"enemies":"Cultist and Chosen","floor":31,"turns":3},{"damage":18,"enemies":"Automaton","floor":33,"turns":8},{"damage":0,"enemies":"3 Shapes","floor":35,"turns":3},{"damage":9,"enemies":"2 Orb Walkers","floor":36,"turns":4},{"damage":1,"enemies":"3 Darklings","floor":37,"turns":4},{"damage":0,"enemies":"Writhing Mass","floor":39,"turns":4},{"damage":0,"enemies":"Nemesis","floor":40,"turns":5},{"damage":0,"enemies":"Transient","floor":41,"turns":5},{"damage":0,"enemies":"Spire Growth","floor":44,"turns":4},{"damage":0,"enemies":"4 Shapes","floor":45,"turns":4},{"damage":0,"enemies":"Sphere and 2 Shapes","floor":48,"turns":4},{"damage":1,"enemies":"Donu and Deca","floor":50,"turns":5}],"seed_played":"-8068855138672075621","potions_obtained":[{"floor":1,"key":"Energy Potion"},{"floor":6,"key":"ColorlessPotion"},{"floor":10,"key":"Venom Potion"},{"floor":11,"key":"Weak Potion"},{"floor":12,"key":"ColorlessPotion"},{"floor":13,"key":"EssenceOfSteel"},{"floor":16,"key":"Swift Potion"},{"floor":20,"key":"Cursed Concoction"},{"floor":27,"key":"EssenceOfSteel"},{"floor":29,"key":"LiquidBronze"},{"floor":33,"key":"TheSimpletonMod:AbundancePotion"},{"floor":35,"key":"PowerPotion"},{"floor":41,"key":"FearPotion"}],"is_trial":false,"path_per_floor":["M","M","M","?","M","E","R","M","T","M","E","M","E","?","R","B",null,"M","?","M","$","?","E","R","?","T","M","M","M","E","M","R","B",null,"M","?","M","$","M","E","M","?","T","M","M","R","?","M","R","B",null],"character_chosen":"THE_SIMPLETON","items_purchased":["Guide Book","Master of Strategy","ReplayTheSpireMod:ShopPack","CaptainsWheel","Block Potion"],"campfire_rested":2,"item_purchase_floors":[21,21,38,38,38],"current_hp_per_floor":[72,75,75,75,65,35,35,44,44,50,47,48,39,39,39,33,75,75,75,75,75,75,70,70,70,70,55,57,65,56,58,58,49,75,75,66,74,74,75,75,75,75,75,75,75,75,75,75,75,75],"gold":160,"neow_bonus":"BOSS_RELIC","is_daily":false,"chose_seed":false,"campfire_upgraded":4,"win_rate":0.0,"timestamp":1612828609,"path_taken":["M","M","M","?","M","E","R","M","T","M","E","?","E","?","R","BOSS","M","?","M","$","?","E","R","?","T","M","M","M","E","M","R","BOSS","M","?","M","$","M","E","M","?","T","?","M","R","?","?","R","BOSS"],"items_purchased_type":["Relic","Card","Relic","Relic","Potion"],"build_version":"2020-12-22","purchased_purges":1,"victory":true,"max_hp_per_floor":[75,75,75,75,75,75,75,75,75,75,75,75,75,75,75,75,75,75,75,75,75,75,75,75,75,75,75,75,75,75,75,75,75,75,75,75,75,75,75,75,75,75,75,75,75,75,75,75,75,75],"relic_stats":{"Dream Catcher":2,"counters":[30,117],"Astrolabe":["TheSimpletonMod:CrackOfDawn","TheSimpletonMod:FanTheFlames","TheSimpletonMod:Chilis"],"Orichalcum":[0],"Boot":[43],"MawBank":144,"obtain_stats":[{"reliquary:OuijaBoard":36,"Astrolabe":17,"Guide Book":21,"Thread and Needle":30,"Orichalcum":40,"Replay:Mystery Machine":43,"Boot":13,"MawBank":26,"TheSimpletonMod:TheHarvester":0,"reliquary:ExpiredCoupon":9,"Dream Catcher":11,"CaptainsWheel":38,"Philosopher\u0027s Stone":0,"Simple Rune":6,"reliquary:BallBearing":23,"Fusion Hammer":34,"TheSimpletonMod:SpudOfTheInnocent":0,"TheSimpletonMod:NightSoil":0,"ReplayTheSpireMod:ShopPack":38},{"reliquary:OuijaBoard":22,"Astrolabe":11,"Guide Book":13,"Thread and Needle":18,"Orichalcum":25,"Replay:Mystery Machine":26,"Boot":10,"MawBank":14,"TheSimpletonMod:TheHarvester":0,"reliquary:ExpiredCoupon":6,"Dream Catcher":8,"CaptainsWheel":23,"Philosopher\u0027s Stone":0,"Simple Rune":5,"reliquary:BallBearing":14,"Fusion Hammer":20,"TheSimpletonMod:SpudOfTheInnocent":0,"TheSimpletonMod:NightSoil":0,"ReplayTheSpireMod:ShopPack":23},{"reliquary:OuijaBoard":86,"Astrolabe":46,"Guide Book":51,"Thread and Needle":70,"Orichalcum":98,"Replay:Mystery Machine":103,"Boot":37,"MawBank":57,"TheSimpletonMod:TheHarvester":0,"reliquary:ExpiredCoupon":23,"Dream Catcher":30,"CaptainsWheel":89,"Philosopher\u0027s Stone":0,"Simple Rune":19,"reliquary:BallBearing":57,"Fusion Hammer":80,"TheSimpletonMod:SpudOfTheInnocent":0,"TheSimpletonMod:NightSoil":0,"ReplayTheSpireMod:ShopPack":89}]},"card_choices":[{"not_picked":["TheSimpletonMod:ControlledBurn","TheSimpletonMod:OnionBloom"],"picked":"TheSimpletonMod:Fertilaser","floor":1},{"not_picked":["TheSimpletonMod:OnionBloom","TheSimpletonMod:PestManagement"],"picked":"TheSimpletonMod:TakeHeart","floor":2},{"not_picked":["TheSimpletonMod:SaladShooter","TheSimpletonMod:VineRipen"],"picked":"TheSimpletonMod:RootDown","floor":3},{"not_picked":["TheSimpletonMod:CullingStrike","TheSimpletonMod:Potatoes"],"picked":"TheSimpletonMod:Rake","floor":5},{"not_picked":["TheSimpletonMod:Mulch","TheSimpletonMod:ToughenUp"],"picked":"TheSimpletonMod:CloseScrape","floor":6},{"not_picked":["TheSimpletonMod:Aerate","TheSimpletonMod:OnionBloom"],"picked":"TheSimpletonMod:Turnips","floor":8},{"not_picked":["TheSimpletonMod:HitTheSack","TheSimpletonMod:Sunchoke"],"picked":"TheSimpletonMod:Swelter","floor":10},{"not_picked":["TheSimpletonMod:Turnips","TheSimpletonMod:Photosynthesis"],"picked":"TheSimpletonMod:Rake","floor":11},{"not_picked":["TheSimpletonMod:ControlledBurn","TheSimpletonMod:OnionBloom","TheSimpletonMod:Mulch"],"picked":"SKIP","floor":12},{"not_picked":["TheSimpletonMod:Pruning","TheSimpletonMod:Ferment","TheSimpletonMod:Polyculture"],"picked":"SKIP","floor":13},{"not_picked":["TheSimpletonMod:FanTheFlames","TheSimpletonMod:Surplus"],"picked":"TheSimpletonMod:CropDiversity","floor":16},{"not_picked":["TheSimpletonMod:SeedCoat","TheSimpletonMod:BumperCrop+1"],"picked":"TheSimpletonMod:Rototilling+1","floor":18},{"not_picked":["TheSimpletonMod:Mulch","TheSimpletonMod:SlashAndBurn+1","TheSimpletonMod:Pruning"],"picked":"SKIP","floor":20},{"not_picked":["TheSimpletonMod:BumperCrop","TheSimpletonMod:Polyculture","TheSimpletonMod:Aerate"],"picked":"SKIP","floor":23},{"not_picked":["TheSimpletonMod:Thresh","TheSimpletonMod:CropRotation","TheSimpletonMod:SaladShooter"],"picked":"SKIP","floor":27},{"not_picked":["TheSimpletonMod:SaladShooter+1","TheSimpletonMod:Rake"],"picked":"TheSimpletonMod:DoubleDigging","floor":28},{"not_picked":["TheSimpletonMod:SaladShooter","TheSimpletonMod:Pruning","TheSimpletonMod:Thresh"],"picked":"SKIP","floor":29},{"not_picked":["TheSimpletonMod:SaladShooter","TheSimpletonMod:Pruning","TheSimpletonMod:Thresh"],"picked":"SKIP","floor":29},{"not_picked":["TheSimpletonMod:Potatoes+1","TheSimpletonMod:Germinate"],"picked":"TheSimpletonMod:RootDown","floor":30},{"not_picked":["TheSimpletonMod:SeedCoat","TheSimpletonMod:CloseScrape","TheSimpletonMod:DigIn"],"picked":"SKIP","floor":31},{"not_picked":["TheSimpletonMod:BuzzBomb","TheSimpletonMod:ResearchGrant"],"picked":"TheSimpletonMod:ResistantStrain","floor":33},{"not_picked":["TheSimpletonMod:CullingStrike+1","TheSimpletonMod:CropRotation","TheSimpletonMod:Rototilling"],"picked":"SKIP","floor":35},{"not_picked":["TheSimpletonMod:PestManagement","TheSimpletonMod:SaladShooter+1"],"picked":"TheSimpletonMod:Swelter+1","floor":36},{"not_picked":["TheSimpletonMod:Sunseed+1","TheSimpletonMod:Aerate+1"],"picked":"TheSimpletonMod:SpiceUp+1","floor":37},{"not_picked":["Jack Of All Trades","Violence"],"picked":"Impatience","floor":38},{"not_picked":["Metamorphosis","Magnetism"],"picked":"Thinking Ahead","floor":38},{"not_picked":["TheSimpletonMod:BumperCrop+1","TheSimpletonMod:Sunchoke","TheSimpletonMod:Rototilling"],"picked":"SKIP","floor":39},{"not_picked":["TheSimpletonMod:Sunchoke","TheSimpletonMod:StockTheCellar"],"picked":"TheSimpletonMod:ControlledBurn+1","floor":40},{"not_picked":["TheSimpletonMod:ToughenUp","TheSimpletonMod:Sunchoke"],"picked":"TheSimpletonMod:RootDown+1","floor":41},{"not_picked":["TheSimpletonMod:CullingStrike","TheSimpletonMod:SaladShooter","TheSimpletonMod:Polyculture+1"],"picked":"SKIP","floor":44},{"not_picked":["TheSimpletonMod:DigIn","TheSimpletonMod:Ferment"],"picked":"TheSimpletonMod:Swelter+1","floor":45},{"not_picked":["TheSimpletonMod:LandGrant","TheSimpletonMod:DigIn+1"],"picked":"TheSimpletonMod:Aerate+1","floor":48}],"player_experience":1077971,"relics_obtained":[{"floor":6,"key":"Simple Rune"},{"floor":9,"key":"reliquary:ExpiredCoupon"},{"floor":11,"key":"Dream Catcher"},{"floor":13,"key":"Boot"},{"floor":23,"key":"reliquary:BallBearing"},{"floor":26,"key":"MawBank"},{"floor":30,"key":"Thread and Needle"},{"floor":36,"key":"reliquary:OuijaBoard"},{"floor":40,"key":"Orichalcum"},{"floor":43,"key":"Replay:Mystery Machine"}],"event_choices":[{"cards_removed":["TheSimpletonMod:ReapAndSow"],"damage_healed":0,"gold_gain":0,"player_choice":"Offered Basic","damage_taken":0,"max_hp_gain":0,"max_hp_loss":0,"event_name":"Bonfire Elementals","floor":4,"gold_loss":0},{"cards_removed":["TheSimpletonMod:Strike_TheSimpleton"],"damage_healed":0,"gold_gain":0,"player_choice":"Card Removal","damage_taken":0,"max_hp_gain":0,"max_hp_loss":0,"event_name":"The Cleric","floor":14,"gold_loss":50},{"damage_healed":0,"gold_gain":0,"player_choice":"Ignored","damage_taken":0,"max_hp_gain":0,"max_hp_loss":0,"event_name":"Vampires","floor":19,"gold_loss":0},{"damage_healed":0,"gold_gain":0,"player_choice":"Read","damage_taken":0,"max_hp_gain":0,"max_hp_loss":0,"event_name":"The Library","floor":22,"gold_loss":0,"cards_obtained":["TheSimpletonMod:Swelter"]},{"damage_healed":0,"gold_gain":0,"player_choice":"Ignored","damage_taken":0,"max_hp_gain":0,"max_hp_loss":0,"event_name":"Ghosts","floor":25,"gold_loss":0},{"damage_healed":0,"gold_gain":0,"player_choice":"Fight","damage_taken":0,"max_hp_gain":0,"max_hp_loss":0,"event_name":"Mysterious Sphere","floor":36,"gold_loss":0},{"cards_removed":["TheSimpletonMod:Defend_TheSimpleton"],"damage_healed":0,"gold_gain":0,"player_choice":"Purged","damage_taken":0,"max_hp_gain":0,"max_hp_loss":0,"event_name":"Purifier","floor":42,"gold_loss":0},{"damage_healed":0,"gold_gain":0,"player_choice":"0 cards matched","damage_taken":0,"max_hp_gain":0,"max_hp_loss":0,"event_name":"Match and Keep!","floor":47,"gold_loss":0,"cards_obtained":[]}],"is_beta":false,"boss_relics":[{"not_picked":["Velvet Choker","Honey Jar"],"picked":"Astrolabe"},{"not_picked":["Pandora\u0027s Box","Busted Crown"],"picked":"Fusion Hammer"}],"items_purged_floors":[38],"is_endless":false,"potions_floor_spawned":[1,6,10,11,12,13,16,20,27,29,33,35,41],"ascension_level":4}}