{"host":"0r2yuz9akuqaukjg","time":1612768753,"event":{"mods":["2.2 Compatiblity","AchievementEnabler","BaseMod","Downfall","Hermit","HumanHunterMod(????mod)","Infinite Spire","Jorbs\u0027s Wanderer Trilogy","Lobotomy","LobotomyExtend","Minty Spire (QoL Compilation)","Reliquary","Replay The Spire","Spicy Shops","StSLib","The Bug Knight","The Construct","The Cursed","The Disciple","The Hierophant","The Jungle","The Marked","The Mystic","The Runesmith","The Servant 0.9.4"],"gold_per_floor":[119,119,136,136,149,149,181,193,193,193,42,42,61,61,61,156,156,172,172,172,207,207,207],"floor_reached":22,"language":"ENG","playtime":3053,"items_purged":[],"score":193,"play_id":"e5ab8864-d7e4-4bd6-97e7-dd40b923209b","local_time":"20210208011913","daily_mods":["Draft"],"is_ascension_mode":true,"campfire_choices":[{"data":"mysticmod:RapidCaster","floor":6,"key":"SMITH"},{"floor":10,"key":"REST"},{"floor":12,"key":"REST"},{"floor":15,"key":"REST"}],"circlet_count":0,"master_deck":["mysticmod:HeavyStrike","mysticmod:TomeOfSpells","mysticmod:ArcaneAccuracy","mysticmod:VorpalThrust","mysticmod:Sideswipe","mysticmod:Fireball","mysticmod:SpellCombat","mysticmod:Daze","mysticmod:RapidCaster+1","mysticmod:ComboCaster","mysticmod:Flurry","mysticmod:Shield","mysticmod:Shield","mysticmod:Stoneskin","mysticmod:RapidCaster","mysticmod:CorrosiveTouch","mysticmod:Spellstrike","mysticmod:Momentum","mysticmod:MirrorStrike+1","Replay:Fractal Strike","Delirium","mysticmod:CorrosiveTouch+1"],"relics":["mysticmod:SpellBook","reliquary:Aerogel","reliquary:TridentHead","Bronze Scales","Oddly Smooth Stone","mysticmod:TrainingManual","expansioncontent:StudyCardRelic","reliquary:BrokenClock","Ring of Panic"],"acts_visited":["Exordium","TheCity"],"potions_floor_usage":[3,16,16],"damage_taken":[{"damage":7,"enemies":"Jaw Worm","floor":1,"turns":6},{"damage":1,"enemies":"Small Slimes","floor":3,"turns":5},{"damage":0,"enemies":"2 Louse","floor":5,"turns":6},{"damage":7,"enemies":"Replay:BlueRogue","floor":7,"turns":6},{"damage":35,"enemies":"Large Slime","floor":8,"turns":7},{"damage":39,"enemies":"2 Fungi Beasts","floor":13,"turns":4},{"damage":39,"enemies":"Slime Boss","floor":16,"turns":11},{"damage":29,"enemies":"Spheric Guardian","floor":18,"turns":9},{"damage":0,"enemies":"2 Thieves","floor":21,"turns":2},{"damage":22,"enemies":"Cultist and Chosen","floor":22,"turns":3}],"seed_played":"-5725341684640843047","potions_obtained":[{"floor":1,"key":"AttackPotion"},{"floor":7,"key":"Strength Potion"},{"floor":8,"key":"Elixir"},{"floor":21,"key":"sneckomod:MuddlingPotion"}],"is_trial":true,"path_per_floor":["M","?","M","WH","M","R","E","M","T","R","$","R","M","WH","R","B",null,"M","AVR","?","M","M"],"character_chosen":"MYSTIC_CLASS","items_purchased":["Oddly Smooth Stone"],"campfire_rested":3,"item_purchase_floors":[11],"current_hp_per_floor":[70,70,69,69,69,69,62,27,27,50,50,73,34,34,57,18,77,48,48,48,48,26,26],"gold":207,"neow_bonus":"RANDOM_COMMON_RELIC","is_daily":false,"chose_seed":false,"campfire_upgraded":1,"win_rate":0.0,"timestamp":1612768753,"path_taken":["M","?","M","WH","M","R","E","M","T","R","$","R","M","WH","R","BOSS","M","AVR","?","M","M"],"items_purchased_type":["Relic"],"build_version":"2020-12-22","purchased_purges":0,"victory":false,"max_hp_per_floor":[77,77,77,77,77,77,77,77,77,77,77,77,77,77,77,77,77,77,77,77,77,77,77],"card_choices":[{"not_picked":["mysticmod:Sideswipe","mysticmod:MagicWeapon"],"picked":"mysticmod:HeavyStrike","floor":0},{"not_picked":["mysticmod:Riposte","mysticmod:BulkUp"],"picked":"mysticmod:TomeOfSpells","floor":0},{"not_picked":["mysticmod:Snowball","mysticmod:FiveFootStep"],"picked":"mysticmod:ArcaneAccuracy","floor":0},{"not_picked":["mysticmod:DiviningBlow","mysticmod:PureInstinct"],"picked":"mysticmod:BulkUp","floor":0},{"not_picked":["mysticmod:ComboCaster","mysticmod:CorrosiveTouch"],"picked":"mysticmod:VorpalThrust","floor":0},{"not_picked":["mysticmod:Feint","mysticmod:EbbAndFlow"],"picked":"mysticmod:Sideswipe","floor":0},{"not_picked":["mysticmod:PreparedCaster","mysticmod:KeenEdge"],"picked":"mysticmod:Fireball","floor":0},{"not_picked":["mysticmod:IllusionOfCalm","mysticmod:Disengage"],"picked":"mysticmod:SpellCombat","floor":0},{"not_picked":["mysticmod:PowerSlash","mysticmod:Disengage"],"picked":"mysticmod:EbbAndFlow","floor":0},{"not_picked":["mysticmod:FloatingDisk","mysticmod:SuddenClarity"],"picked":"mysticmod:Daze","floor":0},{"not_picked":["mysticmod:Fly","mysticmod:Sideswipe"],"picked":"mysticmod:RapidCaster","floor":0},{"not_picked":["mysticmod:Snowball","mysticmod:Stoneskin"],"picked":"mysticmod:ComboCaster","floor":0},{"not_picked":["mysticmod:Sideswipe","mysticmod:Dedication"],"picked":"mysticmod:Flurry","floor":0},{"not_picked":["mysticmod:BulkUp","mysticmod:StyleChange"],"picked":"mysticmod:Shield","floor":0},{"not_picked":["mysticmod:CureLightWounds","mysticmod:PowerSlash"],"picked":"mysticmod:Shield","floor":0},{"not_picked":["mysticmod:EnergizedRift","mysticmod:BladedDash"],"picked":"mysticmod:Stoneskin","floor":1},{"not_picked":["mysticmod:EnchantedMoulinet","mysticmod:ComboCaster"],"picked":"mysticmod:RapidCaster","floor":3},{"not_picked":["mysticmod:HeavyStrike","mysticmod:SuddenClarity"],"picked":"mysticmod:CorrosiveTouch","floor":5},{"not_picked":["mysticmod:StyleChange","mysticmod:MightyMagic"],"picked":"mysticmod:Spellstrike","floor":7},{"not_picked":["mysticmod:PowerSlash","mysticmod:Sideswipe","mysticmod:BulkUp"],"picked":"SKIP","floor":8},{"not_picked":["mysticmod:PunishingArmor","mysticmod:HeavyStrike","mysticmod:Grease"],"picked":"SKIP","floor":13},{"not_picked":["mysticmod:SpontaneousCaster","mysticmod:Natural20"],"picked":"mysticmod:Momentum","floor":16},{"not_picked":["mysticmod:PureInstinct+1","mysticmod:PreparedCaster+1"],"picked":"mysticmod:MirrorStrike+1","floor":18},{"not_picked":["mysticmod:ChargedParry","mysticmod:PowerAttack+1"],"picked":"mysticmod:CorrosiveTouch+1","floor":21}],"player_experience":60532,"relics_obtained":[{"floor":2,"key":"reliquary:Aerogel"},{"floor":7,"key":"reliquary:TridentHead"},{"floor":9,"key":"Bronze Scales"},{"floor":20,"key":"Ring of Panic"}],"event_choices":[],"is_beta":false,"boss_relics":[{"not_picked":["Kintsugi","infinitespire:Cupcake"],"picked":"expansioncontent:StudyCardRelic"}],"items_purged_floors":[],"is_endless":false,"potions_floor_spawned":[1,7,8,21],"killed_by":"Cultist and Chosen","ascension_level":1}}