{"host":"krw8blyxua7at9ak","time":1612774021,"event":{"mods":["BaseMod","Highlight Path","Minty Spire (QoL Compilation)","ojb\u0027s Info Mod"],"gold_per_floor":[113,113,113,124,144,144,177,195,248,274,148,166,201,201,201,278,278,291,301,320,330,61,94,112,147,172,172,200,210,222,239,239,313,313,329,344,344,344,344,344],"floor_reached":39,"language":"ENG","playtime":1589,"items_purged":["Strike_G","Strike_G"],"score":980,"play_id":"6508622e-66b8-4860-b30b-710279d1cae8","local_time":"20210208094701","is_ascension_mode":true,"campfire_choices":[{"data":"Dash","floor":6.0,"key":"SMITH"},{"data":"Glass Knife","floor":15,"key":"SMITH"},{"floor":32,"key":"RECALL"}],"circlet_count":0,"master_deck":["AscendersBane","Strike_G","Strike_G","Defend_G","Defend_G","Defend_G","Defend_G","Defend_G","Survivor","Neutralize","Backstab+1","Finisher","Dagger Spray","Dash+1","Dagger Throw","Poisoned Stab","Blade Dance","Glass Knife+1","After Image","Bane+1","All Out Attack","Acrobatics","Accuracy+1","Terror","Leg Sweep","Dodge and Roll+1","Poisoned Stab+1","Acrobatics+1","Die Die Die"],"relics":["Ring of the Snake","NeowsBlessing","Letter Opener","Toy Ornithopter","Bronze Scales","Thread and Needle","CaptainsWheel","Fusion Hammer","Vajra","MealTicket","WingedGreaves","PreservedInsect","Strawberry","Black Star"],"acts_visited":["Exordium","TheCity","TheBeyond"],"potions_floor_usage":[16,21,23,25,33],"damage_taken":[{"damage":0.0,"enemies":"Small Slimes","floor":1.0,"turns":1.0},{"damage":0.0,"enemies":"Jaw Worm","floor":4.0,"turns":1.0},{"damage":0.0,"enemies":"Cultist","floor":5.0,"turns":1.0},{"damage":7.0,"enemies":"3 Sentries","floor":7.0,"turns":7.0},{"damage":3.0,"enemies":"Exordium Thugs","floor":8.0,"turns":3.0},{"damage":12.0,"enemies":"Lagavulin","floor":10.0,"turns":5.0},{"damage":0.0,"enemies":"Lots of Slimes","floor":12.0,"turns":2.0},{"damage":0,"enemies":"3 Sentries","floor":13,"turns":8},{"damage":11,"enemies":"The Guardian","floor":16,"turns":11},{"damage":3,"enemies":"2 Thieves","floor":18,"turns":4},{"damage":0,"enemies":"3 Byrds","floor":19,"turns":2},{"damage":1,"enemies":"Centurion and Healer","floor":20,"turns":6},{"damage":6,"enemies":"Shelled Parasite and Fungi","floor":21,"turns":4},{"damage":3,"enemies":"Slavers","floor":23,"turns":4},{"damage":9,"enemies":"Snecko","floor":24,"turns":3},{"damage":13,"enemies":"Book of Stabbing","floor":25,"turns":4},{"damage":3,"enemies":"Gremlin Leader","floor":28,"turns":3},{"damage":0,"enemies":"Snake Plant","floor":29,"turns":4},{"damage":0,"enemies":"Cultist and Chosen","floor":30,"turns":4},{"damage":10,"enemies":"Centurion and Healer","floor":31,"turns":5},{"damage":54,"enemies":"Collector","floor":33,"turns":11},{"damage":0,"enemies":"3 Shapes","floor":35,"turns":3},{"damage":7,"enemies":"Orb Walker","floor":36,"turns":2},{"damage":51,"enemies":"Maw","floor":39,"turns":6}],"seed_played":"1925531158681350636","potions_obtained":[{"floor":1.0,"key":"AttackPotion"},{"floor":4.0,"key":"SmokeBomb"},{"floor":10.0,"key":"SpeedPotion"},{"floor":18,"key":"Explosive Potion"},{"floor":20,"key":"BlessingOfTheForge"},{"floor":21,"key":"Strength Potion"},{"floor":31,"key":"Dexterity Potion"}],"is_trial":false,"path_per_floor":["M","?","?","M","M","R","E","M","T","E","$","M","E","T","R","B",null,"M","M","M","M","$","E","M","E","T","?","E","M","M","M","R","B",null,"M","M","?","?","M"],"character_chosen":"THE_SILENT","items_purchased":["Blade Dance","Vajra"],"campfire_rested":0,"item_purchase_floors":[11,22],"current_hp_per_floor":[59,59,59,59,59,59,52,49,49,42,42,42,42,42,42,36,59,56,56,55,54,54,56,47,39,39,66,70,70,70,60,60,11,58,58,51,51,51,0,0],"gold":344,"neow_bonus":"THREE_ENEMY_KILL","is_daily":false,"chose_seed":false,"campfire_upgraded":2,"win_rate":0.0,"timestamp":1612774021,"path_taken":["M","?","?","?","M","R","E","M","T","E","$","M","E","?","R","BOSS","M","?","M","M","$","E","M","E","T","?","E","?","M","M","R","BOSS","M","M","?","?","?"],"items_purchased_type":["Card","Relic"],"build_version":"2020-12-22","purchased_purges":2,"victory":false,"max_hp_per_floor":[66,66,66,66,66,66,66,66,66,66,66,66,66,66,66,66,66,66,66,66,66,66,66,66,66,66,66,73,73,73,73,73,73,73,73,73,73,73,73,73],"card_choices":[{"not_picked":["Blade Dance","Calculated Gamble"],"picked":"Backstab","floor":1.0},{"not_picked":["Deadly Poison","PiercingWail"],"picked":"Dagger Spray","floor":4.0},{"not_picked":["Deadly Poison","Poisoned Stab"],"picked":"Dash","floor":5.0},{"not_picked":["Prepared","Caltrops"],"picked":"Dagger Throw","floor":7.0},{"not_picked":["Reflex","Infinite Blades"],"picked":"Poisoned Stab","floor":8.0},{"not_picked":["Setup","Deadly Poison","Deflect"],"picked":"SKIP","floor":10.0},{"not_picked":["Dodge and Roll","Well Laid Plans","Finisher"],"picked":"SKIP","floor":12.0},{"not_picked":["Deflect","Heel Hook"],"picked":"Glass Knife","floor":13},{"not_picked":["Unload","Doppelganger"],"picked":"After Image","floor":16},{"not_picked":["Blur","PiercingWail"],"picked":"Bane+1","floor":18},{"not_picked":["Expertise","Concentrate"],"picked":"All Out Attack","floor":19},{"not_picked":["Flying Knee","PiercingWail"],"picked":"Acrobatics","floor":20},{"not_picked":["Sucker Punch","Acrobatics"],"picked":"Accuracy+1","floor":21},{"not_picked":["Dodge and Roll","Setup"],"picked":"Terror","floor":23},{"not_picked":["Dagger Throw","Deadly Poison"],"picked":"Leg Sweep","floor":24},{"not_picked":["Outmaneuver","Caltrops"],"picked":"Dodge and Roll+1","floor":25},{"not_picked":["Deadly Poison","Catalyst+1","Predator"],"picked":"SKIP","floor":28},{"not_picked":["Storm of Steel","Expertise","Dodge and Roll"],"picked":"SKIP","floor":29},{"not_picked":["Footwork","Dagger Spray"],"picked":"Poisoned Stab+1","floor":30},{"not_picked":["Dodge and Roll","Bane"],"picked":"Acrobatics+1","floor":31},{"not_picked":["Grand Finale","Storm of Steel"],"picked":"Die Die Die","floor":33},{"not_picked":["Flechettes","Acrobatics","Terror+1"],"picked":"SKIP","floor":35},{"not_picked":["Riddle With Holes","PiercingWail","Acrobatics"],"picked":"SKIP","floor":36}],"player_experience":385875,"relics_obtained":[{"floor":7.0,"key":"Letter Opener"},{"floor":9.0,"key":"Toy Ornithopter"},{"floor":10.0,"key":"Bronze Scales"},{"floor":13,"key":"Thread and Needle"},{"floor":14,"key":"CaptainsWheel"},{"floor":23,"key":"MealTicket"},{"floor":25,"key":"WingedGreaves"},{"floor":26,"key":"PreservedInsect"},{"floor":28,"key":"Strawberry"}],"event_choices":[{"damage_healed":0.0,"max_hp_gain":0.0,"max_hp_loss":0.0,"gold_gain":0.0,"cards_transformed":["Strike_G"],"event_name":"Living Wall","player_choice":"Change","floor":2.0,"gold_loss":0.0,"damage_taken":0.0,"cards_obtained":["Finisher"]},{"damage_healed":0.0,"max_hp_gain":0.0,"max_hp_loss":0.0,"gold_gain":0.0,"event_name":"Upgrade Shrine","player_choice":"Upgraded","floor":3.0,"gold_loss":0.0,"damage_taken":0.0,"cards_upgraded":["Backstab"]},{"damage_healed":27,"gold_gain":0,"player_choice":"Full Heal","damage_taken":0,"max_hp_gain":0,"max_hp_loss":0,"event_name":"Wheel of Change","floor":27,"gold_loss":0},{"damage_healed":0,"gold_gain":0,"player_choice":"Ignored","damage_taken":0,"max_hp_gain":0,"max_hp_loss":0,"event_name":"Tomb of Lord Red Mask","floor":37,"gold_loss":0},{"damage_healed":0,"gold_gain":0,"player_choice":"0 cards matched","damage_taken":0,"max_hp_gain":0,"max_hp_loss":0,"event_name":"Match and Keep!","floor":38,"gold_loss":0,"cards_obtained":[]}],"is_beta":false,"boss_relics":[{"not_picked":["Calling Bell","HoveringKite"],"picked":"Fusion Hammer"},{"not_picked":["Runic Dome","Velvet Choker"],"picked":"Black Star"}],"items_purged_floors":[11,22],"is_endless":false,"potions_floor_spawned":[1,4,10,18,20,21,31],"killed_by":"Maw","ascension_level":20}}