{"host":"1focbxb2e8qu7ccd","time":1612809175,"event":{"mods":["AchievementEnabler","BaseMod","Bestiary","Highlight Path","Minty Spire (QoL Compilation)","Relic Stats"],"gold_per_floor":[114,114,125,38,55,55,82,82,108,141,156,2,35,35,35,111,111,124,150,150,167,186,211,211,241,241,276,294,308,335,352,352,352,352],"floor_reached":33,"language":"ENG","playtime":1567,"items_purged":["Strike_R"],"score":790,"play_id":"862c1383-216c-4c26-9d04-9a5cadea016d","local_time":"20210208133255","is_ascension_mode":true,"campfire_choices":[{"data":"Whirlwind","floor":6.0,"key":"SMITH"},{"data":"Spot Weakness","floor":8.0,"key":"SMITH"},{"data":"Inflame","floor":15.0,"key":"SMITH"},{"data":"Fiend Fire","floor":32,"key":"SMITH"}],"circlet_count":0,"master_deck":["AscendersBane","Strike_R","Strike_R","Strike_R","Defend_R","Defend_R","Defend_R","Defend_R","Bash","Whirlwind+1","Headbutt","Inflame+1","Sever Soul","Spot Weakness+1","Armaments","Dark Embrace","Shrug It Off","Limit Break","Shockwave","Whirlwind+1","Reaper","Havoc+1","Reaper","Ghostly Armor","Fiend Fire+1"],"relics":["Burning Blood","NeowsBlessing","Akabeko","Regal Pillow","PreservedInsect","Orichalcum","Snecko Eye","Red Mask","Frozen Egg 2","Boot","Blue Candle","Unceasing Top"],"acts_visited":["Exordium","TheCity"],"potions_floor_usage":[33,33],"damage_taken":[{"damage":0.0,"enemies":"Cultist","floor":1.0,"turns":1.0},{"damage":0.0,"enemies":"2 Louse","floor":3.0,"turns":1.0},{"damage":0.0,"enemies":"Small Slimes","floor":5.0,"turns":1.0},{"damage":27.0,"enemies":"Gremlin Nob","floor":7.0,"turns":4.0},{"damage":15.0,"enemies":"3 Sentries","floor":10.0,"turns":3.0},{"damage":14.0,"enemies":"Red Slaver","floor":11.0,"turns":4.0},{"damage":20.0,"enemies":"Lagavulin","floor":13.0,"turns":7.0},{"damage":61.0,"enemies":"Hexaghost","floor":16.0,"turns":9.0},{"damage":25.0,"enemies":"Shell Parasite","floor":18.0,"turns":5.0},{"damage":0.0,"enemies":"Masked Bandits","floor":19.0,"turns":1.0},{"damage":16.0,"enemies":"2 Thieves","floor":21.0,"turns":3.0},{"damage":13.0,"enemies":"Snecko","floor":22.0,"turns":3.0},{"damage":0.0,"enemies":"Slavers","floor":23.0,"turns":1.0},{"damage":0.0,"enemies":"Gremlin Leader","floor":25.0,"turns":4.0},{"damage":4.0,"enemies":"Book of Stabbing","floor":27.0,"turns":2.0},{"damage":5.0,"enemies":"Sentry and Sphere","floor":28.0,"turns":3.0},{"damage":8,"enemies":"Centurion and Healer","floor":29,"turns":3},{"damage":9,"enemies":"Slavers","floor":30,"turns":2},{"damage":0,"enemies":"Snecko","floor":31,"turns":1},{"damage":92,"enemies":"Collector","floor":33,"turns":8}],"seed_played":"-6946895549139687348","potions_obtained":[{"floor":7.0,"key":"SteroidPotion"},{"floor":10.0,"key":"Weak Potion"},{"floor":13.0,"key":"Regen Potion"},{"floor":16.0,"key":"BlessingOfTheForge"},{"floor":22.0,"key":"Fire Potion"},{"floor":23.0,"key":"DuplicationPotion"}],"is_trial":false,"path_per_floor":["M","?","M","$","M","R","E","R","T","E","M","$","E","?","R","B",null,"M","?","?","M","M","E","$","E","T","E","M","M","E","M","R","B"],"character_chosen":"IRONCLAD","items_purchased":["Inflame","Dark Embrace"],"campfire_rested":0,"item_purchase_floors":[4,12],"current_hp_per_floor":[74,74,75,75,75,75,54,54,54,45,37,37,23,75,75,25,63,44,50,50,40,33,39,39,49,49,51,59,67,75,75,75,0,0],"gold":352,"neow_bonus":"THREE_ENEMY_KILL","is_daily":false,"chose_seed":false,"campfire_upgraded":4,"win_rate":0.0,"timestamp":1612809175,"path_taken":["M","?","?","$","M","R","E","R","T","E","M","$","E","?","R","BOSS","M","?","?","M","M","E","$","E","T","E","M","?","E","M","R","BOSS"],"items_purchased_type":["Card","Card"],"build_version":"2020-12-22","purchased_purges":1,"victory":false,"max_hp_per_floor":[75,75,75,75,75,75,75,75,75,75,75,75,75,75,75,75,75,75,75,75,75,75,75,75,75,75,75,75,75,75,75,75,75,75],"relic_stats":{"Regal Pillow":0,"counters":[20,66],"Blue Candle":[0],"Snecko Eye":[55,59,59,62],"PreservedInsect":202,"Orichalcum":[108],"Boot":[8],"obtain_stats":[{"Regal Pillow":9,"NeowsBlessing":0,"Blue Candle":27,"Snecko Eye":17,"PreservedInsect":10,"Red Mask":19,"Orichalcum":13,"Frozen Egg 2":23,"Boot":25,"Burning Blood":0,"Akabeko":7,"Unceasing Top":30},{"Regal Pillow":4,"NeowsBlessing":0,"Blue Candle":15,"Snecko Eye":8,"PreservedInsect":5,"Red Mask":10,"Orichalcum":7,"Frozen Egg 2":13,"Boot":14,"Burning Blood":0,"Akabeko":4,"Unceasing Top":18},{"Regal Pillow":7,"NeowsBlessing":0,"Blue Candle":49,"Snecko Eye":30,"PreservedInsect":10,"Red Mask":36,"Orichalcum":21,"Frozen Egg 2":43,"Boot":47,"Burning Blood":0,"Akabeko":7,"Unceasing Top":57}],"Burning Blood":91,"Unceasing Top":[4]},"card_choices":[{"not_picked":["Headbutt","Dropkick"],"picked":"Whirlwind","floor":1.0},{"not_picked":["Clothesline","Clash"],"picked":"Headbutt","floor":3.0},{"not_picked":["Clash","Flex"],"picked":"Sever Soul","floor":5.0},{"not_picked":["Infernal Blade","Burning Pact"],"picked":"Spot Weakness","floor":7.0},{"not_picked":["Infernal Blade","Clash","Immolate"],"picked":"SKIP","floor":10.0},{"not_picked":["Sentinel","Cleave"],"picked":"Armaments","floor":11.0},{"not_picked":["Armaments","Power Through"],"picked":"Shrug It Off","floor":13.0},{"not_picked":["Fiend Fire","Demon Form"],"picked":"Limit Break","floor":16.0},{"not_picked":["Battle Trance","Bloodletting"],"picked":"Shockwave","floor":18.0},{"not_picked":["Thunderclap","Sword Boomerang","Rage"],"picked":"SKIP","floor":21.0},{"not_picked":["Cleave","Flex"],"picked":"Reaper","floor":22.0},{"not_picked":["Hemokinesis+1","Whirlwind"],"picked":"Havoc+1","floor":23.0},{"not_picked":["Havoc","Uppercut"],"picked":"Reaper","floor":25.0},{"not_picked":["Sword Boomerang+1","Flex","Clothesline"],"picked":"SKIP","floor":27.0},{"not_picked":["Cleave+1","Shrug It Off","Headbutt"],"picked":"SKIP","floor":28.0},{"not_picked":["Pummel+1","Cleave"],"picked":"Ghostly Armor","floor":29},{"not_picked":["Armaments","Reckless Charge"],"picked":"Fiend Fire","floor":30},{"not_picked":["Armaments","Twin Strike","Havoc"],"picked":"SKIP","floor":31}],"player_experience":895233,"relics_obtained":[{"floor":7.0,"key":"Akabeko"},{"floor":9.0,"key":"Regal Pillow"},{"floor":10.0,"key":"PreservedInsect"},{"floor":13.0,"key":"Orichalcum"},{"floor":19.0,"key":"Red Mask"},{"floor":23.0,"key":"Frozen Egg 2"},{"floor":25.0,"key":"Boot"},{"floor":27.0,"key":"Blue Candle"},{"floor":30,"key":"Unceasing Top"}],"event_choices":[{"damage_healed":0.0,"max_hp_gain":0.0,"max_hp_loss":0.0,"gold_gain":0.0,"cards_transformed":["Strike_R"],"event_name":"Transmorgrifier","player_choice":"Transformed","floor":2.0,"gold_loss":0.0,"damage_taken":0.0,"cards_obtained":["Intimidate"]},{"cards_removed":["Intimidate"],"damage_healed":52.0,"max_hp_gain":0.0,"max_hp_loss":0.0,"gold_gain":0.0,"event_name":"Bonfire Elementals","player_choice":"Offered Uncommon","floor":14.0,"gold_loss":0.0,"damage_taken":0.0},{"damage_healed":0.0,"max_hp_gain":0.0,"max_hp_loss":0.0,"gold_gain":0.0,"event_name":"Masked Bandits","player_choice":"Fought Bandits","floor":19.0,"gold_loss":0.0,"damage_taken":0.0},{"damage_healed":0.0,"max_hp_gain":0.0,"max_hp_loss":0.0,"gold_gain":0.0,"event_name":"Duplicator","player_choice":"Copied","floor":20.0,"gold_loss":0.0,"damage_taken":0.0,"cards_obtained":["Whirlwind"]}],"is_beta":false,"boss_relics":[{"not_picked":["Tiny House","Fusion Hammer"],"picked":"Snecko Eye"}],"items_purged_floors":[12],"is_endless":false,"potions_floor_spawned":[7,10,13,16,22,23,27,29],"killed_by":"Collector","ascension_level":20}}