{"host":"f55nj4gldpx3ksju","time":1612805024,"event":{"mods":["BaseMod","Colored Map","Highlight Path","Minty Spire (QoL Compilation)"],"gold_per_floor":[114,39,59,134,134,134,165,165,165,196,196,206,226,226,226,226,226],"floor_reached":16,"language":"ZHS","playtime":424,"items_purged":["Strike_B"],"score":246,"play_id":"af6dfcc3-23fc-4c02-9861-055db757e095","local_time":"20210209012344","is_ascension_mode":true,"campfire_choices":[{"data":"Dualcast","floor":6.0,"key":"SMITH"},{"data":"Loop","floor":8.0,"key":"SMITH"},{"floor":11.0,"key":"REST"},{"floor":15.0,"key":"REST"}],"circlet_count":0,"master_deck":["AscendersBane","Strike_B","Strike_B","Strike_B","Defend_B","Defend_B","Defend_B","Defend_B","Zap","Dualcast+1","Loop+1","Reinforced Body","Self Repair+1"],"relics":["Cracked Core","NeowsBlessing","CultistMask","Lantern","Frozen Egg 2","Singing Bowl","Centennial Puzzle"],"acts_visited":["Exordium"],"potions_floor_usage":[16],"damage_taken":[{"damage":0.0,"enemies":"2 Louse","floor":1.0,"turns":1.0},{"damage":0.0,"enemies":"Small Slimes","floor":3.0,"turns":1.0},{"damage":0.0,"enemies":"Gremlin Nob","floor":7.0,"turns":1.0},{"damage":45.0,"enemies":"3 Sentries","floor":10.0,"turns":7.0},{"damage":1.0,"enemies":"Cultist","floor":12.0,"turns":3.0},{"damage":5.0,"enemies":"Exordium Wildlife","floor":13.0,"turns":5.0},{"damage":47,"enemies":"Hexaghost","floor":16,"turns":10}],"seed_played":"-1283880605227113879","potions_obtained":[{"floor":7.0,"key":"CultistPotion"},{"floor":12.0,"key":"DistilledChaos"}],"is_trial":false,"path_per_floor":["M","$","M","?","?","R","E","R","T","E","R","M","M","T","R","B"],"character_chosen":"DEFECT","items_purchased":[],"campfire_rested":2,"item_purchase_floors":[],"current_hp_per_floor":[64,64,64,53,53,53,53,53,53,10,31,30,25,25,46,0,0],"gold":226,"neow_bonus":"THREE_ENEMY_KILL","is_daily":false,"chose_seed":false,"campfire_upgraded":2,"win_rate":0.0,"timestamp":1612805024,"path_taken":["M","$","M","?","?","R","E","R","T","E","R","?","M","?","R","BOSS"],"items_purchased_type":[],"build_version":"2020-12-22","purchased_purges":1,"victory":false,"max_hp_per_floor":[71,71,71,71,71,71,71,71,71,73,73,73,73,73,73,73,73],"card_choices":[{"not_picked":["Conserve Battery","Beam Cell","Sweeping Beam"],"picked":"SKIP","floor":1.0},{"not_picked":["Go for the Eyes","Steam Power","Rebound"],"picked":"SKIP","floor":3.0},{"not_picked":["Turbo","Redo"],"picked":"Loop","floor":7.0},{"not_picked":["Blizzard","Stack","Rebound"],"picked":"Singing Bowl","floor":10.0},{"not_picked":["Conserve Battery","Beam Cell"],"picked":"Reinforced Body","floor":12.0},{"not_picked":["Streamline","Auto Shields"],"picked":"Self Repair+1","floor":13.0}],"player_experience":386724,"relics_obtained":[{"floor":7.0,"key":"Lantern"},{"floor":9.0,"key":"Frozen Egg 2"},{"floor":10.0,"key":"Singing Bowl"},{"floor":14.0,"key":"Centennial Puzzle"}],"event_choices":[{"damage_healed":0.0,"max_hp_gain":0.0,"max_hp_loss":0.0,"gold_gain":75.0,"event_name":"World of Goop","player_choice":"Gather Gold","floor":4.0,"gold_loss":0.0,"damage_taken":11.0},{"damage_healed":0.0,"max_hp_gain":0.0,"max_hp_loss":0.0,"gold_gain":0.0,"event_name":"FaceTrader","player_choice":"Trade","floor":5.0,"gold_loss":0.0,"damage_taken":0.0,"relics_obtained":["CultistMask"]}],"is_beta":false,"boss_relics":[],"items_purged_floors":[2],"is_endless":false,"potions_floor_spawned":[7,12],"killed_by":"Hexaghost","ascension_level":17}}