{"host":"okvf2hy7r209l3k2","time":1612825562,"event":{"mods":["BaseMod","Block Reminder","Colored Map","Colored Powertips","Downfall","Hermit","Highlight Path","Minty Spire (QoL Compilation)","Permanent Neow","Quick Restart","StSLib","The Cursed","The Disciple","The Hierophant","The Necromancer","The Runesmith","The Servant 0.9.4"],"gold_per_floor":[118,193,203,40,54,54,54],"floor_reached":6,"language":"ENG","playtime":743,"items_purged":["Runesmith:Strike_RS"],"score":36,"play_id":"60282c42-2ac4-4617-a5ca-40e4c4f9b3a5","local_time":"20210208140602","is_ascension_mode":false,"campfire_choices":[],"circlet_count":0,"master_deck":["Runesmith:Strike_RS","Runesmith:Strike_RS","Runesmith:Strike_RS","Runesmith:Defend_RS","Runesmith:Defend_RS","Runesmith:Defend_RS","Runesmith:Defend_RS","Runesmith:CraftFirestone","Runesmith:Fortify","Runesmith:CraftVitae","Runesmith:Empowerment","Runesmith:Superposition","Runesmith:Firestorm","Runesmith:BackupBattery","Runesmith:HammerTime"],"relics":["Runesmith:BrokenRuby"],"acts_visited":["Exordium"],"potions_floor_usage":[],"damage_taken":[{"damage":0,"enemies":"2 Louse","floor":1,"turns":4},{"damage":3,"enemies":"Jaw Worm","floor":3,"turns":4},{"damage":8,"enemies":"Small Slimes","floor":5,"turns":5},{"damage":0,"enemies":"3 Sentries","floor":6,"turns":2}],"seed_played":"-4513855619629494962","potions_obtained":[{"floor":5,"key":"Fire Potion"}],"is_trial":false,"path_per_floor":["M","?","M","$","M","E"],"character_chosen":"RUNESMITH_CLASS","items_purchased":["Runesmith:Firestorm","Runesmith:BackupBattery"],"campfire_rested":0,"item_purchase_floors":[4,4],"current_hp_per_floor":[70,63,60,60,52,52,52],"gold":54,"neow_bonus":"THREE_CARDS","is_daily":false,"chose_seed":false,"campfire_upgraded":0,"win_rate":0.0,"timestamp":1612825562,"path_taken":["M","?","M","$","M","E"],"items_purchased_type":["Card","Card"],"build_version":"2020-12-22","purchased_purges":1,"victory":false,"max_hp_per_floor":[70,70,70,70,70,70,70],"card_choices":[{"not_picked":["Runesmith:Refine","Runesmith:FrozenChisel"],"picked":"Runesmith:CraftVitae","floor":0},{"not_picked":["Runesmith:Overpower","Runesmith:ChiselStab"],"picked":"Runesmith:Empowerment","floor":1},{"not_picked":["Runesmith:RuneHurl","Runesmith:HeatExchange"],"picked":"Runesmith:Superposition","floor":3},{"not_picked":["Runesmith:EarthShield","Runesmith:BackupBattery"],"picked":"Runesmith:HammerTime","floor":5}],"player_experience":215738,"relics_obtained":[],"event_choices":[{"damage_healed":0,"gold_gain":75,"player_choice":"Gather Gold","damage_taken":11,"max_hp_gain":0,"max_hp_loss":0,"event_name":"World of Goop","floor":2,"gold_loss":0}],"is_beta":false,"boss_relics":[],"items_purged_floors":[4],"is_endless":false,"potions_floor_spawned":[5],"killed_by":"3 Sentries","ascension_level":0}}