{"host":"okvf2hy7r209l3k2","time":1612815171,"event":{"mods":["BaseMod","Block Reminder","Colored Map","Colored Powertips","Downfall","Hermit","Highlight Path","Minty Spire (QoL Compilation)","Permanent Neow","Quick Restart","StSLib","The Cursed","The Hierophant"],"gold_per_floor":[109,125,142,161,176,176,196,196,222,222,222],"floor_reached":10,"language":"ENG","playtime":558,"items_purged":[],"score":62,"play_id":"c5c75d2a-6af6-4cd1-9906-6bb0d20b76f8","local_time":"20210208111251","is_ascension_mode":false,"campfire_choices":[{"data":"hermit:BigShot","floor":6,"key":"SMITH"},{"data":"hermit:TakeCover","floor":8,"key":"SMITH"}],"circlet_count":0,"master_deck":["hermit:Strike_Hermit","hermit:Strike_Hermit","hermit:Strike_Hermit","hermit:Defend_Hermit","hermit:Defend_Hermit","hermit:Defend_Hermit","hermit:Snapshot","hermit:Covet","hermit:WideOpen","hermit:Headshot","hermit:Headshot","hermit:SprayPray","hermit:BigShot+1","hermit:TakeCover+1"],"relics":["hermit:Momento","hermit:RyeStalk"],"acts_visited":["Exordium"],"potions_floor_usage":[],"damage_taken":[{"damage":1,"enemies":"Cultist","floor":1,"turns":3},{"damage":0,"enemies":"Small Slimes","floor":2,"turns":3},{"damage":1,"enemies":"Jaw Worm","floor":3,"turns":2},{"damage":13,"enemies":"2 Fungi Beasts","floor":4,"turns":3},{"damage":12,"enemies":"Blue Slaver","floor":5,"turns":2},{"damage":10,"enemies":"Looter","floor":7,"turns":2},{"damage":14,"enemies":"3 Sentries","floor":10,"turns":4}],"seed_played":"4087525243672507279","potions_obtained":[{"floor":3,"key":"Swift Potion"},{"floor":4,"key":"EssenceOfSteel"},{"floor":5,"key":"ColorlessPotion"}],"is_trial":false,"path_per_floor":["M","M","M","M","M","R","M","R","T","E"],"character_chosen":"HERMIT","items_purchased":[],"campfire_rested":0,"item_purchase_floors":[],"current_hp_per_floor":[53,53,52,39,27,27,17,17,17,3,3],"gold":222,"neow_bonus":"REMOVE_TWO","is_daily":false,"chose_seed":false,"campfire_upgraded":2,"win_rate":0.0,"timestamp":1612815171,"path_taken":["M","M","M","M","M","R","M","R","T","E"],"items_purchased_type":[],"build_version":"2020-12-22","purchased_purges":0,"victory":false,"max_hp_per_floor":[75,75,75,75,75,75,75,75,75,75,75],"card_choices":[{"not_picked":["hermit:TrackingShot","hermit:Shortfuse"],"picked":"hermit:WideOpen","floor":1},{"not_picked":["hermit:DeadMansHand","hermit:CalledShot"],"picked":"hermit:Headshot","floor":2},{"not_picked":["hermit:HoleUp","hermit:Feint"],"picked":"hermit:Headshot","floor":3},{"not_picked":["hermit:Brawl","hermit:WideOpen"],"picked":"hermit:SprayPray","floor":4},{"not_picked":["hermit:PistolWhip","hermit:Virtue"],"picked":"hermit:BigShot","floor":5},{"not_picked":["hermit:HoleUp","hermit:Roulette"],"picked":"hermit:TakeCover","floor":7}],"player_experience":209164,"relics_obtained":[{"floor":9,"key":"hermit:RyeStalk"}],"event_choices":[],"is_beta":false,"boss_relics":[],"items_purged_floors":[],"is_endless":false,"potions_floor_spawned":[3,4,5],"killed_by":"3 Sentries","ascension_level":0}}