{"host":"s5d39dhq0ddhxhke","time":1612785953,"event":{"mods":["AchievementEnabler","BaseMod","Colored Map","Minty Spire (QoL Compilation)","Smile Girya","SuperFastMode"],"gold_per_floor":[130,162,174,201,194,206,206],"floor_reached":6,"language":"ENG","playtime":428,"items_purged":[],"score":57,"play_id":"a146cb15-c5f2-484e-8054-43fbcbbe7316","local_time":"20210208140553","is_ascension_mode":true,"campfire_choices":[],"circlet_count":0,"master_deck":["AscendersBane","Strike_G","Strike_G","Strike_G","Strike_G","Strike_G","Defend_G","Defend_G","Defend_G","Defend_G","Defend_G","Survivor","Neutralize","CurseOfTheBell","Deadly Poison","Dodge and Roll"],"relics":["Calling Bell","MawBank","Frozen Egg 2","The Specimen"],"acts_visited":["Exordium"],"potions_floor_usage":[4,5],"damage_taken":[{"damage":10,"enemies":"Jaw Worm","floor":1,"turns":7},{"damage":6,"enemies":"2 Louse","floor":2,"turns":3},{"damage":7,"enemies":"Cultist","floor":4,"turns":5},{"damage":14,"enemies":"Exordium Thugs","floor":5,"turns":6},{"damage":55,"enemies":"3 Sentries","floor":6,"turns":9}],"seed_played":"8980236889695505765","potions_obtained":[{"floor":1,"key":"Energy Potion"},{"floor":2,"key":"Weak Potion"}],"is_trial":false,"path_per_floor":["M","M","?","M","M","E"],"character_chosen":"THE_SILENT","items_purchased":[],"campfire_rested":0,"item_purchase_floors":[],"current_hp_per_floor":[53,47,70,63,49,0,0],"gold":206,"neow_bonus":"BOSS_RELIC","is_daily":false,"chose_seed":false,"campfire_upgraded":0,"win_rate":0.0,"timestamp":1612785953,"path_taken":["M","M","?","M","M","E"],"items_purchased_type":[],"build_version":"2020-12-22","purchased_purges":0,"victory":false,"max_hp_per_floor":[70,70,70,70,70,70,70],"card_choices":[{"not_picked":["Dodge and Roll","Slice","Tactician"],"picked":"SKIP","floor":1},{"not_picked":["Dagger Throw","Predator"],"picked":"Deadly Poison","floor":2},{"not_picked":["Well Laid Plans+1","Prepared"],"picked":"Dodge and Roll","floor":4},{"not_picked":["Setup","Deflect","Distraction"],"picked":"SKIP","floor":5}],"player_experience":492690,"relics_obtained":[{"floor":0,"key":"MawBank"},{"floor":0,"key":"Frozen Egg 2"},{"floor":0,"key":"The Specimen"}],"event_choices":[{"damage_healed":23,"gold_gain":0,"player_choice":"Banana","damage_taken":0,"max_hp_gain":0,"max_hp_loss":0,"event_name":"Big Fish","floor":3,"gold_loss":0}],"is_beta":false,"boss_relics":[],"items_purged_floors":[],"is_endless":false,"potions_floor_spawned":[1,2],"killed_by":"3 Sentries","ascension_level":10}}