{"host":"8d3fefv2347kqkpz","time":1612764294,"event":{"mods":["AchievementEnabler","Act Like it!","BaseMod","Better Vampires","Colored Map","Colored Powertips","Downfall","GifTheSpireLib","Highlight Path","Minty Spire (QoL Compilation)","Quick Restart","Rare Cards Sparkle","Relic Stats","Replay The Spire","Spicy Shops","StSLib","Waifu the Spire"],"gold_per_floor":[99,115,115,129,148,148,229,229,242,258,258,258,270,80,98,203,203,203,215,215,215,215,215],"floor_reached":21,"language":"ZHS","playtime":882,"items_purged":["hexamod:Sear","hexamod:Defend"],"score":171,"play_id":"18c2d661-4fb2-4efc-a5ab-5ef0c3da678a","local_time":"20210208140454","is_ascension_mode":false,"campfire_choices":[{"data":"hexamod:GhostOfSpirePresent","floor":1,"key":"SMITH"},{"data":"hexamod:SkipABeat","floor":6,"key":"SMITH"},{"data":"hexamod:Defend","floor":11,"key":"SMITH"},{"data":"hexamod:WildfireWeapon","floor":18,"key":"SMITH"}],"circlet_count":0,"master_deck":["hexamod:Strike","hexamod:Strike","hexamod:Defend+1","hexamod:Float","hexamod:GhostOfSpirePresent+1","hexamod:FirstSeal","hexamod:WildfireWeapon+1","downfall:Icky","CommonCold","hexamod:SpectersWail+1"],"relics":["hexamod:SpiritBrand","Mirror","Kintsugi","Enchiridion"],"acts_visited":["Exordium","TheCity"],"potions_floor_usage":[16],"damage_taken":[{"damage":1,"enemies":"Jaw Worm","floor":2,"turns":4},{"damage":5,"enemies":"Small Slimes","floor":4,"turns":4},{"damage":0,"enemies":"2 Louse","floor":5,"turns":3},{"damage":3,"enemies":"2 Fungi Beasts","floor":9,"turns":4},{"damage":0,"enemies":"Blue Slaver","floor":10,"turns":3},{"damage":3,"enemies":"Large Slime","floor":13,"turns":8},{"damage":0,"enemies":"downfall:FleeingMerchant","floor":14,"turns":4},{"damage":0,"enemies":"Red Slaver","floor":15,"turns":3},{"damage":39,"enemies":"DF_ARCHETYPE_STREAMLINE","floor":16,"turns":14},{"damage":27,"enemies":"Shell Parasite","floor":19,"turns":10},{"damage":35,"enemies":"Cultist and Chosen","floor":21,"turns":4}],"seed_played":"-6101577150713541224","potions_obtained":[{"floor":2,"key":"Fire Potion"},{"floor":4,"key":"SpeedPotion"},{"floor":10,"key":"Fire Potion"}],"is_trial":false,"path_per_floor":["R","M","?","M","M","R","T","?","M","M","R","?","M","$","M","B",null,"R","M","?","M"],"character_chosen":"THE_SPIRIT","items_purchased":[],"campfire_rested":0,"item_purchase_floors":[],"current_hp_per_floor":[70,69,69,64,64,64,64,64,61,61,61,61,58,65,70,38,70,70,50,34,0,0,0],"gold":215,"neow_bonus":"TRANSFORM_CARD","is_daily":false,"chose_seed":false,"campfire_upgraded":4,"win_rate":0.0,"timestamp":1612764294,"path_taken":["R","M","?","M","M","R","T","?","M","M","R","?","M","$","M","BOSS","R","M","?","M"],"items_purchased_type":[],"build_version":"2020-12-22","purchased_purges":2,"victory":false,"max_hp_per_floor":[70,70,70,70,70,70,70,70,70,70,70,70,70,70,70,70,70,70,70,70,70,70,70],"relic_stats":{"counters":[11,61],"obtain_stats":[{"Enchiridion":20,"Kintsugi":17,"Mirror":7,"hexamod:SpiritBrand":0},{"Enchiridion":10,"Kintsugi":9,"Mirror":3,"hexamod:SpiritBrand":0},{"Enchiridion":57,"Kintsugi":47,"Mirror":11,"hexamod:SpiritBrand":0}]},"card_choices":[{"not_picked":["hexamod:GhostOfSpireFuture","hexamod:SoulSteal","hexamod:HauntingEcho"],"picked":"SKIP","floor":2},{"not_picked":["hexamod:HeatMetal","hexamod:BurningTouch"],"picked":"hexamod:SkipABeat","floor":4},{"not_picked":["hexamod:FourthSeal","hexamod:SpectersWail","hexamod:ChargedBarrage"],"picked":"SKIP","floor":5},{"not_picked":["hexamod:InspiringFlames","hexamod:FourthSeal","hexamod:RadiantFlame"],"picked":"SKIP","floor":9},{"not_picked":["hexamod:ShieldOfDarkness","hexamod:NightmareGuise","hexamod:PhantomFireball"],"picked":"SKIP","floor":10},{"not_picked":["hexamod:RecurringNightmare","hexamod:GhostOfSpirePresent"],"picked":"hexamod:FirstSeal","floor":13},{"not_picked":["hexamod:Firestarter","hexamod:FastForward","hexamod:SwordOfDarkness"],"picked":"SKIP","floor":14},{"not_picked":["hexamod:EmpoweredFlame","hexamod:AdvancingGuard"],"picked":"hexamod:NightmareStrike","floor":15},{"not_picked":["hexamod:SearingWound","hexamod:ParanormalForm"],"picked":"hexamod:WildfireWeapon","floor":16},{"not_picked":["hexamod:RecurringNightmare","hexamod:BacktrackSmack"],"picked":"hexamod:SpectersWail+1","floor":19}],"player_experience":310218,"relics_obtained":[{"floor":7,"key":"Mirror"},{"floor":20,"key":"Enchiridion"}],"event_choices":[],"is_beta":false,"boss_relics":[{"not_picked":["Ring of Chaos","Replay:Ancient Bell"],"picked":"Kintsugi"}],"items_purged_floors":[14,14],"is_endless":false,"potions_floor_spawned":[2,4,10,15],"killed_by":"Cultist and Chosen","ascension_level":0}}