{"host":"t9zjxed0utvsfjwc","time":1612748281,"event":{"mods":["2.2 Compatiblity","Aspiration","BaseMod","Better Altar","Better Match","Better Note","Better Sensory Stone","Better Skull","Better Third Choice","Block Reminder","Colored Map","Colored Powertips","Custom Start","Downfall","Hermit","Highlight Path","Hubris","Infinite Spire","Marisa????????","Minty Spire (QoL Compilation)","Quick Restart","Rare Cards Sparkle","Reliquary","Replay The Spire","StSLib","The Cursed","The Marked","The Runesmith","Unceasing Turn Reminder","everything is the same but u backflip on backflip"],"gold_per_floor":[99,114,130,130,130,40,40,40,40,40],"floor_reached":8,"language":"ENG","playtime":496,"items_purged":["Guardian:Defend_Guardian"],"score":46,"play_id":"334684bd-9ab8-4eae-9f54-a1e3c1b5542b","local_time":"20210208013801","is_ascension_mode":true,"campfire_choices":[],"circlet_count":0,"master_deck":["Guardian:Strike_Guardian","Guardian:Strike_Guardian","Guardian:Strike_Guardian","Guardian:Strike_Guardian","Guardian:Defend_Guardian","Guardian:Defend_Guardian","Guardian:CurlUp","Guardian:TwinSlam","Guardian:PiercingHide","Guardian:GuardianWhirl","Guardian:SphericShield"],"relics":["Guardian:ModeShifter","infinitespire:Blanks Blanky","aspiration:Lifesprig","reliquary:PartyBalloon","hubris:Icosahedron","Meat on the Bone"],"acts_visited":["Exordium"],"potions_floor_usage":[6],"damage_taken":[{"damage":1,"enemies":"Cultist","floor":2,"turns":5},{"damage":2,"enemies":"Small Slimes","floor":3,"turns":6},{"damage":0,"enemies":"downfall:FleeingMerchant","floor":6,"turns":4},{"damage":18,"enemies":"3 Sentries","floor":8,"turns":7}],"seed_played":"-4031327447800009759","potions_obtained":[{"floor":2,"key":"FearPotion"}],"is_trial":false,"path_per_floor":["R_BF","M","M","?","?","$","T","E"],"character_chosen":"GUARDIAN","items_purchased":[],"campfire_rested":0,"item_purchase_floors":[],"current_hp_per_floor":[19,18,16,16,16,16,16,0,0,0],"gold":40,"neow_bonus":"REMOVE_CARD","is_daily":false,"chose_seed":false,"campfire_upgraded":0,"win_rate":0.0,"timestamp":1612748281,"path_taken":["R_BF","M","M","?","?","$","T","E"],"items_purchased_type":[],"build_version":"2020-12-22","purchased_purges":1,"victory":false,"max_hp_per_floor":[80,80,80,80,80,80,80,80,80,80],"card_choices":[{"not_picked":["Guardian:Preprogram","Guardian:Gem_Cyan"],"picked":"Guardian:PiercingHide","floor":2},{"not_picked":["Guardian:Incinerate","Guardian:Preprogram"],"picked":"Guardian:GuardianWhirl","floor":3},{"not_picked":["Guardian:ArmoredProtocol","Guardian:Gem_Purple"],"picked":"Guardian:SphericShield","floor":6}],"player_experience":519808,"relics_obtained":[{"floor":7,"key":"Meat on the Bone"}],"event_choices":[{"damage_healed":0,"gold_gain":0,"player_choice":"RE RE RE ","damage_taken":67,"relics_obtained":["Regal Pillow","aspiration:Lifesprig","reliquary:PartyBalloon"],"max_hp_gain":0,"max_hp_loss":0,"event_name":"betterSkull:BetterSkull","floor":1,"gold_loss":0,"cards_upgraded":[]}],"is_beta":false,"boss_relics":[],"items_purged_floors":[6],"is_endless":false,"potions_floor_spawned":[2],"killed_by":"3 Sentries","ascension_level":1}}