{"host":"61ejhfsushs0xmcl","time":1612768368,"event":{"mods":["ATMod(°¢èªMod)","Act Like it!","BaseMod","Colored Map","Gold Saver","HumanHunterMod(¹ÖÎïÉ±ÈËmod)","Minty Spire (QoL Compilation)","MostiFishMod","Spicy Shops","StSLib","TestMod","[IsaacMod]ÒÔÈö¼âËþ","¡¾ÒÅÎï¿¨ÅÆ¡¿REMEMod","óô»ðÖ¸ÄÏ"],"gold_per_floor":[116,127,50,125,139,170,190,217,217,250,250,250,278,354,354,431,431,450,4,23,23,423,423,466,466,466,499,156,191,212,256,256,339,339,355,355,376,385,400,400,434,63,63,107,117,117,145,179,179,179,186,186,186,118,157,451],"floor_reached":57,"language":"ZHS","playtime":2907,"items_purged":["Defend_P","Pride","Defend_P","Strike_P"],"score":3878,"play_id":"c5b4cc7f-9610-44c3-aa8e-27498a4ab4ff","local_time":"20210208151248","is_ascension_mode":true,"campfire_choices":[{"data":"Eruption","floor":12.0,"key":"SMITH"},{"data":"Ragnarok","floor":15.0,"key":"SMITH"},{"data":"MostiFishMod:Disappear","floor":23.0,"key":"SMITH"},{"floor":32.0,"key":"RECALL"},{"data":"Adaptation","floor":40.0,"key":"SMITH"},{"data":"MentalFortress","floor":49.0,"key":"SMITH"},{"data":"MentalFortress","floor":53.0,"key":"SMITH"}],"circlet_count":0,"master_deck":["AscendersBane","Strike_P","Strike_P","Strike_P","Defend_P+1","Defend_P+1","Eruption+1","Vigilance+1","Master of Strategy+1","MostiFishMod:Disappear+1","FlurryOfBlows","BowlingBash+1","LessonLearned+1","WheelKick+1","CutThroughFate+1","Adaptation+1","REME_CRH+1","MostiFishMod:DustFall+1","MentalFortress+1","testmod-PainDetonator+1","AT_ChampionStep+1","MentalFortress+1","TalkToTheHand+1","Vault","Tantrum"],"relics":["PureWater","AT_ATBox","REME_ComplimentaryCards","testmod-TestBox","HushsDoor","GuppysTail","testmod-IndustrialRevolution","RhineCircuit","SynthV:TestCard","Singing Bowl","War Paint","Bronze Scales","HornCleat","Matryoshka","testmod-SaigiyounoYou","SatanicBible","AT_ChloranthyRing","testmod-ArcanaOfDestiny","OrangePellets","CeramicFish","testmod-AssaultLearning","Lizard Tail","Boot","Potion Belt","BelialBook","Calipers","Bottled Tornado","testmod-Fanaticism","OriginationStaff","AT_BladeRuinedKing","Technique","AnarchistCookbook","AT_ImmortalShieldbow","AT_ForceNature","SalivaCoin","testmod-FatalChain"],"acts_visited":["Exordium","TheCity","TheBeyond","TheEnding"],"potions_floor_usage":[56,56,56,56],"damage_taken":[{"damage":2.0,"enemies":"Cultist","floor":1.0,"turns":3.0},{"damage":7.0,"enemies":"Small Slimes","floor":2.0,"turns":4.0},{"damage":16.0,"enemies":"Jaw Worm","floor":5.0,"turns":5.0},{"damage":0.0,"enemies":"Lagavulin","floor":6.0,"turns":3.0},{"damage":0.0,"enemies":"3 Louse","floor":7.0,"turns":3.0},{"damage":0.0,"enemies":"Gremlin Nob","floor":8.0,"turns":2.0},{"damage":1.0,"enemies":"Lagavulin","floor":10.0,"turns":7.0},{"damage":2.0,"enemies":"3 Sentries","floor":13.0,"turns":3.0},{"damage":0.0,"enemies":"Slime Boss","floor":16.0,"turns":4.0},{"damage":29.0,"enemies":"Chosen","floor":18.0,"turns":5.0},{"damage":2.0,"enemies":"2 Thieves","floor":20.0,"turns":4.0},{"damage":35.0,"enemies":"Book of Stabbing","floor":24.0,"turns":3.0},{"damage":34.0,"enemies":"REME_1_Revenger","floor":27.0,"turns":4.0},{"damage":58.0,"enemies":"Slavers","floor":29.0,"turns":5.0},{"damage":24.0,"enemies":"Cultist and Chosen","floor":30.0,"turns":6.0},{"damage":14.0,"enemies":"REME_1_Revenger","floor":31.0,"turns":4.0},{"damage":60.0,"enemies":"Collector","floor":33.0,"turns":6.0},{"damage":37.0,"enemies":"3 Shapes","floor":35.0,"turns":4.0},{"damage":26.0,"enemies":"Orb Walker","floor":37.0,"turns":2.0},{"damage":24.0,"enemies":"4 Shapes","floor":39.0,"turns":5.0},{"damage":0.0,"enemies":"Mind Bloom Boss Battle","floor":41.0,"turns":2.0},{"damage":22.0,"enemies":"Nemesis","floor":44.0,"turns":5.0},{"damage":0.0,"enemies":"Jaw Worm Horde","floor":45.0,"turns":2.0},{"damage":0.0,"enemies":"Sphere and 2 Shapes","floor":47.0,"turns":3.0},{"damage":0.0,"enemies":"Reptomancer","floor":48.0,"turns":1.0},{"damage":0.0,"enemies":"Donu and Deca","floor":50.0,"turns":2.0},{"damage":19.0,"enemies":"Time Eater","floor":51.0,"turns":5.0},{"damage":5.0,"enemies":"Shield and Spear","floor":55.0,"turns":4.0},{"damage":129,"enemies":"The Heart","floor":56,"turns":10}],"seed_played":"-8762875056822076025","potions_obtained":[{"floor":2.0,"key":"Strength Potion"},{"floor":5.0,"key":"LiquidMemories"},{"floor":8.0,"key":"BottledMiracle"},{"floor":13.0,"key":"Ancient Potion"},{"floor":24.0,"key":"Weak Potion"},{"floor":30.0,"key":"Ancient Potion"},{"floor":35.0,"key":"FearPotion"},{"floor":39.0,"key":"DistilledChaos"},{"floor":45.0,"key":"Explosive Potion"}],"is_trial":false,"path_per_floor":["M","M","$","?","M","E","M","E","T","E","?","R","E","T","R","B",null,"M","$","M","?","?","R","E","T","T","E","$","E","M","E","R","B",null,"M","?","M","?","M","R","?","$","T","E","M","T","M","E","R","B","B",null,"R","$","E","B",null],"character_chosen":"WATCHER","items_purchased":["MostiFishMod:Disappear","WheelKick","SatanicBible","AT_ChloranthyRing","testmod-ArcanaOfDestiny","OrangePellets","Potion Belt","BelialBook","AT_BladeRuinedKing","Technique","Tantrum"],"campfire_rested":0,"item_purchase_floors":[3,17,17,19,19,19,28,28,42,42,54],"current_hp_per_floor":[59,52,52,41,25,25,27,29,29,30,35,35,35,35,35,35,52,42,42,58,58,58,58,50,50,50,36,36,38,32,36,36,6,50,62,62,62,56,70,70,70,70,70,64,72,72,72,72,72,72,72,72,72,72,74,74],"gold":451,"neow_bonus":"RANDOM_COLORLESS_2","is_daily":false,"chose_seed":false,"campfire_upgraded":6,"win_rate":0.0,"timestamp":1612768368,"path_taken":["M","M","$","?","?","E","?","E","T","E","?","R","E","?","R","BOSS","M","$","M","?","?","R","E","?","T","E","$","E","M","E","R","BOSS","M","?","M","?","M","R","?","$","T","E","M","?","?","E","R","BOSS","BOSS","R","$","E","BOSS"],"items_purchased_type":["Card","Card","Relic","Relic","Relic","Relic","Relic","Relic","Relic","Relic","Card"],"build_version":"2020-12-22","purchased_purges":4,"victory":true,"max_hp_per_floor":[62,62,62,62,62,62,64,66,66,68,73,73,75,75,75,75,57,59,59,61,61,61,61,61,61,61,63,63,65,65,65,65,65,65,67,64,64,68,70,70,70,70,70,70,72,72,72,72,72,72,72,72,72,72,74,74],"card_choices":[{"not_picked":[],"picked":"Bomb","floor":0.0},{"not_picked":["REME_ProfessionalPlagiarism","REME_BuildACard"],"picked":"Master of Strategy","floor":0.0},{"not_picked":["SashWhip","PathToVictory","Prostrate"],"picked":"SKIP","floor":1.0},{"not_picked":["AT_DivineConfetti","EmptyBody","Vengeance","Collect","Prostrate"],"picked":"SKIP","floor":2.0},{"not_picked":["FlyingSleeves","PathToVictory","AT_RealColorLess","Sanctity"],"picked":"FlurryOfBlows","floor":5.0},{"not_picked":["Weave","Worship","Meditate","ClearTheMind"],"picked":"BowlingBash","floor":6.0},{"not_picked":["MentalFortress","MostiFishMod:Nomercy","Consecrate","FlurryOfBlows","Evaluate"],"picked":"Singing Bowl","floor":7.0},{"not_picked":["MostiFishMod:LegendTransform","FollowUp","EmptyBody","MostiFishMod:ScryFuture","FlyingSleeves"],"picked":"Singing Bowl","floor":8.0},{"not_picked":["CarveReality","FlurryOfBlows","FlyingSleeves","Prostrate","Fasting2"],"picked":"Singing Bowl","floor":10.0},{"not_picked":["Evaluate","ThirdEye","Vengeance","Alpha","Prostrate"],"picked":"Singing Bowl","floor":13.0},{"not_picked":["Judgement","MostiFishMod:DustFall","MostiFishMod:StarWish","ConjureBlade"],"picked":"LessonLearned","floor":16.0},{"not_picked":["ClearTheMind","FlurryOfBlows","Protect+1","FlyingSleeves","Halt"],"picked":"Singing Bowl","floor":18.0},{"not_picked":["MostiFishMod:PathToVictory","Evaluate","FearNoEvil","Consecrate+1","Pray"],"picked":"Singing Bowl","floor":20.0},{"not_picked":["Swivel","Vengeance","JustLucky","MostiFishMod:Pointsdynamics"],"picked":"CutThroughFate+1","floor":24.0},{"not_picked":["FlurryOfBlows+1","JustLucky","Crescendo","Protect","BowlingBash"],"picked":"Singing Bowl","floor":27.0},{"not_picked":["CarveReality","BowlingBash","ThirdEye","EmptyBody","Halt"],"picked":"Singing Bowl","floor":29.0},{"not_picked":["TalkToTheHand","CrushJoints","ThirdEye+1","FlyingSleeves"],"picked":"Adaptation","floor":30.0},{"not_picked":["Wireheading","CutThroughFate","TalkToTheHand","EmptyFist+1"],"picked":"REME_CRH","floor":31.0},{"not_picked":["MostiFishMod:StarLaLaLa","MostiFishMod:StarHerder","DeusExMachina","Alpha"],"picked":"MostiFishMod:DustFall","floor":33.0},{"not_picked":["MostiFishMod:PathToVictory","FollowUp","ForeignInfluence","Sanctity+1","ThirdEye+1"],"picked":"Singing Bowl","floor":35.0},{"not_picked":["ForeignInfluence","WindmillStrike","SashWhip+1","JustLucky"],"picked":"MentalFortress","floor":37.0},{"not_picked":["AT_PowerWithin","testmod-HeadAttack","Secret Technique","Flash of Steel","Bomb"],"picked":"Singing Bowl","floor":38.0},{"not_picked":["Secret Technique","testmod-LifeRuler","testmod-RabbitOfFibonacci","AT_CelerityRune"],"picked":"testmod-PainDetonator","floor":38.0},{"not_picked":["testmod-HeadAttack","testmod-Bloodthirsty","REME_TheoryOfElimination","testmod-PocketStoneCalender","testmod-WeaknessCounterattack"],"picked":"Singing Bowl","floor":38.0},{"not_picked":["FlyingSleeves","AT_RealFormLess","FollowUp","MostiFishMod:Clarity","FlurryOfBlows+1"],"picked":"Singing Bowl","floor":39.0},{"not_picked":["SashWhip","ThirdEye","REME_Repentance","PathToVictory"],"picked":"AT_ChampionStep","floor":41.0},{"not_picked":["ClearTheMind","Halt+1","EmptyBody","EmptyFist"],"picked":"MentalFortress","floor":44.0},{"not_picked":["ThirdEye","JustLucky","Prostrate","Consecrate+1","EmptyFist+1"],"picked":"Singing Bowl","floor":45.0},{"not_picked":["JustLucky","MostiFishMod:FlowState+1","Wireheading","MostiFishMod:Minus"],"picked":"TalkToTheHand+1","floor":47.0},{"not_picked":["JustLucky","EmptyFist","FollowUp","AT_SoftenMuscles+1"],"picked":"Vault","floor":48.0},{"not_picked":["CutThroughFate","MostiFishMod:Clarity","ClearTheMind","Ragnarok","AT_OneInchPunch"],"picked":"Singing Bowl","floor":55.0}],"player_experience":853756,"relics_obtained":[{"floor":1.0,"key":"SynthV:TestCard"},{"floor":6.0,"key":"Singing Bowl"},{"floor":8.0,"key":"War Paint"},{"floor":10.0,"key":"Bronze Scales"},{"floor":13.0,"key":"HornCleat"},{"floor":14.0,"key":"Matryoshka"},{"floor":24.0,"key":"CeramicFish"},{"floor":25.0,"key":"testmod-AssaultLearning"},{"floor":25.0,"key":"Lizard Tail"},{"floor":26.0,"key":"Boot"},{"floor":29.0,"key":"Calipers"},{"floor":31.0,"key":"Bottled Tornado"},{"floor":41.0,"key":"OriginationStaff"},{"floor":43.0,"key":"AnarchistCookbook"},{"floor":44.0,"key":"AT_ImmortalShieldbow"},{"floor":46.0,"key":"AT_ForceNature"},{"floor":48.0,"key":"SalivaCoin"},{"floor":55.0,"key":"testmod-FatalChain"}],"event_choices":[{"damage_healed":0.0,"max_hp_gain":0.0,"max_hp_loss":0.0,"gold_gain":75.0,"event_name":"World of Goop","player_choice":"Gather Gold","floor":4.0,"gold_loss":0.0,"damage_taken":11.0},{"damage_healed":0.0,"max_hp_gain":5.0,"max_hp_loss":0.0,"gold_gain":0.0,"event_name":"Big Fish","player_choice":"Donut","floor":11.0,"gold_loss":0.0,"damage_taken":0.0},{"damage_healed":0.0,"max_hp_gain":0.0,"max_hp_loss":0.0,"gold_gain":0.0,"event_name":"Vampires","player_choice":"Ignored","floor":21.0,"gold_loss":0.0,"damage_taken":0.0},{"damage_healed":0.0,"max_hp_gain":0.0,"max_hp_loss":0.0,"gold_gain":400.0,"event_name":"¶÷ÂåË¹µÄÅÌ×Ó","player_choice":"Sell","floor":22.0,"relics_lost":["DaveBox"],"gold_loss":0.0,"damage_taken":0.0},{"damage_healed":0.0,"max_hp_gain":0.0,"max_hp_loss":3.0,"gold_gain":0.0,"event_name":"Winding Halls","player_choice":"Max HP","floor":36.0,"gold_loss":0.0,"damage_taken":0.0},{"damage_healed":0.0,"max_hp_gain":0.0,"max_hp_loss":0.0,"gold_gain":0.0,"event_name":"SensoryStone","player_choice":"Memory 3","floor":38.0,"gold_loss":0.0,"damage_taken":10.0},{"damage_healed":0.0,"max_hp_gain":0.0,"max_hp_loss":0.0,"gold_gain":0.0,"event_name":"MindBloom","player_choice":"Fight","floor":41.0,"gold_loss":0.0,"damage_taken":0.0}],"is_beta":false,"boss_relics":[{"not_picked":["testmod-BloodSacrificeSpiritualization","REME_DemonsWealth"],"picked":"testmod-SaigiyounoYou"},{"not_picked":[]},{"not_picked":["testmod-IncinerationGenerator","Runic Pyramid"],"picked":"testmod-Fanaticism"},{"not_picked":[]}],"items_purged_floors":[17,19,28,42],"is_endless":false,"potions_floor_spawned":[2,5,8,13,18,24,30,35,39,45],"ascension_level":20}}