{"host":"995ppxxqmb2p2due","time":1612822078,"event":{"mods":["BaseMod","Downfall","Minty Spire (QoL Compilation)","StSLib"],"gold_per_floor":[360,360,379,379,391,391,408,435,510,510,548,428,455,480,480,581,590,625,660,672,684,684],"floor_reached":21,"language":"ENG","playtime":746,"items_purged":["Normality"],"score":219,"play_id":"f9397a54-ad4f-44f5-bb03-f76f8f5f420b","local_time":"20210208170758","is_ascension_mode":true,"campfire_choices":[{"data":"Uppercut","floor":6,"key":"SMITH"},{"floor":10,"key":"REST"},{"floor":15,"key":"REST"}],"circlet_count":0,"master_deck":["Strike_R","Strike_R","Strike_R","Strike_R","Strike_R","Defend_R","Defend_R","Defend_R","Defend_R","Bash","Perfected Strike+1","Spot Weakness","Uppercut+1","Pommel Strike","Limit Break","Shrug It Off","Pommel Strike","CurseOfTheBell","Inflame","Perfected Strike"],"relics":["Burning Blood","CultistMask","Gambling Chip","CeramicFish","Blue Candle","Calling Bell","MawBank","Ornamental Fan","Charon\u0027s Ashes","Bag of Preparation"],"acts_visited":["Exordium","TheCity"],"potions_floor_usage":[7,14,19,21],"damage_taken":[{"damage":16,"enemies":"Cultist","floor":1,"turns":4},{"damage":0,"enemies":"Small Slimes","floor":3,"turns":3},{"damage":7,"enemies":"Jaw Worm","floor":5,"turns":2},{"damage":7,"enemies":"Exordium Wildlife","floor":7,"turns":3},{"damage":44,"enemies":"Lagavulin","floor":8,"turns":6},{"damage":12,"enemies":"Gremlin Nob","floor":11,"turns":3},{"damage":9,"enemies":"3 Louse","floor":13,"turns":4},{"damage":19,"enemies":"3 Sentries","floor":14,"turns":4},{"damage":38,"enemies":"The Guardian","floor":16,"turns":9},{"damage":26,"enemies":"2 Thieves","floor":18,"turns":4},{"damage":27,"enemies":"Shell Parasite","floor":19,"turns":6},{"damage":52,"enemies":"Centurion and Healer","floor":21,"turns":6}],"seed_played":"-7179422998148405339","potions_obtained":[{"floor":5,"key":"LiquidMemories"},{"floor":8,"key":"Ancient Potion"},{"floor":11,"key":"Explosive Potion"},{"floor":13,"key":"ElixirPotion"},{"floor":16,"key":"Block Potion"},{"floor":19,"key":"EssenceOfSteel"}],"is_trial":false,"path_per_floor":["M","?","M","?","M","R","M","E","T","R","E","$","M","E","R","B",null,"M","M","?","M"],"character_chosen":"IRONCLAD","items_purchased":["Shrug It Off"],"campfire_rested":2,"item_purchase_floors":[12],"current_hp_per_floor":[70,70,76,76,75,75,74,36,36,60,54,54,51,38,62,30,80,60,39,39,0,0],"gold":684,"neow_bonus":"TWO_FIFTY_GOLD","is_daily":false,"chose_seed":false,"campfire_upgraded":1,"win_rate":0.0,"timestamp":1612822078,"path_taken":["M","?","M","?","M","R","?","E","T","R","E","$","M","E","R","BOSS","M","M","?","M"],"items_purchased_type":["Card"],"build_version":"2020-12-22","purchased_purges":1,"victory":false,"max_hp_per_floor":[80,80,80,80,80,80,80,80,80,80,80,80,80,80,80,80,80,80,80,80,80,80],"card_choices":[{"not_picked":["Wild Strike","Pommel Strike"],"picked":"Perfected Strike","floor":1},{"not_picked":["Headbutt","Perfected Strike"],"picked":"Spot Weakness","floor":3},{"not_picked":["Sword Boomerang","Clash"],"picked":"Uppercut","floor":5},{"not_picked":["Shockwave","Headbutt","Burning Pact"],"picked":"SKIP","floor":7},{"not_picked":["Seeing Red","Wild Strike"],"picked":"Pommel Strike","floor":8},{"not_picked":["Power Through","Carnage"],"picked":"Limit Break","floor":11},{"not_picked":["Cleave","Seeing Red"],"picked":"Pommel Strike","floor":13},{"not_picked":["Wild Strike","Sentinel","Second Wind"],"picked":"SKIP","floor":14},{"not_picked":["Pommel Strike+1","Clash"],"picked":"Inflame","floor":18},{"not_picked":["Headbutt","Armaments+1"],"picked":"Perfected Strike","floor":19}],"player_experience":124807,"relics_obtained":[{"floor":8,"key":"Gambling Chip"},{"floor":11,"key":"CeramicFish"},{"floor":14,"key":"Blue Candle"},{"floor":17,"key":"MawBank"},{"floor":17,"key":"Ornamental Fan"},{"floor":17,"key":"Charon\u0027s Ashes"}],"event_choices":[{"damage_healed":0,"gold_gain":0,"player_choice":"Grow","damage_taken":0,"max_hp_gain":0,"max_hp_loss":0,"event_name":"Living Wall","floor":2,"gold_loss":0,"cards_upgraded":["Perfected Strike"]},{"damage_healed":0,"gold_gain":0,"player_choice":"Trade","damage_taken":0,"relics_obtained":["CultistMask"],"max_hp_gain":0,"max_hp_loss":0,"event_name":"FaceTrader","floor":4,"gold_loss":0},{"damage_healed":0,"gold_gain":0,"player_choice":"Opened","damage_taken":0,"relics_obtained":["Bag of Preparation"],"max_hp_gain":0,"max_hp_loss":0,"event_name":"The Mausoleum","floor":20,"gold_loss":0}],"is_beta":false,"boss_relics":[{"not_picked":["Runic Cube","Black Blood"],"picked":"Calling Bell"}],"items_purged_floors":[12],"is_endless":false,"potions_floor_spawned":[5,8,11,13,16,19],"killed_by":"Centurion and Healer","ascension_level":2}}