{"host":"v3qphhcqhwfpabne","time":1612799394,"event":{"mods":["100% Spire Juice","2.2 Compatiblity","AchievementEnabler","BaseMod","CapriCore","DeckTracker","KinomotoSakuraMod(ÙÊñýÜâ?)","Koishi","Marisa£¨Ùöéë¡¡Øª×âÞÞ£©","Minty Spire (QoL Compilation)","Permanent Neow","Prisma Mod","StSLib","Td1madao Mod","The Bug Knight","The Cursed","The Immortal","The Runesmith","WarShipGirlsR/??á´Ò³R mod"],"gold_per_floor":[113,133,185,185,202,227,227,262,262,35,35,51,51,76,76,174,174,187,200,200,200],"floor_reached":20,"language":"KOR","playtime":763,"items_purged":["Strike_R"],"score":255,"play_id":"403c2990-31d1-40d2-a81f-3f7c13f8e677","local_time":"20210209004954","is_ascension_mode":true,"campfire_choices":[{"data":"Whirlwind","floor":7,"key":"SMITH"},{"data":"Searing Blow","floor":11,"key":"SMITH"},{"data":"Searing Blow+1","floor":15,"key":"SMITH"}],"circlet_count":0,"master_deck":["Strike_R","Strike_R","Strike_R","Defend_R","Defend_R","Defend_R","Defend_R","Bash","Cleave","Rampage","Whirlwind+1","Seeing Red","Searing Blow+2","Iron Wave","Shockwave","Exhume","Headbutt"],"relics":["Burning Blood","NeowsBlessing","Tiny Chest","Mango","Omamori","Orrery","Odd Mushroom","Philosopher\u0027s Stone"],"acts_visited":["Exordium","TheCity"],"potions_floor_usage":[6,8,16,18],"damage_taken":[{"damage":0,"enemies":"Cultist","floor":1,"turns":1},{"damage":0,"enemies":"2 Louse","floor":2,"turns":1},{"damage":0,"enemies":"Small Slimes","floor":5,"turns":1},{"damage":58,"enemies":"3 Sentries","floor":6,"turns":9},{"damage":14,"enemies":"Gremlin Nob","floor":8,"turns":3},{"damage":18,"enemies":"Exordium Wildlife","floor":12,"turns":5},{"damage":9,"enemies":"The Mushroom Lair","floor":14,"turns":3},{"damage":0,"enemies":"Slime Boss","floor":16,"turns":7},{"damage":21,"enemies":"2 Thieves","floor":18,"turns":3},{"damage":30,"enemies":"3 Byrds","floor":19,"turns":4},{"damage":34,"enemies":"Snake Plant","floor":20,"turns":4}],"seed_played":"-9028955925985155064","potions_obtained":[{"floor":2,"key":"Regen Potion"},{"floor":6,"key":"FearPotion"},{"floor":12,"key":"AttackPotion"},{"floor":14,"key":"Energy Potion"},{"floor":18,"key":"SpeedPotion"}],"is_trial":false,"path_per_floor":["M","M","T","?","M","E","R","E","T","$","R","M","$","?","R","B",null,"M","M","M"],"character_chosen":"IRONCLAD","items_purchased":["Orrery"],"campfire_rested":0,"item_purchase_floors":[10],"current_hp_per_floor":[80,80,80,73,79,56,56,48,48,48,48,36,36,33,33,39,94,79,55,21,21],"gold":200,"neow_bonus":"THREE_ENEMY_KILL","is_daily":false,"chose_seed":false,"campfire_upgraded":3,"win_rate":0.0,"timestamp":1612799394,"path_taken":["M","?","?","?","M","E","R","E","T","$","R","M","$","?","R","BOSS","M","M","M"],"items_purchased_type":["Relic"],"build_version":"2020-12-22","purchased_purges":1,"victory":false,"max_hp_per_floor":[80,80,80,80,80,94,94,94,94,94,94,94,94,94,94,94,94,94,94,94,94],"card_choices":[{"not_picked":["Shrug It Off","Perfected Strike"],"picked":"Cleave","floor":1},{"not_picked":["Cleave","Iron Wave","Power Through"],"picked":"SKIP","floor":2},{"not_picked":["Clothesline","Headbutt"],"picked":"Rampage","floor":5},{"not_picked":["Feed","Offering"],"picked":"Whirlwind","floor":6},{"not_picked":["Spot Weakness","Clothesline"],"picked":"Seeing Red","floor":8},{"not_picked":["Twin Strike","Pommel Strike"],"picked":"Searing Blow","floor":10},{"not_picked":["Evolve","Searing Blow"],"picked":"Iron Wave","floor":10},{"not_picked":["Dark Embrace","Inflame"],"picked":"Shockwave","floor":12},{"not_picked":["Fiend Fire","Berserk"],"picked":"Exhume","floor":16},{"not_picked":["True Grit","Warcry"],"picked":"Headbutt","floor":18},{"not_picked":["Shrug It Off","Blood for Blood+1","Dark Embrace+1"],"picked":"SKIP","floor":19}],"player_experience":116357,"relics_obtained":[{"floor":3,"key":"Tiny Chest"},{"floor":6,"key":"Mango"},{"floor":8,"key":"Omamori"},{"floor":14,"key":"Odd Mushroom"}],"event_choices":[{"cards_removed":["Strike_R"],"damage_healed":0,"gold_gain":0,"player_choice":"Card Removal","damage_taken":7,"max_hp_gain":0,"max_hp_loss":0,"event_name":"Golden Wing","floor":4,"gold_loss":0},{"damage_healed":0,"gold_gain":0,"player_choice":"Fought Mushrooms","damage_taken":0,"max_hp_gain":0,"max_hp_loss":0,"event_name":"Mushrooms","floor":14,"gold_loss":0}],"is_beta":false,"boss_relics":[{"not_picked":["Runic Cube","Fusion Hammer"],"picked":"Philosopher\u0027s Stone"}],"items_purged_floors":[10],"is_endless":false,"potions_floor_spawned":[2,6,12,14,18],"killed_by":"Snake Plant","ascension_level":2}}