{"host":"roqoyek1hn7n931r","time":1612806909,"event":{"mods":["A Magickal Journey","Act Like it!","Arknights","Aspiration","BaseMod","CapriCore","Colored Map","Colored Powertips","Conspire","Downfall","Duelist Mod","GifTheSpireLib","Hermit","Hubris","Infinite Spire","Jorbs\u0027s Wanderer Trilogy","Koishi","Marisa????????","Minty Spire (QoL Compilation)","READ ME - Guardian Mod","READ ME - Snecko Mod","Reliquary","Remilia??????","Replay The Spire","Shade Mod","Shop Mod","StSLib","The Alterego","The Animator","The Bug Knight","The Cursed","The Disciple","The Forsaken","The Gatherer","The Hierophant","The Marked","The Mystic","The Necromancer","The Runesmith","The Servant 0.9.4","TheVacant"],"gold_per_floor":[99,112,128,128,148,181,235,253,269,281,297,297,70,81,91,91,91],"floor_reached":16,"language":"ENG","playtime":2241,"items_purged":[],"score":108,"play_id":"4a09c212-17f9-455d-91d2-b54723eef7de","local_time":"20210208185509","is_ascension_mode":false,"campfire_choices":[{"data":"Koishi:HauntingSlash","floor":1,"key":"SMITH"},{"floor":12,"key":"REST"}],"circlet_count":0,"master_deck":["Koishi:BasicStrike","Koishi:BasicStrike","Koishi:BasicStrike","Koishi:BasicStrike","Koishi:BasicDefend","Koishi:BasicDefend","Koishi:BasicDefend","Koishi:BasicDefend","Koishi:Provoke","Koishi:HauntingSlash+1","Koishi:ParalyzingFear","Koishi:ParalyzingFear","Injury","Koishi:RacingHeart","Koishi:SprinkleStarAndHeart+1","Koishi:GrowingPain","Koishi:DreadfulBlow","Koishi:CatchAndRose+1","Koishi:StrangeCloudFist","Koishi:RollingInRichesHeart+1","Koishi:FidgetySnatcher","Koishi:SubconsciousSweep","Koishi:YoukaiPolygraph"],"relics":["Koishi:ImaginaryFriend","Toxic Egg 2","hubris:CuriousFeather","Replay:Rubber Ducky","MerchantsRug"],"acts_visited":["Exordium"],"potions_floor_usage":[6,6,16],"damage_taken":[{"damage":2,"enemies":"Cultist","floor":2,"turns":5},{"damage":0,"enemies":"Jaw Worm","floor":3,"turns":3},{"damage":7,"enemies":"Small Slimes","floor":5,"turns":4},{"damage":22,"enemies":"3 Sentries","floor":6,"turns":9},{"damage":4,"enemies":"Blue Slaver","floor":8,"turns":3},{"damage":9,"enemies":"Red Slaver","floor":9,"turns":4},{"damage":5,"enemies":"3 Louse","floor":10,"turns":3},{"damage":14,"enemies":"Blue Slaver","floor":11,"turns":3},{"damage":5,"enemies":"downfall:FleeingMerchant","floor":13,"turns":4},{"damage":8,"enemies":"Exordium Wildlife","floor":14,"turns":3},{"damage":0,"enemies":"3 Louse","floor":15,"turns":4},{"damage":23,"enemies":"IC_STATUS_ARCHETYPE","floor":16,"turns":2}],"seed_played":"-462172004837065654","potions_obtained":[{"floor":2,"key":"champ:CounterPotion"},{"floor":3,"key":"GamblersBrew"},{"floor":10,"key":"BlessingOfTheForge"},{"floor":11,"key":"hexamod:SoulburnPotion"},{"floor":15,"key":"Strength Potion"}],"is_trial":false,"path_per_floor":["R","M","M","?","M","E","T","M","M","M","M","R","$","M","M","B"],"character_chosen":"KOISHI","items_purchased":["Koishi:FidgetySnatcher","MerchantsRug"],"campfire_rested":1,"item_purchase_floors":[13,13],"current_hp_per_floor":[66,66,66,66,59,37,37,37,28,25,14,33,28,20,20,0,0],"gold":91,"neow_bonus":"TEN_PERCENT_HP_BONUS","is_daily":false,"chose_seed":false,"campfire_upgraded":1,"win_rate":0.0,"timestamp":1612806909,"path_taken":["R","M","?","?","M","E","T","M","M","M","M","R","$","M","M","BOSS"],"items_purchased_type":["Card","Relic"],"build_version":"2020-12-22","purchased_purges":0,"victory":false,"max_hp_per_floor":[66,66,66,66,66,66,66,66,66,66,66,66,66,66,66,66,66],"card_choices":[{"not_picked":["Koishi:FreudianInstinct","Koishi:ReflexRadar"],"picked":"Koishi:ParalyzingFear","floor":2},{"not_picked":["Koishi:PhantomStrike","Koishi:StrangeCloudFist"],"picked":"Koishi:ParalyzingFear","floor":3},{"not_picked":["Koishi:SpiritedAway","Koishi:ParalyzingFear"],"picked":"Koishi:RacingHeart","floor":5},{"not_picked":["Koishi:SpiritedAway","Koishi:PhantomBarrier+1"],"picked":"Koishi:SprinkleStarAndHeart+1","floor":6},{"not_picked":["Koishi:ApparitionsStalkTheNight+1","Koishi:ReflexRadar+1"],"picked":"Koishi:GrowingPain","floor":8},{"not_picked":["Koishi:FourthEye+1","Koishi:ParalyzingFear"],"picked":"Koishi:DreadfulBlow","floor":9},{"not_picked":["Koishi:PhantomStrike","Koishi:SpiritedAway"],"picked":"Koishi:CatchAndRose+1","floor":10},{"not_picked":["Koishi:HeartfeltFancy+1","Koishi:UnconsciousUprising+1"],"picked":"Koishi:StrangeCloudFist","floor":11},{"not_picked":["Koishi:RorschachInDanmaku+1","Koishi:PhantomStrike"],"picked":"Koishi:RollingInRichesHeart+1","floor":13},{"not_picked":["Koishi:ParalyzingFear","Koishi:BloodcurdlingScream"],"picked":"Koishi:SubconsciousSweep","floor":14},{"not_picked":["Koishi:JumpScare+1","Koishi:UnconsciousUrges"],"picked":"Koishi:YoukaiPolygraph","floor":15}],"player_experience":108146,"relics_obtained":[{"floor":6,"key":"hubris:CuriousFeather"},{"floor":7,"key":"Replay:Rubber Ducky"}],"event_choices":[],"is_beta":false,"boss_relics":[],"items_purged_floors":[],"is_endless":false,"potions_floor_spawned":[2,3,10,11,15],"killed_by":"IC_STATUS_ARCHETYPE","ascension_level":0}}