{"host":"nwtxriuk34b069je","time":1612822639,"event":{"mods":["AchievementEnabler","BaseMod","Better Skull","Colored Map","Colored Powertips","Hermit","Minty Spire (QoL Compilation)","Relic Stats","StSLib"],"gold_per_floor":[109,109,127,47,64,64,126,141,141,153,170,135,150,164,164,269,319,330,330,348,127,139,151,151,151,151,151,17,29,29,64,64,64,64],"floor_reached":33,"language":"ENG","playtime":1998,"items_purged":["Strike_G","Defend_G"],"score":363,"play_id":"afefa191-daf4-4626-9ce2-18e63b746f69","local_time":"20210208161719","is_ascension_mode":false,"campfire_choices":[{"data":"Catalyst","floor":6,"key":"SMITH"},{"floor":15,"key":"REST"},{"floor":25,"key":"REST"},{"data":"Venomology","floor":27,"key":"SMITH"},{"floor":32,"key":"REST"}],"circlet_count":0,"master_deck":["Strike_G","Strike_G","Strike_G","Strike_G+1","Defend_G","Defend_G","Defend_G","Defend_G","Survivor","Neutralize","Leg Sweep","Quick Slash","Catalyst+1","Deflect","Deadly Poison","Dagger Spray","Dodge and Roll","Dash","Footwork","Venomology+1","Outmaneuver","Poisoned Stab","Catalyst+1","Caltrops","Dash","Blur+1"],"relics":["Ring of the Snake","Eternal Feather","Regal Pillow","Tiny House","Bronze Scales","Shuriken","Ginger"],"acts_visited":["Exordium","TheCity"],"potions_floor_usage":[7,7,7,20,22,23,24,24,24,31,31,31,31,33,33,33],"damage_taken":[{"damage":7,"enemies":"2 Louse","floor":1,"turns":4},{"damage":0,"enemies":"Cultist","floor":3,"turns":4},{"damage":0,"enemies":"Small Slimes","floor":5,"turns":3},{"damage":45,"enemies":"Lagavulin Event","floor":7,"turns":12},{"damage":2,"enemies":"2 Fungi Beasts","floor":8,"turns":4},{"damage":0,"enemies":"Exordium Wildlife","floor":10,"turns":4},{"damage":14,"enemies":"Exordium Thugs","floor":11,"turns":5},{"damage":0,"enemies":"Looter","floor":13,"turns":3},{"damage":0,"enemies":"Exordium Wildlife","floor":14,"turns":5},{"damage":37,"enemies":"The Guardian","floor":16,"turns":13},{"damage":33,"enemies":"Shell Parasite","floor":18,"turns":11},{"damage":0,"enemies":"Chosen","floor":20,"turns":5},{"damage":8,"enemies":"Snecko","floor":22,"turns":5},{"damage":21,"enemies":"Snake Plant","floor":23,"turns":5},{"damage":0,"enemies":"3 Cultists","floor":24,"turns":3},{"damage":23,"enemies":"Chosen and Byrds","floor":29,"turns":7},{"damage":15,"enemies":"Gremlin Leader","floor":31,"turns":6},{"damage":76,"enemies":"Champ","floor":33,"turns":12}],"seed_played":"8505257614201281369","potions_obtained":[{"floor":1,"key":"Fire Potion"},{"floor":2,"key":"SteroidPotion"},{"floor":2,"key":"SteroidPotion"},{"floor":7,"key":"SteroidPotion"},{"floor":17,"key":"SmokeBomb"},{"floor":31,"key":"BlessingOfTheForge"}],"is_trial":true,"path_per_floor":["M","?","M","$","M","R","?","M","T","M","M","?","M","M","R","B",null,"M","?","M","$","M","M","M","R","T","R","$","M","?","E","R","B"],"character_chosen":"THE_SILENT","items_purchased":["Catalyst","Bronze Scales","Caltrops"],"campfire_rested":3,"item_purchase_floors":[4,21,28],"current_hp_per_floor":[63,63,63,63,63,63,18,16,16,16,2,19,19,19,67,30,75,42,42,42,42,34,13,13,62,62,74,74,51,37,22,76,0,0],"gold":64,"neow_bonus":"","is_daily":false,"chose_seed":false,"campfire_upgraded":2,"win_rate":0.0,"timestamp":1612822639,"path_taken":["M","?","?","$","M","R","?","M","T","M","M","?","M","M","R","BOSS","M","?","M","?","M","M","M","R","T","R","$","M","?","E","R","BOSS"],"items_purchased_type":["Card","Relic","Card"],"build_version":"2020-12-22","purchased_purges":2,"victory":false,"max_hp_per_floor":[70,70,70,70,70,70,70,70,70,70,70,70,70,70,70,70,75,75,75,75,75,75,75,75,75,75,75,75,75,80,80,80,80,80],"relic_stats":{"Regal Pillow":45,"counters":[18,111],"Shuriken":[3],"Bronze Scales":[121],"Eternal Feather":51,"Ginger":[4],"obtain_stats":[{"Regal Pillow":9,"Tiny House":17,"Shuriken":26,"Bronze Scales":21,"Eternal Feather":7,"Ginger":31,"Ring of the Snake":0},{"Regal Pillow":5,"Tiny House":10,"Shuriken":15,"Bronze Scales":12,"Eternal Feather":3,"Ginger":17,"Ring of the Snake":0},{"Regal Pillow":27,"Tiny House":57,"Shuriken":86,"Bronze Scales":73,"Eternal Feather":11,"Ginger":99,"Ring of the Snake":0}],"Ring of the Snake":[36]},"card_choices":[{"not_picked":["Poisoned Stab","Finisher"],"picked":"Leg Sweep","floor":1},{"not_picked":["All Out Attack","Dagger Throw"],"picked":"Quick Slash","floor":3},{"not_picked":["Backflip","Dagger Throw"],"picked":"Deflect","floor":5},{"not_picked":["Poisoned Stab","Dash"],"picked":"Deadly Poison","floor":7},{"not_picked":["Sucker Punch","Underhanded Strike","Distraction"],"picked":"SKIP","floor":8},{"not_picked":["A Thousand Cuts","Backflip"],"picked":"Dagger Spray","floor":10},{"not_picked":["Masterful Stab","Accuracy"],"picked":"Dodge and Roll","floor":11},{"not_picked":["Distraction","Acrobatics"],"picked":"Dash","floor":13},{"not_picked":["Quick Slash","PiercingWail"],"picked":"Footwork","floor":14},{"not_picked":["Phantasmal Killer","A Thousand Cuts"],"picked":"Venomology","floor":16},{"not_picked":["Blade Dance","Flying Knee"],"picked":"Outmaneuver","floor":17},{"not_picked":["Heel Hook","Underhanded Strike"],"picked":"Poisoned Stab","floor":18},{"not_picked":["Underhanded Strike","Outmaneuver","A Thousand Cuts"],"picked":"SKIP","floor":20},{"not_picked":["Outmaneuver+1","Flying Knee","Calculated Gamble+1"],"picked":"SKIP","floor":22},{"not_picked":["Backflip+1","Riddle With Holes+1","Infinite Blades+1"],"picked":"SKIP","floor":23},{"not_picked":["Backflip+1","Outmaneuver"],"picked":"Dash","floor":29},{"not_picked":["Cloak And Dagger+1","Masterful Stab"],"picked":"Blur+1","floor":31}],"player_experience":525378,"relics_obtained":[{"floor":9,"key":"Regal Pillow"},{"floor":26,"key":"Shuriken"},{"floor":31,"key":"Ginger"}],"event_choices":[{"damage_healed":0,"gold_gain":0,"player_choice":"Got Potions","damage_taken":0,"max_hp_gain":0,"max_hp_loss":0,"event_name":"Lab","floor":2,"gold_loss":0},{"damage_healed":0,"gold_gain":0,"player_choice":"Searched \u00272\u0027 times","damage_taken":0,"relics_obtained":["Eternal Feather"],"max_hp_gain":0,"max_hp_loss":0,"event_name":"Dead Adventurer","floor":7,"gold_loss":0},{"damage_healed":17,"gold_gain":0,"player_choice":"Healed","damage_taken":0,"max_hp_gain":0,"max_hp_loss":0,"event_name":"The Cleric","floor":12,"gold_loss":35},{"damage_healed":0,"gold_gain":0,"player_choice":"Copied","damage_taken":0,"max_hp_gain":0,"max_hp_loss":0,"event_name":"Duplicator","floor":19,"gold_loss":0,"cards_obtained":["Catalyst"]},{"damage_healed":0,"gold_gain":0,"player_choice":"Shed Blood","damage_taken":19,"max_hp_gain":5,"max_hp_loss":0,"event_name":"Forgotten Altar","floor":30,"gold_loss":0}],"is_beta":false,"boss_relics":[{"not_picked":["Velvet Choker","Snecko Eye"],"picked":"Tiny House"}],"items_purged_floors":[21,28],"is_endless":true,"potions_floor_spawned":[1,5,7,20,22,24,31],"killed_by":"Champ","ascension_level":0}}