{"host":"kig4ty9d1aubg29s","time":1612759919,"event":{"mods":["BaseMod","Minty Spire (QoL Compilation)","READ ME - Guardian Mod","READ ME - Snecko Mod","StSLib","The Cursed","The Gatherer","The Hierophant","The Runesmith"],"gold_per_floor":[112,112,128,128,149,149,184,204,204,204,235,235,250,324,324,420,420,443,479,74,74,97,97,97],"floor_reached":23,"language":"KOR","playtime":3917,"items_purged":["Parasite"],"score":368,"play_id":"2a25272d-d456-43a4-b8e0-d39a9cb8e079","local_time":"20210208135159","is_ascension_mode":true,"campfire_choices":[{"data":"Distraction","floor":6,"key":"SMITH"},{"floor":12,"key":"REST"},{"data":"Noxious Fumes","floor":15,"key":"SMITH"}],"circlet_count":0,"master_deck":["AscendersBane","Strike_G","Strike_G","Strike_G","Strike_G","Strike_G","Defend_G","Defend_G","Defend_G","Defend_G","Defend_G","Survivor","Neutralize","Flying Knee","Distraction+1","Backstab","Caltrops","Noxious Fumes+1","Poisoned Stab","Bane","Bouncing Flask","Bane","Venomology","Deadly Poison","Crippling Poison","Sucker Punch","Crippling Poison+1","Slice"],"relics":["Ring of the Snake","Golden Idol","TungstenRod","Lizard Tail","Potion Belt","Prayer Wheel","Lantern","SacredBark","Red Mask","Ginger"],"acts_visited":["Exordium","TheCity"],"potions_floor_usage":[8,16,18,19,22,22],"damage_taken":[{"damage":3,"enemies":"Jaw Worm","floor":1,"turns":6},{"damage":6,"enemies":"Small Slimes","floor":3,"turns":5},{"damage":5,"enemies":"2 Louse","floor":5,"turns":5},{"damage":27,"enemies":"3 Sentries","floor":7,"turns":12},{"damage":5,"enemies":"Blue Slaver","floor":8,"turns":3},{"damage":48,"enemies":"Lagavulin","floor":11,"turns":8},{"damage":0,"enemies":"Large Slime","floor":13,"turns":6},{"damage":11,"enemies":"3 Sentries","floor":14,"turns":8},{"damage":8,"enemies":"Hexaghost","floor":16,"turns":9},{"damage":2,"enemies":"2 Thieves","floor":18,"turns":4},{"damage":44,"enemies":"Masked Bandits","floor":19,"turns":5},{"damage":12,"enemies":"Shell Parasite","floor":22,"turns":4},{"damage":8,"enemies":"Book of Stabbing","floor":23,"turns":2}],"seed_played":"-1142019010769823812","potions_obtained":[{"floor":5,"key":"CunningPotion"},{"floor":7,"key":"FearPotion"},{"floor":13,"key":"GhostInAJar"},{"floor":16,"key":"Ancient Potion"},{"floor":19,"key":"Explosive Potion"}],"is_trial":false,"path_per_floor":["M","?","M","?","M","R","E","M","T","T","E","R","M","?","R","B",null,"M","?","$","?","M","E"],"character_chosen":"THE_SILENT","items_purchased":["Ginger"],"campfire_rested":1,"item_purchase_floors":[20],"current_hp_per_floor":[68,68,62,62,57,57,30,25,25,25,22,45,45,34,34,26,65,63,19,19,19,7,0,0],"gold":97,"neow_bonus":"TWENTY_PERCENT_HP_BONUS","is_daily":false,"chose_seed":false,"campfire_upgraded":2,"win_rate":0.0,"timestamp":1612759919,"path_taken":["M","?","M","?","M","R","E","M","T","?","E","R","M","?","R","BOSS","M","?","$","?","M","E"],"items_purchased_type":["Relic"],"build_version":"2020-12-22","purchased_purges":1,"victory":false,"max_hp_per_floor":[78,78,78,78,78,78,78,78,78,78,78,78,78,78,78,78,78,78,78,75,75,75,75,75],"card_choices":[{"not_picked":["Prepared","Dagger Throw"],"picked":"Flying Knee","floor":1},{"not_picked":["Dagger Throw","Blur"],"picked":"Distraction","floor":3},{"not_picked":["Dagger Throw","Acrobatics"],"picked":"Backstab","floor":5},{"not_picked":["Distraction","Unload"],"picked":"Caltrops","floor":7},{"not_picked":["Dagger Spray","Quick Slash"],"picked":"Noxious Fumes","floor":8},{"not_picked":["Malaise","Outmaneuver"],"picked":"Poisoned Stab","floor":11},{"not_picked":["Prepared","Underhanded Strike"],"picked":"Bane","floor":13},{"not_picked":["Escape Plan","Setup"],"picked":"Bouncing Flask","floor":13},{"not_picked":["Flying Knee","Endless Agony"],"picked":"Bane","floor":14},{"not_picked":["Grand Finale","Phantasmal Killer"],"picked":"Venomology","floor":16},{"not_picked":["Expertise","Backflip"],"picked":"Deadly Poison","floor":18},{"not_picked":["Flying Knee","Setup"],"picked":"Crippling Poison","floor":18},{"not_picked":["Prepared","Reflex"],"picked":"Sucker Punch","floor":19},{"not_picked":["PiercingWail","Backflip"],"picked":"Crippling Poison+1","floor":22},{"not_picked":["Prepared","Dodge and Roll"],"picked":"Slice","floor":22}],"player_experience":1967760,"relics_obtained":[{"floor":7,"key":"TungstenRod"},{"floor":9,"key":"Lizard Tail"},{"floor":10,"key":"Potion Belt"},{"floor":11,"key":"Prayer Wheel"},{"floor":19,"key":"Red Mask"}],"event_choices":[{"damage_healed":0,"gold_gain":0,"player_choice":"Take Wound","damage_taken":0,"relics_obtained":["Golden Idol"],"max_hp_gain":0,"max_hp_loss":0,"event_name":"Golden Idol","floor":2,"gold_loss":0,"cards_obtained":["Injury"]},{"cards_removed":["Injury"],"damage_healed":0,"gold_gain":0,"player_choice":"Forget","damage_taken":0,"max_hp_gain":0,"max_hp_loss":0,"event_name":"Living Wall","floor":4,"gold_loss":0},{"damage_healed":0,"gold_gain":0,"player_choice":"Searched \u00272\u0027 times","damage_taken":0,"relics_obtained":["Lantern"],"max_hp_gain":0,"max_hp_loss":0,"event_name":"Dead Adventurer","floor":14,"gold_loss":0},{"damage_healed":0,"gold_gain":0,"player_choice":"Fought Bandits","damage_taken":0,"max_hp_gain":0,"max_hp_loss":0,"event_name":"Masked Bandits","floor":19,"gold_loss":0},{"damage_healed":0,"gold_gain":0,"player_choice":"Ignored","damage_taken":0,"max_hp_gain":0,"max_hp_loss":0,"event_name":"Ghosts","floor":21,"gold_loss":0}],"is_beta":false,"boss_relics":[{"not_picked":["Cursed Key","Astrolabe"],"picked":"SacredBark"}],"items_purged_floors":[20],"is_endless":false,"potions_floor_spawned":[5,7,13,16,19],"killed_by":"Book of Stabbing","ascension_level":17}}