{"host":"bxn2em57qlx5u4i0","time":1612822264,"event":{"mods":["BaseMod","Colored Map","Colored Powertips","Highlight Path","Minty Spire (QoL Compilation)","Random Character Button","Relic Sorter","Relic Stats","StSLib","SuperFastMode"],"gold_per_floor":[114,134,35,35,110,110,136,136,136,167,177,196,231,248,248,325,325,338,350,350,55,84,84,114,114,114,114,114,133,133,152,152,230,230,245,145,159,169,44,44,44,44],"floor_reached":41,"language":"ENG","playtime":1334,"items_purged":["Writhe","Decay","Defend_G"],"score":958,"play_id":"cafb362d-1c8a-4882-8f7b-eddd0e8c1bdc","local_time":"20210208171104","is_ascension_mode":true,"campfire_choices":[{"data":"Deadly Poison","floor":6.0,"key":"SMITH"},{"data":"Footwork","floor":8.0,"key":"SMITH"},{"data":"Tactician","floor":15.0,"key":"SMITH"},{"data":"Burst","floor":23.0,"key":"SMITH"},{"data":"Tactician","floor":27.0,"key":"SMITH"},{"floor":30,"key":"REST"},{"data":"Catalyst","floor":32,"key":"SMITH"},{"data":"Noxious Fumes","floor":40,"key":"SMITH"}],"circlet_count":0,"master_deck":["AscendersBane","Strike_G","Strike_G","Strike_G+1","Defend_G","Defend_G","Defend_G","Defend_G","Survivor","Neutralize","Dagger Throw","Deadly Poison+1","Footwork+1","Dash+1","Burst+1","Leg Sweep","Tactician+1","Prepared","Dagger Throw","Envenom","Noxious Fumes+1","Prepared","PiercingWail","Tactician+1","Venomology","Catalyst+1","Malaise","Deflect"],"relics":["Ring of the Snake","NeowsBlessing","White Beast Statue","Pen Nib","Bronze Scales","Orichalcum","Runic Pyramid","StrikeDummy","Vajra","Red Mask","Whetstone","Pear","HoveringKite"],"acts_visited":["Exordium","TheCity","TheBeyond"],"potions_floor_usage":[35,37,37,38,41,41,41,41],"damage_taken":[{"damage":0.0,"enemies":"Cultist","floor":1.0,"turns":1.0},{"damage":0.0,"enemies":"2 Louse","floor":2.0,"turns":1.0},{"damage":0.0,"enemies":"Gremlin Nob","floor":7.0,"turns":1.0},{"damage":19.0,"enemies":"3 Sentries","floor":10.0,"turns":13.0},{"damage":1.0,"enemies":"Jaw Worm","floor":11.0,"turns":4.0},{"damage":0.0,"enemies":"2 Fungi Beasts","floor":12.0,"turns":3.0},{"damage":10.0,"enemies":"Gremlin Nob","floor":13.0,"turns":5.0},{"damage":3.0,"enemies":"Looter","floor":14.0,"turns":3.0},{"damage":12.0,"enemies":"The Guardian","floor":16.0,"turns":11.0},{"damage":1.0,"enemies":"Chosen","floor":18.0,"turns":5.0},{"damage":7.0,"enemies":"Shell Parasite","floor":19.0,"turns":6.0},{"damage":41.0,"enemies":"Masked Bandits","floor":22.0,"turns":4.0},{"damage":18.0,"enemies":"Slavers","floor":24.0,"turns":7.0},{"damage":7,"enemies":"Snecko","floor":29,"turns":7},{"damage":0,"enemies":"Centurion and Healer","floor":31,"turns":7},{"damage":16,"enemies":"Automaton","floor":33,"turns":6},{"damage":10,"enemies":"Orb Walker","floor":35,"turns":6},{"damage":19,"enemies":"3 Darklings","floor":37,"turns":7},{"damage":4,"enemies":"Jaw Worm Horde","floor":38,"turns":5},{"damage":37,"enemies":"Nemesis","floor":41,"turns":8}],"seed_played":"144873942836297839","potions_obtained":[{"floor":7.0,"key":"SteroidPotion"},{"floor":10.0,"key":"Ancient Potion"},{"floor":11.0,"key":"FearPotion"},{"floor":13.0,"key":"Energy Potion"},{"floor":14.0,"key":"GamblersBrew"},{"floor":16.0,"key":"Regen Potion"},{"floor":22.0,"key":"Block Potion"},{"floor":24.0,"key":"Weak Potion"},{"floor":29,"key":"Block Potion"},{"floor":33,"key":"GamblersBrew"},{"floor":35,"key":"Dexterity Potion"},{"floor":37,"key":"Poison Potion"}],"is_trial":false,"path_per_floor":["M","M","$","?","?","R","E","R","T","E","M","M","E","M","R","B",null,"M","M","?","$","?","R","E","?","T","R","?","M","R","M","R","B",null,"M","$","M","M","$","R","E"],"character_chosen":"THE_SILENT","items_purchased":["Deadly Poison","Footwork","Prepared","Vajra"],"campfire_rested":1,"item_purchase_floors":[3,3,21,21],"current_hp_per_floor":[59,59,59,64,53,53,53,53,53,34,33,33,23,20,20,8,55,54,47,47,47,20,20,2,2,12,12,12,5,29,29,29,13,64,54,54,35,31,31,31,0,0],"gold":44,"neow_bonus":"THREE_ENEMY_KILL","is_daily":false,"chose_seed":false,"campfire_upgraded":7,"win_rate":0.0,"timestamp":1612822264,"path_taken":["M","?","$","?","?","R","E","R","T","E","M","M","E","M","R","BOSS","M","M","?","$","?","R","E","?","T","R","?","M","R","M","R","BOSS","M","$","M","M","$","R","E"],"items_purchased_type":["Card","Card","Card","Relic"],"build_version":"2020-12-22","purchased_purges":3,"victory":false,"max_hp_per_floor":[66,66,66,71,71,71,71,71,71,71,71,71,71,71,71,71,71,71,71,71,71,71,71,71,71,81,81,81,81,81,81,81,81,81,81,81,81,81,81,81,81,81],"relic_stats":{"counters":[20,110],"Bronze Scales":[256],"HoveringKite":[18],"Pen Nib":[14],"Whetstone":["Strike_G","Dash"],"Orichalcum":[138],"obtain_stats":[{"Pear":26,"NeowsBlessing":0,"Vajra":21,"HoveringKite":34,"Pen Nib":9,"Whetstone":24,"Orichalcum":13,"White Beast Statue":7,"Bronze Scales":10,"Red Mask":22,"StrikeDummy":20,"Ring of the Snake":0,"Runic Pyramid":17},{"Pear":13,"NeowsBlessing":0,"Vajra":11,"HoveringKite":16,"Pen Nib":3,"Whetstone":13,"Orichalcum":7,"White Beast Statue":3,"Bronze Scales":4,"Red Mask":12,"StrikeDummy":11,"Ring of the Snake":0,"Runic Pyramid":9},{"Pear":64,"NeowsBlessing":0,"Vajra":53,"HoveringKite":84,"Pen Nib":3,"Whetstone":64,"Orichalcum":28,"White Beast Statue":3,"Bronze Scales":16,"Red Mask":57,"StrikeDummy":53,"Ring of the Snake":0,"Runic Pyramid":42}],"Ring of the Snake":[40]},"card_choices":[{"not_picked":["Slice","Backflip"],"picked":"Dagger Throw","floor":1.0},{"not_picked":["Finisher","Prepared","Slice"],"picked":"SKIP","floor":2.0},{"not_picked":["Choke","Setup"],"picked":"Dash","floor":7.0},{"not_picked":["Underhanded Strike","Dodge and Roll"],"picked":"Burst","floor":10.0},{"not_picked":["Skewer","Deflect"],"picked":"Leg Sweep","floor":11.0},{"not_picked":["Prepared","Quick Slash"],"picked":"Tactician","floor":12.0},{"not_picked":["Poisoned Stab","Dagger Throw"],"picked":"Prepared","floor":13.0},{"not_picked":["Sucker Punch","Flying Knee"],"picked":"Dagger Throw","floor":14.0},{"not_picked":["Storm of Steel","Glass Knife"],"picked":"Envenom","floor":16.0},{"not_picked":["Backflip","Outmaneuver+1"],"picked":"Noxious Fumes","floor":18.0},{"not_picked":["Blade Dance","Dodge and Roll","Sucker Punch+1"],"picked":"SKIP","floor":19.0},{"not_picked":["Sucker Punch","Dash"],"picked":"PiercingWail","floor":22.0},{"not_picked":["Outmaneuver","Deadly Poison","All Out Attack"],"picked":"SKIP","floor":24.0},{"not_picked":["Storm of Steel","Poisoned Stab"],"picked":"Catalyst","floor":29},{"not_picked":["Flying Knee","Choke","PiercingWail"],"picked":"SKIP","floor":31},{"not_picked":["Venomology","Die Die Die"],"picked":"Malaise","floor":33},{"not_picked":["PiercingWail","Outmaneuver"],"picked":"Deflect","floor":35},{"not_picked":["Deflect","Accuracy","Bane"],"picked":"SKIP","floor":37},{"not_picked":["Caltrops","Setup","Dagger Throw"],"picked":"SKIP","floor":38}],"player_experience":3019949,"relics_obtained":[{"floor":7.0,"key":"White Beast Statue"},{"floor":9.0,"key":"Pen Nib"},{"floor":10.0,"key":"Bronze Scales"},{"floor":13.0,"key":"Orichalcum"},{"floor":22.0,"key":"Red Mask"},{"floor":24.0,"key":"Whetstone"},{"floor":26.0,"key":"Pear"}],"event_choices":[{"damage_healed":0.0,"max_hp_gain":5.0,"max_hp_loss":0.0,"gold_gain":0.0,"event_name":"Big Fish","player_choice":"Donut","floor":4.0,"gold_loss":0.0,"damage_taken":0.0},{"damage_healed":0.0,"max_hp_gain":0.0,"max_hp_loss":0.0,"gold_gain":75.0,"event_name":"World of Goop","player_choice":"Gather Gold","floor":5.0,"gold_loss":0.0,"damage_taken":11.0},{"damage_healed":0.0,"max_hp_gain":0.0,"max_hp_loss":0.0,"gold_gain":0.0,"event_name":"The Mausoleum","player_choice":"Opened","floor":20.0,"gold_loss":0.0,"damage_taken":0.0,"relics_obtained":["StrikeDummy"],"cards_obtained":["Writhe"]},{"damage_healed":0.0,"max_hp_gain":0.0,"max_hp_loss":0.0,"gold_gain":0.0,"event_name":"Masked Bandits","player_choice":"Fought Bandits","floor":22.0,"gold_loss":0.0,"damage_taken":0.0},{"damage_healed":0.0,"max_hp_gain":0.0,"max_hp_loss":0.0,"gold_gain":0.0,"cards_transformed":["Strike_G","Strike_G"],"event_name":"Drug Dealer","player_choice":"Became Test Subject","floor":25.0,"gold_loss":0.0,"damage_taken":0.0,"cards_obtained":["Tactician","Venomology"]},{"damage_healed":0.0,"max_hp_gain":0.0,"max_hp_loss":0.0,"gold_gain":0.0,"event_name":"Forgotten Altar","player_choice":"Smashed Altar","floor":28.0,"gold_loss":0.0,"damage_taken":0.0,"cards_obtained":["Decay"]}],"is_beta":false,"boss_relics":[{"not_picked":["WristBlade","SlaversCollar"],"picked":"Runic Pyramid"},{"not_picked":["Coffee Dripper","Busted Crown"],"picked":"HoveringKite"}],"items_purged_floors":[21,36,39],"is_endless":false,"potions_floor_spawned":[7,10,11,12,13,14,16,18,19,22,24,29,31,33,35,37,38],"killed_by":"Nemesis","ascension_level":20}}