{"host":"g1qzxxy7a24sg3a3","time":1612755804,"event":{"mods":["ATMod(阿瑾Mod)","Act Like it!","Arknights","BaseMod","Custom Start","Gensokyo","GungeonMod","Hallownest","Lobotomy","LobotomyExtend","Minty Spire (QoL Compilation)","MostiFishMod","Pale of the Ancients","Replay The Spire","SOS（斯巴达之子）","Shop Mod","Spicy Shops","StSLib","TestMod","The Administrix","The Bug Knight","Waifu the Spire","WarShipGirlsR/战舰少女R mod","【遗物卡牌】REMEMod","残留之物"],"gold_per_floor":[113,21,21,21,33,33,63,74,127,52,52,52,86,86,86,86,86],"floor_reached":16,"language":"ZHS","playtime":235,"items_purged":["Strike_R"],"score":131,"play_id":"7043aea3-52a9-4d12-b863-890cc99b5a80","local_time":"20210208114324","is_ascension_mode":false,"campfire_choices":[{"data":"Entrench","floor":6.0,"key":"SMITH"},{"floor":11.0,"key":"RECALL"},{"data":"Entrench","floor":15.0,"key":"SMITH"}],"circlet_count":0,"master_deck":["Strike_R","Strike_R","Strike_R","Strike_R","Defend_R","Defend_R","Defend_R","Defend_R","Bash","Entrench+1","Shrug It Off","Entrench+1","Parasite"],"relics":["Burning Blood","NeowsBlessing","Strawberry","Red Skull","Self Forming Clay","Oddly Smooth Stone"],"acts_visited":[],"potions_floor_usage":[],"damage_taken":[{"damage":0.0,"enemies":"Cultist","floor":1.0,"turns":1.0},{"damage":0.0,"enemies":"Jaw Worm","floor":5.0,"turns":1.0},{"damage":0.0,"enemies":"Lagavulin","floor":7.0,"turns":1.0},{"damage":2.0,"enemies":"Small Slimes","floor":8.0,"turns":4.0},{"damage":70.0,"enemies":"Gremlin Nob","floor":13.0,"turns":7.0},{"damage":0,"enemies":"Hexaghost","floor":16,"turns":1}],"seed_played":"-4295872785095254140","potions_obtained":[{"floor":5.0,"key":"FairyPotion"},{"floor":7.0,"key":"Block Potion"},{"floor":13.0,"key":"PowerPotion"}],"is_trial":false,"path_per_floor":["M","$","?","T","M","R","E","M","T","$","R","$","E","?","R","B"],"character_chosen":"IRONCLAD","items_purchased":["Entrench","Shrug It Off"],"campfire_rested":0,"item_purchase_floors":[2,2],"current_hp_per_floor":[80,80,84,84,87,87,87,87,87,87,87,87,23,44,44,44,44],"gold":86,"neow_bonus":"THREE_ENEMY_KILL","is_daily":false,"chose_seed":false,"campfire_upgraded":2,"win_rate":0.0,"timestamp":1612755804,"path_taken":["M","$","?","?","M","R","E","?","T","?","R","$","E","?","R","BOSS"],"items_purchased_type":["Card","Card"],"build_version":"2020-12-22","purchased_purges":1,"victory":false,"max_hp_per_floor":[80,80,87,87,87,87,87,87,87,87,87,87,87,87,87,87,87],"card_choices":[{"not_picked":["Twin Strike","Clothesline","Cleave"],"picked":"SKIP","floor":1.0},{"not_picked":["Warcry","Pommel Strike","Flex"],"picked":"SKIP","floor":5.0},{"not_picked":["Bloodletting","Dark Embrace"],"picked":"Entrench","floor":7.0},{"not_picked":["Heavy Blade","Flex","Evolve"],"picked":"SKIP","floor":8.0},{"not_picked":["Fiend Fire","True Grit","Warcry"],"picked":"SKIP","floor":13.0}],"player_experience":79578,"relics_obtained":[{"floor":4.0,"key":"Red Skull"},{"floor":7.0,"key":"Self Forming Clay"},{"floor":13.0,"key":"Oddly Smooth Stone"}],"event_choices":[{"damage_healed":0.0,"max_hp_gain":0.0,"max_hp_loss":0.0,"gold_gain":0.0,"event_name":"Scrap Ooze","player_choice":"Success","floor":3.0,"gold_loss":0.0,"damage_taken":3.0,"relics_obtained":["Strawberry"]},{"damage_healed":21.0,"max_hp_gain":0.0,"max_hp_loss":0.0,"gold_gain":0.0,"event_name":"Mushrooms","player_choice":"Healed and dodged fight","floor":14.0,"gold_loss":0.0,"damage_taken":0.0,"cards_obtained":["Parasite"]}],"is_beta":false,"boss_relics":[],"items_purged_floors":[10],"is_endless":false,"potions_floor_spawned":[5,7,13],"killed_by":"Hexaghost","ascension_level":0}}