{"host":"r4aerl4ckfvw1dw3","time":1612775034,"event":{"mods":["BaseMod","BetterRewards","Minty Spire (QoL Compilation)","Quick Restart","StSLib"],"gold_per_floor":[115,135,210,220,21,21,34,47,115,115,127,127,127,145,145,244,244,257,277,291,291,311,311,343,355,355,370,370,370,402,232,232,335,335,348,361,97,107,107,141,161,192,192,208,208,224,184,194,194,194,194,194,11,37,37],"floor_reached":56,"language":"ENG","playtime":6540,"items_purged":["Strike_G","Strike_G","Strike_G"],"score":1633,"play_id":"2006a6f1-47eb-410e-b111-e140f09d7f13","local_time":"20210208010354","is_ascension_mode":true,"campfire_choices":[{"floor":6,"key":"REST"},{"floor":10,"key":"REST"},{"floor":13,"key":"REST"},{"data":"Noxious Fumes","floor":15,"key":"SMITH"},{"floor":23,"key":"REST"},{"floor":28,"key":"REST"},{"floor":32,"key":"RECALL"},{"floor":45,"key":"REST"},{"floor":49,"key":"REST"},{"floor":52,"key":"REST"}],"circlet_count":0,"master_deck":["Defend_G","Defend_G","Defend_G","Defend_G","Defend_G","Survivor","Neutralize","Venomology","Dagger Spray+1","Noxious Fumes+1","Footwork","Footwork","Deadly Poison","Acrobatics","Dodge and Roll","Glass Knife","Poisoned Stab+1","PiercingWail","Deflect","Dodge and Roll","After Image","Blur","Necronomicurse","Backflip+1","Noxious Fumes","Sucker Punch","After Image+1","Reflex+1","Deflect+1","Parasite","Dagger Throw+1","Malaise","Blur","Leg Sweep+1","Backflip","PiercingWail+1","Wraith Form v2","Venomology"],"relics":["Ring of the Snake","Membership Card","Sundial","Fusion Hammer","Thread and Needle","The Specimen","Necronomicon","Pen Nib","Medical Kit","Black Star","Paper Crane","ClockworkSouvenir","Shuriken","Art of War","White Beast Statue","Lizard Tail","Bronze Scales","Ornamental Fan","Turnip"],"acts_visited":["Exordium","TheCity","TheBeyond","TheEnding"],"potions_floor_usage":[2,4,7,8,8,11,14,16,18,18,19,20,20,22,22,24,24,24,27,30,30,33,36,36,40,41,41,42,42,42,46,48,50,50,50,54,55,55,55],"damage_taken":[{"damage":6,"enemies":"Jaw Worm","floor":1,"turns":6},{"damage":0,"enemies":"Small Slimes","floor":2,"turns":3},{"damage":0,"enemies":"Cultist","floor":4,"turns":4},{"damage":43,"enemies":"Gremlin Gang","floor":7,"turns":4},{"damage":0,"enemies":"Exordium Wildlife","floor":8,"turns":4},{"damage":0,"enemies":"3 Louse","floor":11,"turns":2},{"damage":1,"enemies":"Gremlin Gang","floor":14,"turns":3},{"damage":13,"enemies":"Hexaghost","floor":16,"turns":11},{"damage":3,"enemies":"Shell Parasite","floor":18,"turns":6},{"damage":1,"enemies":"Chosen","floor":19,"turns":5},{"damage":6,"enemies":"Centurion and Healer","floor":20,"turns":9},{"damage":7,"enemies":"Cultist and Chosen","floor":22,"turns":10},{"damage":11,"enemies":"Book of Stabbing","floor":24,"turns":6},{"damage":0,"enemies":"Sentry and Sphere","floor":25,"turns":6},{"damage":1,"enemies":"Snake Plant","floor":27,"turns":5},{"damage":0,"enemies":"Gremlin Leader","floor":30,"turns":6},{"damage":10,"enemies":"Automaton","floor":33,"turns":10},{"damage":3,"enemies":"3 Shapes","floor":35,"turns":5},{"damage":14,"enemies":"3 Darklings","floor":36,"turns":6},{"damage":0,"enemies":"Writhing Mass","floor":38,"turns":10},{"damage":0,"enemies":"Nemesis","floor":40,"turns":11},{"damage":0,"enemies":"Sphere and 2 Shapes","floor":41,"turns":7},{"damage":20,"enemies":"Giant Head","floor":42,"turns":11},{"damage":6,"enemies":"Spire Growth","floor":44,"turns":9},{"damage":0,"enemies":"Maw","floor":46,"turns":9},{"damage":4,"enemies":"Jaw Worm Horde","floor":48,"turns":7},{"damage":32,"enemies":"Awakened One","floor":50,"turns":21},{"damage":27,"enemies":"Shield and Spear","floor":54,"turns":10},{"damage":19,"enemies":"The Heart","floor":55,"turns":14}],"seed_played":"6871698050808361800","potions_obtained":[{"floor":1,"key":"LiquidBronze"},{"floor":7,"key":"Explosive Potion"},{"floor":8,"key":"Explosive Potion"},{"floor":18,"key":"Ancient Potion"},{"floor":20,"key":"SkillPotion"},{"floor":22,"key":"Swift Potion"},{"floor":25,"key":"Explosive Potion"},{"floor":40,"key":"LiquidMemories"},{"floor":41,"key":"PowerPotion"},{"floor":42,"key":"BlessingOfTheForge"},{"floor":48,"key":"Poison Potion"},{"floor":54,"key":"ColorlessPotion"}],"is_trial":false,"path_per_floor":["M","M","?","M","$","R","M","M","T","R","M","?","R","M","R","B",null,"M","M","M","?","M","R","E","M","T","M","R","?","E","$","R","B",null,"M","M","$","M","?","E","M","E","T","M","R","M","?","M","R","B",null,"R","$","E","B",null],"character_chosen":"THE_SILENT","items_purchased":["Membership Card","Footwork","Noxious Fumes","Medical Kit","Sucker Punch","Paper Crane","ClockworkSouvenir","Wraith Form v2","Bronze Scales","Poison Potion"],"campfire_rested":8,"item_purchase_floors":[5,5,31,31,31,37,37,53,53,53],"current_hp_per_floor":[39,39,28,28,28,49,6,6,6,27,27,27,48,47,47,34,61,58,57,51,51,44,65,54,54,54,53,70,54,54,54,54,44,64,61,47,47,47,47,47,47,42,42,36,57,57,57,53,70,38,62,70,70,43,24],"gold":37,"neow_bonus":"THREE_RARE_CARDS","is_daily":false,"chose_seed":false,"campfire_upgraded":1,"win_rate":0.0,"timestamp":1612775034,"path_taken":["M","M","?","M","$","R","M","M","T","R","M","?","R","M","R","BOSS","M","M","M","?","?","R","E","M","T","M","R","?","E","$","R","BOSS","M","M","$","M","?","E","M","E","T","M","R","M","?","M","R","BOSS","R","$","E","BOSS"],"items_purchased_type":["Relic","Card","Card","Relic","Card","Relic","Relic","Card","Relic","Potion"],"build_version":"2020-12-22","purchased_purges":3,"victory":true,"max_hp_per_floor":[70,70,70,70,70,70,70,70,70,70,70,70,70,70,70,70,70,70,70,70,70,70,70,70,70,70,70,70,70,70,70,70,70,70,70,70,70,70,70,70,70,70,70,70,70,70,70,70,70,70,70,70,70,70,70],"card_choices":[{"not_picked":["After Image","Burst"],"picked":"Venomology","floor":0},{"not_picked":["Eviscerate","Prepared"],"picked":"Dagger Spray","floor":1},{"not_picked":["Quick Slash","Sucker Punch"],"picked":"Noxious Fumes","floor":2},{"not_picked":["Outmaneuver","All Out Attack"],"picked":"Footwork","floor":4},{"not_picked":["Quick Slash","Infinite Blades"],"picked":"Deadly Poison","floor":7},{"not_picked":["Terror","Reflex"],"picked":"Dagger Throw","floor":8},{"not_picked":["Poisoned Stab","Riddle With Holes"],"picked":"Acrobatics","floor":11},{"not_picked":["Underhanded Strike","Cloak And Dagger"],"picked":"Dodge and Roll","floor":14},{"not_picked":["Grand Finale","Phantasmal Killer"],"picked":"Glass Knife","floor":16},{"not_picked":["Bane","Underhanded Strike"],"picked":"Poisoned Stab+1","floor":18},{"not_picked":["Blade Dance","Outmaneuver"],"picked":"PiercingWail","floor":19},{"not_picked":["All Out Attack","Dagger Throw"],"picked":"Deflect","floor":20},{"not_picked":["Setup","Flechettes"],"picked":"Dodge and Roll","floor":22},{"not_picked":["Underhanded Strike","Blade Dance"],"picked":"After Image","floor":24},{"not_picked":["Dodge and Roll","Flying Knee","Setup+1"],"picked":"SKIP","floor":25},{"not_picked":["Quick Slash+1","Blade Dance"],"picked":"Blur","floor":27},{"not_picked":["Slice","Flying Knee"],"picked":"Backflip+1","floor":30},{"not_picked":["Adrenaline","Venomology"],"picked":"After Image","floor":33},{"not_picked":["Dagger Throw+1","Finisher+1"],"picked":"Reflex+1","floor":35},{"not_picked":["Backstab","Blade Dance+1"],"picked":"Deflect+1","floor":36},{"not_picked":["Heel Hook","PiercingWail"],"picked":"Dagger Throw+1","floor":38},{"not_picked":["Dodge and Roll+1","Calculated Gamble+1"],"picked":"Malaise","floor":40},{"not_picked":["Flying Knee","Deflect"],"picked":"Blur","floor":41},{"not_picked":["Concentrate","Setup"],"picked":"Leg Sweep+1","floor":42},{"not_picked":["Setup+1","Deflect"],"picked":"Backflip","floor":44},{"not_picked":["Quick Slash+1","Sucker Punch+1","Dodge and Roll"],"picked":"SKIP","floor":46},{"not_picked":["Flying Knee","Dodge and Roll"],"picked":"PiercingWail+1","floor":48},{"not_picked":["Backflip","Acrobatics"],"picked":"Venomology","floor":54}],"player_experience":515589,"relics_obtained":[{"floor":9,"key":"Sundial"},{"floor":24,"key":"Thread and Needle"},{"floor":26,"key":"The Specimen"},{"floor":29,"key":"Necronomicon"},{"floor":30,"key":"Pen Nib"},{"floor":40,"key":"Shuriken"},{"floor":40,"key":"Art of War"},{"floor":42,"key":"White Beast Statue"},{"floor":42,"key":"Lizard Tail"},{"floor":54,"key":"Ornamental Fan"},{"floor":54,"key":"Turnip"}],"event_choices":[{"damage_healed":0,"gold_gain":75,"player_choice":"Gather Gold","damage_taken":11,"max_hp_gain":0,"max_hp_loss":0,"event_name":"World of Goop","floor":3,"gold_loss":0},{"cards_removed":["Strike_G"],"damage_healed":0,"gold_gain":0,"player_choice":"Purged","damage_taken":0,"max_hp_gain":0,"max_hp_loss":0,"event_name":"Purifier","floor":12,"gold_loss":0},{"cards_removed":["Strike_G"],"damage_healed":0,"gold_gain":0,"player_choice":"Purged","damage_taken":0,"max_hp_gain":0,"max_hp_loss":0,"event_name":"Purifier","floor":21,"gold_loss":0},{"damage_healed":0,"gold_gain":0,"player_choice":"Obtained Book","damage_taken":16,"max_hp_gain":0,"max_hp_loss":0,"event_name":"Cursed Tome","floor":29,"gold_loss":0},{"cards_removed":["Dagger Throw"],"damage_healed":0,"gold_gain":0,"player_choice":"Removed Attack","damage_taken":0,"max_hp_gain":0,"max_hp_loss":0,"event_name":"Falling","floor":39,"gold_loss":0},{"damage_healed":0,"gold_gain":0,"player_choice":"Upgraded Two","damage_taken":0,"max_hp_gain":0,"max_hp_loss":0,"event_name":"Designer","floor":47,"gold_loss":40,"cards_upgraded":["Dagger Spray","After Image"]}],"is_beta":false,"boss_relics":[{"not_picked":["Philosopher\u0027s Stone","Velvet Choker"],"picked":"Fusion Hammer"},{"not_picked":["WristBlade","Pandora\u0027s Box"],"picked":"Black Star"}],"items_purged_floors":[5,31,37],"is_endless":false,"potions_floor_spawned":[1,7,8,11,18,20,22,25,40,41,42,44,46,48,54],"ascension_level":8}}