{"host":"nwtxriuk34b069je","time":1612820561,"event":{"mods":["AchievementEnabler","BaseMod","Better Skull","Colored Map","Colored Powertips","Hermit","Minty Spire (QoL Compilation)","Relic Stats","StSLib"],"gold_per_floor":[113,128,303,303,313,344,444,347,347,347,365,365,378,430,442,551,563,591,703,178,196,207,207,225,80,80,90,109,109,136,153,153,254,254,269,269,269,188,238,238,266,266,266,276,276,294,312,342,342,342],"floor_reached":51,"language":"ENG","playtime":2176,"items_purged":[],"score":802,"play_id":"7ea3c0cb-7d29-4948-9e49-9140052cdc69","local_time":"20210208154241","is_ascension_mode":false,"campfire_choices":[{"data":"Noxious Fumes","floor":10,"key":"SMITH"},{"floor":15,"key":"REST"},{"floor":23,"key":"REST"},{"floor":29,"key":"REST"},{"floor":32,"key":"REST"},{"floor":40,"key":"REST"},{"floor":45,"key":"REST"},{"floor":49,"key":"REST"}],"circlet_count":0,"master_deck":["Strike_G","Defend_G","Defend_G","Defend_G","Survivor","Neutralize","Crippling Poison+1","Blur+1","Dagger Throw+1","Dagger Spray","Noxious Fumes+1","Poisoned Stab","Blur","Burst","Bouncing Flask","Backstab","Backstab+1","Dodge and Roll","Catalyst","Dash","A Thousand Cuts","Catalyst+1","Footwork","Leg Sweep","Bane+1","Terror+1","Deadly Poison+1","Noxious Fumes+1"],"relics":["Astrolabe","Mercury Hourglass","Matryoshka","Happy Flower","Strawberry","MawBank","Fusion Hammer","The Specimen","Boot","PreservedInsect","Snake Skull","Letter Opener","Omamori","Empty Cage","Tingsha","Mummified Hand","Bird Faced Urn","Anchor"],"acts_visited":["Exordium","TheCity","TheBeyond"],"potions_floor_usage":[33,41,50],"damage_taken":[{"damage":8,"enemies":"2 Louse","floor":1,"turns":2},{"damage":0,"enemies":"Cultist","floor":2,"turns":4},{"damage":0,"enemies":"Jaw Worm","floor":5,"turns":6},{"damage":8,"enemies":"Gremlin Nob","floor":6,"turns":4},{"damage":9,"enemies":"Blue Slaver","floor":11,"turns":3},{"damage":8,"enemies":"2 Fungi Beasts","floor":13,"turns":2},{"damage":18,"enemies":"Hexaghost","floor":16,"turns":8},{"damage":6,"enemies":"2 Thieves","floor":18,"turns":4},{"damage":20,"enemies":"Spheric Guardian","floor":21,"turns":4},{"damage":7,"enemies":"Centurion and Healer","floor":22,"turns":4},{"damage":19,"enemies":"Shelled Parasite and Fungi","floor":24,"turns":4},{"damage":0,"enemies":"Snecko","floor":27,"turns":4},{"damage":9,"enemies":"Cultist and Chosen","floor":28,"turns":6},{"damage":5,"enemies":"Gremlin Leader","floor":30,"turns":4},{"damage":23,"enemies":"Snake Plant","floor":31,"turns":3},{"damage":14,"enemies":"Champ","floor":33,"turns":7},{"damage":0,"enemies":"3 Shapes","floor":35,"turns":4},{"damage":28,"enemies":"Mind Bloom Boss Battle","floor":39,"turns":4},{"damage":0,"enemies":"Nemesis","floor":41,"turns":3},{"damage":9,"enemies":"Orb Walker","floor":44,"turns":3},{"damage":30,"enemies":"4 Shapes","floor":46,"turns":5},{"damage":11,"enemies":"Transient","floor":47,"turns":5},{"damage":17,"enemies":"Giant Head","floor":48,"turns":6},{"damage":44,"enemies":"Donu and Deca","floor":50,"turns":8}],"seed_played":"7898971362143937772","potions_obtained":[{"floor":1,"key":"FearPotion"},{"floor":11,"key":"DistilledChaos"},{"floor":22,"key":"Swift Potion"},{"floor":24,"key":"GhostInAJar"},{"floor":27,"key":"Fire Potion"},{"floor":41,"key":"DuplicationPotion"},{"floor":46,"key":"CunningPotion"},{"floor":48,"key":"Block Potion"}],"is_trial":false,"path_per_floor":["M","M","?","?","M","E","?","$","T","R","M","?","M","T","R","B",null,"M","?","$","M","M","R","M","$","T","M","M","R","E","M","R","B",null,"M","$","?","$","?","R","E","?","T","M","R","M","M","E","R","B",null],"character_chosen":"THE_SILENT","items_purchased":["Noxious Fumes","Poisoned Stab","The Specimen","Backstab","Boot","PreservedInsect","Footwork"],"campfire_rested":7,"item_purchase_floors":[8,8,20,20,20,25,38],"current_hp_per_floor":[62,62,62,55,55,47,47,47,47,47,38,31,23,30,53,35,77,71,71,71,51,44,67,48,48,48,48,39,62,57,34,57,43,77,77,77,77,77,49,72,72,72,72,65,77,51,46,35,58,22],"gold":342,"neow_bonus":"BOSS_RELIC","is_daily":false,"chose_seed":false,"campfire_upgraded":1,"win_rate":0.0,"timestamp":1612820561,"path_taken":["M","M","?","?","M","E","?","$","T","R","?","?","M","?","R","BOSS","M","?","?","M","M","R","M","$","T","?","M","R","E","?","R","BOSS","M","$","?","$","?","R","E","?","T","M","R","M","M","E","R","BOSS"],"items_purchased_type":["Card","Card","Relic","Card","Relic","Relic","Card"],"build_version":"2020-12-22","purchased_purges":0,"victory":true,"max_hp_per_floor":[70,70,70,70,70,70,70,70,70,70,70,70,70,77,77,77,77,77,77,77,77,77,77,77,77,77,77,77,77,77,77,77,77,77,77,77,77,77,77,77,77,77,77,77,77,77,77,77,77,77],"relic_stats":{"Happy Flower":[29],"counters":[24,104],"Astrolabe":["Crippling Poison","Blur","Dagger Throw"],"Tingsha":[21],"PreservedInsect":218,"Snake Skull":[116],"Letter Opener":[112],"MawBank":72,"Boot":[50],"Mercury Hourglass":[317],"Mummified Hand":[16],"Bird Faced Urn":[26],"obtain_stats":[{"Happy Flower":12,"The Specimen":20,"Astrolabe":0,"Tingsha":39,"PreservedInsect":25,"Snake Skull":26,"Omamori":30,"Letter Opener":26,"MawBank":14,"Boot":20,"Empty Cage":34,"Mercury Hourglass":6,"Anchor":48,"Matryoshka":9,"Mummified Hand":41,"Strawberry":14,"Bird Faced Urn":43,"Fusion Hammer":17,"Ring of the Snake":0},{"Happy Flower":5,"The Specimen":8,"Astrolabe":0,"Tingsha":18,"PreservedInsect":11,"Snake Skull":11,"Omamori":14,"Letter Opener":11,"MawBank":6,"Boot":8,"Empty Cage":16,"Mercury Hourglass":4,"Anchor":23,"Matryoshka":4,"Mummified Hand":19,"Strawberry":6,"Bird Faced Urn":19,"Fusion Hammer":7,"Ring of the Snake":0},{"Happy Flower":19,"The Specimen":33,"Astrolabe":0,"Tingsha":76,"PreservedInsect":44,"Snake Skull":44,"Omamori":58,"Letter Opener":44,"MawBank":21,"Boot":33,"Empty Cage":68,"Mercury Hourglass":16,"Anchor":96,"Matryoshka":16,"Mummified Hand":79,"Strawberry":21,"Bird Faced Urn":79,"Fusion Hammer":29,"Ring of the Snake":0}]},"card_choices":[{"not_picked":["Underhanded Strike","PiercingWail","Blade Dance"],"picked":"SKIP","floor":1},{"not_picked":["Infinite Blades","Concentrate","Eviscerate"],"picked":"SKIP","floor":2},{"not_picked":["Cloak And Dagger","Well Laid Plans"],"picked":"Dagger Spray","floor":5},{"not_picked":["Crippling Poison","Reflex","Finisher"],"picked":"SKIP","floor":6},{"not_picked":["Cloak And Dagger","Flying Knee"],"picked":"Blur","floor":11},{"not_picked":["Accuracy","Setup","Riddle With Holes"],"picked":"SKIP","floor":13},{"not_picked":["Storm of Steel","Unload"],"picked":"Burst","floor":16},{"not_picked":["Deflect","Backflip"],"picked":"Bouncing Flask","floor":18},{"not_picked":["Dagger Throw","Blade Dance"],"picked":"Backstab+1","floor":21},{"not_picked":["Heel Hook+1","Sucker Punch","Escape Plan+1"],"picked":"SKIP","floor":22},{"not_picked":["Flying Knee+1","Predator"],"picked":"Dodge and Roll","floor":24},{"not_picked":["Underhanded Strike","Flying Knee"],"picked":"Catalyst","floor":27},{"not_picked":["Prepared","Dagger Throw","Sucker Punch"],"picked":"SKIP","floor":28},{"not_picked":["Bullet Time","Finisher"],"picked":"Dash","floor":30},{"not_picked":["Poisoned Stab","Dagger Spray","Flying Knee"],"picked":"SKIP","floor":31},{"not_picked":["Wraith Form v2","Die Die Die"],"picked":"A Thousand Cuts","floor":33},{"not_picked":["Noxious Fumes+1","Cloak And Dagger"],"picked":"Catalyst+1","floor":35},{"not_picked":["Backflip+1","Dagger Spray+1"],"picked":"Leg Sweep","floor":39},{"not_picked":["Concentrate","PiercingWail+1"],"picked":"Bane+1","floor":41},{"not_picked":["Dagger Spray","Cloak And Dagger","Blur"],"picked":"SKIP","floor":44},{"not_picked":["Endless Agony+1","Bane+1"],"picked":"Terror+1","floor":46},{"not_picked":["Dagger Throw+1","Calculated Gamble+1"],"picked":"Deadly Poison+1","floor":47},{"not_picked":["Reflex+1","Bouncing Flask+1"],"picked":"Noxious Fumes+1","floor":48}],"player_experience":523202,"relics_obtained":[{"floor":6,"key":"Mercury Hourglass"},{"floor":9,"key":"Matryoshka"},{"floor":14,"key":"Strawberry"},{"floor":14,"key":"MawBank"},{"floor":26,"key":"Snake Skull"},{"floor":26,"key":"Letter Opener"},{"floor":30,"key":"Omamori"},{"floor":39,"key":"Tingsha"},{"floor":41,"key":"Mummified Hand"},{"floor":43,"key":"Bird Faced Urn"},{"floor":48,"key":"Anchor"}],"event_choices":[{"damage_healed":0,"gold_gain":175,"player_choice":"AGREE","damage_taken":0,"max_hp_gain":0,"max_hp_loss":0,"event_name":"Liars Game","floor":3,"gold_loss":0,"cards_obtained":["Doubt"]},{"cards_removed":["Doubt"],"damage_healed":0,"gold_gain":0,"player_choice":"Card Removal","damage_taken":7,"max_hp_gain":0,"max_hp_loss":0,"event_name":"Golden Wing","floor":4,"gold_loss":0},{"damage_healed":0,"gold_gain":100,"player_choice":"Gold","damage_taken":0,"max_hp_gain":0,"max_hp_loss":0,"event_name":"Wheel of Change","floor":7,"gold_loss":0},{"damage_healed":0,"gold_gain":0,"player_choice":"Success","damage_taken":7,"relics_obtained":["Happy Flower"],"max_hp_gain":0,"max_hp_loss":0,"event_name":"Scrap Ooze","floor":12,"gold_loss":0},{"damage_healed":0,"gold_gain":100,"player_choice":"Pray","damage_taken":0,"max_hp_gain":0,"max_hp_loss":0,"event_name":"Golden Shrine","floor":19,"gold_loss":0},{"cards_removed":["Defend_G"],"damage_healed":0,"gold_gain":0,"player_choice":"Removed Skill","damage_taken":0,"max_hp_gain":0,"max_hp_loss":0,"event_name":"Falling","floor":37,"gold_loss":0},{"damage_healed":0,"gold_gain":0,"player_choice":"Fight","damage_taken":0,"max_hp_gain":0,"max_hp_loss":0,"event_name":"MindBloom","floor":39,"gold_loss":0},{"damage_healed":0,"gold_gain":0,"player_choice":"Ignored","damage_taken":0,"max_hp_gain":0,"max_hp_loss":0,"event_name":"Tomb of Lord Red Mask","floor":42,"gold_loss":0}],"is_beta":false,"boss_relics":[{"not_picked":["Runic Pyramid","Velvet Choker"],"picked":"Fusion Hammer"},{"not_picked":["Pandora\u0027s Box","Snecko Eye"],"picked":"Empty Cage"}],"items_purged_floors":[],"is_endless":false,"potions_floor_spawned":[1,11,22,24,27,31,41,46,48],"ascension_level":0}}