{"host":"ymmeoa1x24ihslbm","time":1612773446,"event":{"mods":["AchievementEnabler","BaseMod","Colored Map","Colored Powertips","Defuse TimeMaze Blight","Hermit","Highlight Path","Hyrulean Relics","Minty Spire (QoL Compilation)","Permanent Neow","Quick Restart","Rare Cards Sparkle","Relic Sorter","Shop Mod","StSLib"],"gold_per_floor":[109,120,130,80,8,8,183,215,215,215,230,240,255,255,255],"floor_reached":14,"language":"ENG","playtime":1276,"items_purged":[],"score":149,"play_id":"a9ec9ed9-a013-444d-9eb3-93f65dd859ef","local_time":"20210208093726","daily_mods":["DeadlyEvents","Uncertain Future"],"is_ascension_mode":true,"campfire_choices":[{"data":"hermit:FlashPowder","floor":6,"key":"SMITH"},{"data":"hermit:GhostlyPresence","floor":10,"key":"SMITH"}],"circlet_count":0,"master_deck":["hermit:Strike_Hermit","hermit:Strike_Hermit","hermit:Strike_Hermit","hermit:Strike_Hermit","hermit:Defend_Hermit","hermit:Defend_Hermit","hermit:Defend_Hermit","hermit:Snapshot","hermit:Covet","hermit:LoneWolf","hermit:FlashPowder+1","hermit:GhostlyPresence+1","hermit:Deadeye","Doubt","hermit:Misfire","hermit:Determination","hermit:Quickdraw","hermit:WideOpen"],"relics":["hermit:Momento","Orichalcum","Blue Candle"],"acts_visited":[],"potions_floor_usage":[3,13],"damage_taken":[{"damage":6,"enemies":"Jaw Worm","floor":1,"turns":3},{"damage":0,"enemies":"2 Louse","floor":2,"turns":3},{"damage":0,"enemies":"Small Slimes","floor":3,"turns":4},{"damage":45,"enemies":"Gremlin Nob","floor":8,"turns":6},{"damage":6,"enemies":"Blue Slaver","floor":11,"turns":3},{"damage":7,"enemies":"Lots of Slimes","floor":12,"turns":4},{"damage":5,"enemies":"Exordium Thugs","floor":13,"turns":5},{"damage":13,"enemies":"Lagavulin","floor":14,"turns":3}],"seed_played":"-2895888990168901338","potions_obtained":[{"floor":1,"key":"Weak Potion"},{"floor":12,"key":"SteroidPotion"},{"floor":13,"key":"SpeedPotion"}],"is_trial":true,"path_per_floor":["M","M","M","?","$","R","?","E","T","R","M","M","M","E"],"character_chosen":"HERMIT","items_purchased":["hermit:Deadeye"],"campfire_rested":0,"item_purchase_floors":[5],"current_hp_per_floor":[69,69,69,69,69,69,69,24,24,24,18,11,6,0,0],"gold":255,"neow_bonus":"","is_daily":false,"chose_seed":false,"campfire_upgraded":2,"win_rate":0.0,"timestamp":1612773446,"path_taken":["M","M","M","?","$","R","?","E","T","R","M","?","M","E"],"items_purchased_type":["Card"],"build_version":"2020-12-22","purchased_purges":0,"victory":false,"max_hp_per_floor":[75,75,75,75,75,75,75,75,75,75,75,75,75,75,75],"card_choices":[{"not_picked":["hermit:CursedWeapon","hermit:Ricochet"],"picked":"hermit:LoneWolf","floor":1},{"not_picked":["hermit:CalledShot","hermit:Showdown"],"picked":"hermit:FlashPowder","floor":2},{"not_picked":["hermit:Virtue","hermit:BigShot"],"picked":"hermit:GhostlyPresence","floor":3},{"not_picked":["hermit:Headshot","hermit:HoleUp"],"picked":"hermit:Misfire","floor":8},{"not_picked":["hermit:Manifest","hermit:FlashPowder"],"picked":"hermit:Determination","floor":11},{"not_picked":["hermit:Manifest","hermit:CalledShot"],"picked":"hermit:Quickdraw","floor":12},{"not_picked":["hermit:Manifest","hermit:FinalCanter"],"picked":"hermit:WideOpen","floor":13}],"player_experience":777762,"relics_obtained":[{"floor":8,"key":"Orichalcum"},{"floor":9,"key":"Blue Candle"}],"event_choices":[{"cards_removed":["hermit:Defend_Hermit"],"damage_healed":0,"gold_gain":0,"player_choice":"Card Removal","damage_taken":0,"max_hp_gain":0,"max_hp_loss":0,"event_name":"The Cleric","floor":4,"gold_loss":50},{"damage_healed":0,"gold_gain":175,"player_choice":"AGREE","damage_taken":0,"max_hp_gain":0,"max_hp_loss":0,"event_name":"Liars Game","floor":7,"gold_loss":0,"cards_obtained":["Doubt"]}],"is_beta":false,"boss_relics":[],"items_purged_floors":[],"is_endless":true,"potions_floor_spawned":[1,12,13],"killed_by":"Lagavulin","ascension_level":1}}