{"host":"hmqgkh1yopklu0aj","time":1612789061,"event":{"mods":["BaseMod","Block Reminder","Colored Map","Minty Spire (QoL Compilation)"],"gold_per_floor":[111,111,186,151,169,169,196,196,196,15,29,42,217,236,236,335,335,304,304,304,319,334,334,334],"floor_reached":23,"language":"ENG","playtime":1311,"items_purged":[],"score":191,"play_id":"5e91d7f3-ffa0-43e4-81f5-270bbe2d9a0b","local_time":"20210208135741","is_ascension_mode":false,"campfire_choices":[{"data":"Slice","floor":6,"key":"SMITH"},{"data":"Mind Blast","floor":8,"key":"SMITH"},{"floor":15,"key":"REST"}],"circlet_count":0,"master_deck":["Strike_G","Strike_G","Strike_G","Strike_G","Strike_G","Defend_G","Defend_G","Defend_G","Defend_G","Defend_G","Survivor","Neutralize+1","Mind Blast+1","Deflect","Slice+1","Flying Knee","Noxious Fumes","Riddle With Holes","Acrobatics","Caltrops","Dash","Doubt","Flying Knee","Night Terror","Slice","Terror+1","Poisoned Stab"],"relics":["Ring of the Snake","Eternal Feather","Ninja Scroll","Sozu","MutagenicStrength"],"acts_visited":["Exordium","TheCity"],"potions_floor_usage":[16],"damage_taken":[{"damage":5,"enemies":"Small Slimes","floor":1,"turns":4},{"damage":2,"enemies":"Jaw Worm","floor":5,"turns":5},{"damage":15,"enemies":"Lagavulin","floor":7,"turns":9},{"damage":0,"enemies":"Cultist","floor":11,"turns":2},{"damage":4,"enemies":"3 Louse","floor":12,"turns":2},{"damage":12,"enemies":"Exordium Wildlife","floor":14,"turns":5},{"damage":37,"enemies":"Hexaghost","floor":16,"turns":9},{"damage":19,"enemies":"2 Thieves","floor":18,"turns":5},{"damage":5,"enemies":"Shell Parasite","floor":21,"turns":3},{"damage":19,"enemies":"Snake Plant","floor":22,"turns":3},{"damage":28,"enemies":"Slavers","floor":23,"turns":2}],"seed_played":"583967682724252077","potions_obtained":[{"floor":12,"key":"GamblersBrew"}],"is_trial":false,"path_per_floor":["M","?","?","?","M","R","E","R","T","$","M","M","?","M","R","B",null,"M","?","?","M","M","E"],"character_chosen":"THE_SILENT","items_purchased":["Noxious Fumes","Riddle With Holes","Acrobatics"],"campfire_rested":1,"item_purchase_floors":[10,10,10],"current_hp_per_floor":[65,65,54,70,68,68,53,62,62,62,62,58,58,46,70,33,70,51,51,51,46,27,0,0],"gold":334,"neow_bonus":"RANDOM_COLORLESS","is_daily":false,"chose_seed":false,"campfire_upgraded":2,"win_rate":0.0,"timestamp":1612789061,"path_taken":["M","?","?","?","?","R","E","R","T","$","M","M","?","M","R","BOSS","M","?","?","M","M","E"],"items_purchased_type":["Card","Card","Card"],"build_version":"2020-12-22","purchased_purges":0,"victory":false,"max_hp_per_floor":[70,70,70,70,70,70,70,70,70,70,70,70,70,70,70,70,70,70,70,70,70,70,70,70],"card_choices":[{"not_picked":["Impatience","PanicButton"],"picked":"Mind Blast","floor":0},{"not_picked":["Bane","Underhanded Strike"],"picked":"Deflect","floor":1},{"not_picked":["Bane","PiercingWail"],"picked":"Slice","floor":5},{"not_picked":["Calculated Gamble","Quick Slash"],"picked":"Flying Knee","floor":7},{"not_picked":["Blade Dance","Slice"],"picked":"Caltrops","floor":11},{"not_picked":["Caltrops","PiercingWail"],"picked":"Dash","floor":12},{"not_picked":["Dash","PiercingWail"],"picked":"Flying Knee","floor":14},{"not_picked":["Wraith Form v2","Doppelganger"],"picked":"Night Terror","floor":16},{"not_picked":["Backflip","Acrobatics+1"],"picked":"Slice","floor":18},{"not_picked":["Choke","Poisoned Stab"],"picked":"Terror+1","floor":21},{"not_picked":["Underhanded Strike","Flechettes"],"picked":"Poisoned Stab","floor":22}],"player_experience":15793,"relics_obtained":[{"floor":7,"key":"Eternal Feather"},{"floor":9,"key":"Ninja Scroll"}],"event_choices":[{"damage_healed":0,"gold_gain":0,"player_choice":"Grow","damage_taken":0,"max_hp_gain":0,"max_hp_loss":0,"event_name":"Living Wall","floor":2,"gold_loss":0,"cards_upgraded":["Neutralize"]},{"damage_healed":0,"gold_gain":75,"player_choice":"Gather Gold","damage_taken":11,"max_hp_gain":0,"max_hp_loss":0,"event_name":"World of Goop","floor":3,"gold_loss":0},{"damage_healed":17,"gold_gain":0,"player_choice":"Healed","damage_taken":0,"max_hp_gain":0,"max_hp_loss":0,"event_name":"The Cleric","floor":4,"gold_loss":35},{"damage_healed":0,"gold_gain":175,"player_choice":"AGREE","damage_taken":0,"max_hp_gain":0,"max_hp_loss":0,"event_name":"Liars Game","floor":13,"gold_loss":0,"cards_obtained":["Doubt"]},{"damage_healed":0,"gold_gain":0,"player_choice":"Ignored","damage_taken":0,"max_hp_gain":0,"max_hp_loss":0,"event_name":"Ghosts","floor":19,"gold_loss":0},{"damage_healed":0,"gold_gain":0,"player_choice":"Inject Mutagens","damage_taken":0,"relics_obtained":["MutagenicStrength"],"max_hp_gain":0,"max_hp_loss":0,"event_name":"Drug Dealer","floor":20,"gold_loss":0}],"is_beta":false,"boss_relics":[{"not_picked":["SacredBark","Astrolabe"],"picked":"Sozu"}],"items_purged_floors":[],"is_endless":false,"potions_floor_spawned":[12,21],"killed_by":"Slavers","ascension_level":0}}