{"host":"ormi09wwzv7sq47a","time":1612749722,"event":{"mods":["2.2 Compatiblity","AchievementEnabler","Act Like it!","BaseMod","Bestiary","Better Altar","Better Note","Better Sensory Stone","Better Silent Start","Better Skull","Better Third Choice","Better Vampires","BetterRewards","Block Reminder","Card Forge","Colored Map","Colored Powertips","Curses Come First","DeckTracker","Downfall","Highlight Path","Minty Spire (QoL Compilation)","Permanent Neow","Quick Restart","Rare Cards Sparkle","Relic Stats","Shop Mod","StSLib","The Jungle"],"gold_per_floor":[119,119,119,133,186,186,199,217,241,253,265,277,302,331,343,450,462,489,513,525,537,549,561,483,511,577,589,619,659,671,711,723,835,847,878,890,34,79,94,94,107,107,107,121,121,121,156,170,170,170,170,170,25,55,55],"floor_reached":56,"language":"ENG","playtime":3091,"items_purged":["Guardian:Strike_Guardian","Pain"],"score":1771,"play_id":"08f2e1d6-abad-44d1-a255-01fce0caa04f","local_time":"20210208000202","is_ascension_mode":true,"campfire_choices":[{"floor":6.0,"key":"REST"},{"data":"Guardian:RefractedBeam","floor":10,"key":"SMITH"},{"data":"Guardian:TwinSlam","floor":12,"key":"SMITH"},{"data":"Guardian:SentryBeam","floor":15,"key":"SMITH"},{"floor":23,"key":"REST"},{"data":"Guardian:MultiBeam","floor":27,"key":"SMITH"},{"data":"Guardian:BronzeArmor","floor":30,"key":"SMITH"},{"data":"Guardian:Preprogram","floor":32,"key":"SMITH"},{"data":"Guardian:HyperBeam_Guardian","floor":40,"key":"SMITH"},{"data":"Guardian:CurlUp","floor":42,"key":"SMITH"},{"floor":45,"key":"RECALL"},{"data":"Guardian:Suspension","floor":49,"key":"SMITH"},{"data":"Guardian:RefractedBeam+1","floor":52,"key":"SMITH"}],"circlet_count":0,"master_deck":["Guardian:Strike_Guardian","Guardian:Strike_Guardian","Guardian:Defend_Guardian+1","Guardian:Defend_Guardian+1","Guardian:Defend_Guardian","Guardian:Defend_Guardian","Guardian:CurlUp+1","Guardian:TwinSlam+1","Guardian:RevengeProtocol","Guardian:SentryBeam+1","Guardian:RefractedBeam+2","Guardian:Preprogram+1","Guardian:Recover+1","Guardian:MultiBeam+1","Guardian:TimeCapacitor","Guardian:AncientConstruct+1","Guardian:BodySlam","Guardian:ShieldCharger+1","Guardian:VentSteam","Guardian:BronzeArmor+1","Guardian:TimeSifter","Guardian:HyperBeam_Guardian+1","Guardian:TimeBomb+1","Guardian:FloatingOrbs","Guardian:Incinerate+1","Guardian:ShieldSpikes+1","Guardian:Suspension+1","Guardian:FloatingOrbs+1","Guardian:TemporalShield+1"],"relics":["Guardian:ModeShifterPlus","Hammer of Thor","Seething Fire","Anvil of the Gods","Bird Faced Urn","Tiny Chest","Toolbox","Slimebound:StickyStick","Blue Candle","hexamod:BolsterEngine","MawBank","Guardian:PickAxe","Sozu","Dream Catcher","bronze:BronzeIdol","Matryoshka","Akabeko","FossilizedHelix","Toy Ornithopter","Guardian:BottledStasis","Kunai","Centennial Puzzle","MerchantsRug","Pocketwatch","Guardian:PocketSentry","CaptainsWheel","MealTicket","Thread and Needle","Bronze Scales","Boot"],"acts_visited":["Exordium","TheCity","TheBeyond","TheEnding"],"potions_floor_usage":[8,8,13],"damage_taken":[{"damage":1.0,"enemies":"Small Slimes","floor":1.0,"turns":3.0},{"damage":0.0,"enemies":"Jaw Worm","floor":4.0,"turns":4.0},{"damage":0.0,"enemies":"Cultist","floor":7.0,"turns":3.0},{"damage":0,"enemies":"Large Slime","floor":8,"turns":3},{"damage":1,"enemies":"Large Slime","floor":11,"turns":3},{"damage":6,"enemies":"3 Louse","floor":13,"turns":3},{"damage":9,"enemies":"Blue Slaver","floor":14,"turns":3},{"damage":2,"enemies":"The Guardian","floor":16,"turns":8},{"damage":0,"enemies":"3 Byrds","floor":18,"turns":4},{"damage":6,"enemies":"Shell Parasite","floor":19,"turns":2},{"damage":0,"enemies":"Centurion and Healer","floor":25,"turns":3},{"damage":6,"enemies":"Cultist and Chosen","floor":28,"turns":4},{"damage":34,"enemies":"Gremlin Leader","floor":29,"turns":4},{"damage":0,"enemies":"Slavers","floor":31,"turns":3},{"damage":15,"enemies":"Champ","floor":33,"turns":11},{"damage":0,"enemies":"3 Shapes","floor":35,"turns":3},{"damage":0,"enemies":"2 Orb Walkers","floor":38,"turns":4},{"damage":0,"enemies":"Orb Walker","floor":39,"turns":3},{"damage":0,"enemies":"Transient","floor":41,"turns":5},{"damage":0,"enemies":"Writhing Mass","floor":44,"turns":4},{"damage":0,"enemies":"Reptomancer","floor":47,"turns":5},{"damage":0,"enemies":"Sphere and 2 Shapes","floor":48,"turns":3},{"damage":13,"enemies":"Time Eater","floor":50,"turns":9},{"damage":0,"enemies":"Shield and Spear","floor":54,"turns":3},{"damage":7,"enemies":"The Heart","floor":55,"turns":8}],"seed_played":"4114593782128198900","potions_obtained":[{"floor":4.0,"key":"FearPotion"},{"floor":7.0,"key":"AttackPotion"},{"floor":8,"key":"Weak Potion"},{"floor":14,"key":"FairyPotion"}],"is_trial":false,"path_per_floor":["M","?","?","M","T","R","M","M","T","R","?","R","M","M","R","B",null,"M","M","?","?","T","R","?","M","T","R","M","E","R","E","R","B",null,"M","?","$","?","M","R","M","R","T","M","R","T","E","M","R","B",null,"R","$","E","B",null],"character_chosen":"GUARDIAN","items_purchased":["Guardian:RevengeProtocol","Tiny Chest","Guardian:SentryBeam","Toolbox","Slimebound:StickyStick","Guardian:BottledStasis","Kunai","Centennial Puzzle","Guardian:FloatingOrbs","MerchantsRug","Bronze Scales"],"campfire_rested":2,"item_purchase_floors":[0,0,0,0,0,37,37,37,37,37,53],"current_hp_per_floor":[35,23,23,25,25,49,49,49,49,49,42,42,36,29,29,33,68,70,64,37,37,37,61,61,67,67,67,69,37,37,43,43,36,69,71,83,83,92,92,92,92,92,92,92,92,92,92,92,92,79,89,89,92,92,85],"gold":55,"neow_bonus":"","is_daily":false,"chose_seed":false,"campfire_upgraded":10,"win_rate":0.0,"timestamp":1612749722,"path_taken":["M","?","?","?","?","R","M","M","T","R","?","R","M","M","R","BOSS","M","M","?","?","?","R","?","M","T","R","M","E","R","E","R","BOSS","M","?","$","?","M","R","M","R","T","M","R","?","E","M","R","BOSS","R","$","E","BOSS"],"items_purchased_type":["Card","Relic","Card","Relic","Relic","Relic","Relic","Relic","Card","Relic","Relic"],"build_version":"2020-12-22","purchased_purges":2,"victory":true,"max_hp_per_floor":[80,80,80,80,80,80,80,80,80,80,80,80,80,80,80,80,80,80,80,80,80,80,80,80,80,80,80,80,80,80,80,80,80,80,80,92,92,92,92,92,92,92,92,92,92,92,92,92,92,92,92,92,92,92,92],"relic_stats":{"counters":[325,1488],"Blue Candle":[0],"MawBank":336,"Boot":[5],"Sozu":5,"Dream Catcher":1,"Centennial Puzzle":[6],"Bird Faced Urn":[53],"Bronze Scales":[111],"Tiny Chest":3,"MealTicket":3,"Kunai":[23],"obtain_stats":[{"Ginger":54,"Whetstone":54,"Bottled Tornado":44,"Boot":9,"Old Coin":24,"Guardian:PickAxe":3,"Blood Vial":43,"Sundial":42,"MealTicket":41,"Kunai":23,"Guardian:DefensiveModeMoreBlock":26,"MerchantsRug":53,"Blue Candle":40,"Eternal Feather":26,"Pen Nib":54,"Guardian:PocketSentry":8,"Akabeko":44,"Bird Faced Urn":0,"Pandora\u0027s Box":17,"StrikeDummy":48,"Unceasing Top":43,"Lantern":31,"Torii":0,"sneckomod:BlankCard":48,"Guardian:StasisCodex":9,"Bag of Preparation":20,"Ancient Tea Set":9,"Smiling Mask":24,"Matryoshka":20,"Toolbox":0,"WingedGreaves":7,"Potion Belt":7,"Lee\u0027s Waffle":0,"Guardian:GemstoneGun":0,"bronze:DecasWashers":43,"Thread and Needle":0,"PreservedInsect":43,"The Courier":40,"champ:DeflectingBracers":0,"Omamori":7,"Seething Fire":0,"Frozen Egg 2":9,"MawBank":45,"bronze:BronzeIdol":11,"Ornamental Fan":7,"Art of War":40,"Bottled Lightning":20,"hexamod:BolsterEngine":30,"Toy Ornithopter":31,"Ice Cream":37,"champ:DuelingGlove":29,"Gremlin Horn":0,"Nilry\u0027s Codex":19,"CeramicFish":7,"Vajra":9,"Hammer of Thor":0,"Sozu":17,"Lizard Tail":46,"Centennial Puzzle":46,"Strawberry":26,"Philosopher\u0027s Stone":17,"Toxic Egg 2":6,"Guardian:BottledStasis":41,"Happy Flower":54,"Astrolabe":17,"Guardian:ModeShifter":0,"Oddly Smooth Stone":42,"War Paint":0,"sneckomod:SneckoTalon":34,"Du-Vu Doll":46,"OrangePellets":45,"Bottled Flame":54,"Anvil of the Gods":0,"Shuriken":12,"Bronze Scales":23,"Molten Egg 2":7,"Slimebound:PreparedRelic":0,"Black Star":17,"Nloth\u0027s Gift":19,"bronze:MakeshiftBattery":17,"Meat on the Bone":29,"Pocketwatch":39,"Darkstone Periapt":25,"Guardian:ModeShifterPlus":34,"SacredBark":34,"Mango":0,"Incense Burner":36,"Juzu Bracelet":29,"ClockworkSouvenir":0,"Dream Catcher":27,"Nunchaku":55,"Mummified Hand":37,"Slimebound:StickyStick":0,"Gambling Chip":0,"Tiny Chest":26,"Red Mask":47,"bronze:DonusWashers":0,"hexamod:Sixitude":27,"Orichalcum":44,"Odd Mushroom":10,"White Beast Statue":14,"Peace Pipe":0,"Guardian:StasisUpgradeRelic":0,"CaptainsWheel":44,"Anchor":46,"Coffee Dripper":34,"Bag of Marbles":0,"Membership Card":20,"FossilizedHelix":0,"TungstenRod":30},{"Ginger":60,"Whetstone":87,"Bottled Tornado":21,"Boot":92,"Old Coin":279,"Guardian:PickAxe":2,"Blood Vial":54,"Sundial":216,"MealTicket":54,"Kunai":12,"Guardian:DefensiveModeMoreBlock":279,"MerchantsRug":86,"Blue Candle":187,"Eternal Feather":48,"Pen Nib":60,"Guardian:PocketSentry":3,"Akabeko":55,"Bird Faced Urn":0,"Pandora\u0027s Box":124,"StrikeDummy":23,"Unceasing Top":111,"Lantern":16,"Torii":224,"sneckomod:BlankCard":220,"Guardian:StasisCodex":3,"Bag of Preparation":46,"Ancient Tea Set":39,"Smiling Mask":48,"Matryoshka":46,"Toolbox":300,"WingedGreaves":30,"Potion Belt":92,"Lee\u0027s Waffle":249,"Guardian:GemstoneGun":194,"bronze:DecasWashers":216,"Thread and Needle":61,"PreservedInsect":21,"The Courier":110,"champ:DeflectingBracers":194,"Omamori":39,"Seething Fire":0,"Frozen Egg 2":254,"MawBank":137,"bronze:BronzeIdol":200,"Ornamental Fan":120,"Art of War":54,"Bottled Lightning":99,"hexamod:BolsterEngine":181,"Toy Ornithopter":314,"Ice Cream":108,"champ:DuelingGlove":209,"Gremlin Horn":194,"Nilry\u0027s Codex":203,"CeramicFish":296,"Vajra":296,"Hammer of Thor":0,"Sozu":149,"Lizard Tail":57,"Centennial Puzzle":291,"Strawberry":129,"Philosopher\u0027s Stone":7,"Toxic Egg 2":171,"Guardian:BottledStasis":20,"Happy Flower":167,"Astrolabe":69,"Guardian:ModeShifter":0,"Oddly Smooth Stone":21,"War Paint":26,"sneckomod:SneckoTalon":241,"Du-Vu Doll":57,"OrangePellets":188,"Bottled Flame":25,"Anvil of the Gods":0,"Shuriken":94,"Bronze Scales":101,"Molten Egg 2":228,"Slimebound:PreparedRelic":294,"Black Star":44,"Nloth\u0027s Gift":125,"bronze:MakeshiftBattery":276,"Meat on the Bone":104,"Pocketwatch":186,"Darkstone Periapt":102,"Guardian:ModeShifterPlus":17,"SacredBark":263,"Mango":26,"Incense Burner":19,"Juzu Bracelet":49,"ClockworkSouvenir":61,"Dream Catcher":103,"Nunchaku":223,"Mummified Hand":134,"Slimebound:StickyStick":300,"Gambling Chip":224,"Tiny Chest":206,"Red Mask":22,"bronze:DonusWashers":224,"hexamod:Sixitude":261,"Orichalcum":112,"Odd Mushroom":147,"White Beast Statue":68,"Peace Pipe":88,"Guardian:StasisUpgradeRelic":34,"CaptainsWheel":55,"Anchor":114,"Coffee Dripper":78,"Bag of Marbles":294,"Membership Card":71,"FossilizedHelix":88,"TungstenRod":131},{"Ginger":315,"Whetstone":428,"Bottled Tornado":118,"Boot":452,"Old Coin":1283,"Guardian:PickAxe":6,"Blood Vial":291,"Sundial":988,"MealTicket":291,"Kunai":60,"Guardian:DefensiveModeMoreBlock":1283,"MerchantsRug":424,"Blue Candle":852,"Eternal Feather":265,"Pen Nib":315,"Guardian:PocketSentry":9,"Akabeko":294,"Bird Faced Urn":0,"Pandora\u0027s Box":588,"StrikeDummy":135,"Unceasing Top":544,"Lantern":84,"Torii":1030,"sneckomod:BlankCard":1003,"Guardian:StasisCodex":9,"Bag of Preparation":258,"Ancient Tea Set":232,"Smiling Mask":265,"Matryoshka":258,"Toolbox":1380,"WingedGreaves":172,"Potion Belt":452,"Lee\u0027s Waffle":1159,"Guardian:GemstoneGun":896,"bronze:DecasWashers":988,"Thread and Needle":323,"PreservedInsect":118,"The Courier":540,"champ:DeflectingBracers":896,"Omamori":232,"Seething Fire":0,"Frozen Egg 2":1175,"MawBank":646,"bronze:BronzeIdol":923,"Ornamental Fan":575,"Art of War":291,"Bottled Lightning":488,"hexamod:BolsterEngine":822,"Toy Ornithopter":1430,"Ice Cream":532,"champ:DuelingGlove":953,"Gremlin Horn":896,"Nilry\u0027s Codex":934,"CeramicFish":1364,"Vajra":1364,"Hammer of Thor":0,"Sozu":700,"Lizard Tail":303,"Centennial Puzzle":1337,"Strawberry":609,"Philosopher\u0027s Stone":33,"Toxic Egg 2":784,"Guardian:BottledStasis":111,"Happy Flower":769,"Astrolabe":360,"Guardian:ModeShifter":0,"Oddly Smooth Stone":118,"War Paint":157,"sneckomod:SneckoTalon":1110,"Du-Vu Doll":303,"OrangePellets":858,"Bottled Flame":152,"Anvil of the Gods":0,"Shuriken":464,"Bronze Scales":497,"Molten Egg 2":1046,"Slimebound:PreparedRelic":1356,"Black Star":252,"Nloth\u0027s Gift":593,"bronze:MakeshiftBattery":1278,"Meat on the Bone":511,"Pocketwatch":845,"Darkstone Periapt":502,"Guardian:ModeShifterPlus":96,"SacredBark":1221,"Mango":157,"Incense Burner":108,"Juzu Bracelet":269,"ClockworkSouvenir":323,"Dream Catcher":506,"Nunchaku":1021,"Mummified Hand":634,"Slimebound:StickyStick":1380,"Gambling Chip":1030,"Tiny Chest":943,"Red Mask":126,"bronze:DonusWashers":1030,"hexamod:Sixitude":1209,"Orichalcum":549,"Odd Mushroom":693,"White Beast Statue":347,"Peace Pipe":437,"Guardian:StasisUpgradeRelic":201,"CaptainsWheel":294,"Anchor":555,"Coffee Dripper":393,"Bag of Marbles":1356,"Membership Card":368,"FossilizedHelix":437,"TungstenRod":618}],"Toy Ornithopter":0,"Pocketwatch":[3]},"card_choices":[{"not_picked":["Guardian:Suspension","Guardian:PiercingHide"],"picked":"Guardian:Incinerate","floor":1.0},{"not_picked":["Guardian:Emergency","Guardian:Reroute"],"picked":"Guardian:RefractedBeam","floor":4.0},{"not_picked":["Guardian:TemporalStrike","Guardian:PrismaticBarrier"],"picked":"Guardian:Preprogram","floor":7.0},{"not_picked":["Guardian:StasisEngine","Guardian:PiercingHide"],"picked":"Guardian:Recover","floor":8},{"not_picked":["Guardian:PrimingBeam","Guardian:Repulse"],"picked":"Guardian:MultiBeam","floor":13},{"not_picked":["Guardian:PiercingHide","Guardian:PrimingBeam"],"picked":"Guardian:TimeCapacitor","floor":14},{"not_picked":["Guardian:RevengeProtocol","Guardian:GatlingBeam"],"picked":"Guardian:AncientConstruct","floor":16},{"not_picked":["Guardian:Gem_Purple","Guardian:TemporalStrike+1"],"picked":"Guardian:BodySlam","floor":18},{"not_picked":["Guardian:FuturePlans","Guardian:Planning"],"picked":"Guardian:ShieldCharger+1","floor":19},{"not_picked":["Guardian:WalkerClaw","Guardian:FuturePlans"],"picked":"Guardian:VentSteam","floor":23},{"not_picked":["Guardian:Reroute","Guardian:VentSteam+1"],"picked":"Guardian:BronzeArmor","floor":25},{"not_picked":["Guardian:ShieldCharger","Guardian:Gem_Lightblue"],"picked":"Guardian:Gem_Green","floor":28},{"not_picked":["Guardian:ExploitGems","Guardian:Planning"],"picked":"Guardian:TimeSifter","floor":29},{"not_picked":["Guardian:Suspension","Guardian:PrimingBeam"],"picked":"Guardian:Gem_White","floor":31},{"not_picked":["Guardian:GatlingBeam","Guardian:ExploitGems"],"picked":"Guardian:HyperBeam_Guardian","floor":33},{"not_picked":["Guardian:Incinerate","Guardian:ChargeCore"],"picked":"Guardian:TimeBomb+1","floor":35},{"not_picked":["Guardian:Gem_Lightblue","Guardian:Emergency"],"picked":"Guardian:Gem_White","floor":38},{"not_picked":["Guardian:PiercingHide","Guardian:Gem_Green"],"picked":"Guardian:Incinerate+1","floor":39},{"not_picked":["Guardian:Gem_Red","Guardian:Emergency","Guardian:Planning"],"picked":"SKIP","floor":41},{"not_picked":["Guardian:AncientConstruct","Guardian:Gem_Green"],"picked":"Guardian:ShieldSpikes+1","floor":44},{"not_picked":["Guardian:TemporalStrike","Guardian:Planning"],"picked":"Guardian:Suspension","floor":47},{"not_picked":["Guardian:Gem_Green","Guardian:Gem_Yellow"],"picked":"Guardian:FloatingOrbs+1","floor":48},{"not_picked":["Guardian:Incinerate+1","Guardian:FierceBash"],"picked":"Guardian:TemporalShield+1","floor":54}],"player_experience":1032753,"relics_obtained":[{"floor":5.0,"key":"hexamod:BolsterEngine"},{"floor":9,"key":"MawBank"},{"floor":21,"key":"bronze:BronzeIdol"},{"floor":22,"key":"Matryoshka"},{"floor":26,"key":"Akabeko"},{"floor":29,"key":"FossilizedHelix"},{"floor":31,"key":"Toy Ornithopter"},{"floor":38,"key":"Pocketwatch"},{"floor":43,"key":"Guardian:PocketSentry"},{"floor":43,"key":"CaptainsWheel"},{"floor":46,"key":"MealTicket"},{"floor":47,"key":"Thread and Needle"},{"floor":54,"key":"Boot"}],"event_choices":[{"damage_healed":0.0,"max_hp_gain":0.0,"max_hp_loss":0.0,"gold_gain":1.0,"event_name":"betterThird:BetterScrap","player_choice":"Relic ","floor":2.0,"gold_loss":0.0,"damage_taken":12.0,"cards_obtained":["Combust"]},{"cards_removed":["Guardian:Incinerate"],"damage_healed":0.0,"max_hp_gain":0.0,"max_hp_loss":0.0,"gold_gain":0.0,"event_name":"WeMeetAgain","player_choice":"Gave Card","floor":3.0,"gold_loss":0.0,"damage_taken":0.0,"relics_obtained":["War Paint"]},{"damage_healed":0,"gold_gain":0,"player_choice":"UP RE ","damage_taken":31,"relics_obtained":["Dream Catcher"],"max_hp_gain":0,"max_hp_loss":0,"event_name":"betterSkull:BetterSkull","floor":20,"gold_loss":0,"cards_upgraded":["Guardian:Recover"]},{"damage_healed":0,"gold_gain":0,"player_choice":"Relic","damage_taken":0,"max_hp_gain":0,"max_hp_loss":0,"event_name":"Wheel of Change","floor":21,"gold_loss":0},{"cards_removed":["Guardian:Strike_Guardian"],"damage_healed":0,"gold_gain":0,"player_choice":"Upgrade and Remove","damage_taken":0,"max_hp_gain":0,"max_hp_loss":0,"event_name":"Designer","floor":24,"gold_loss":90,"cards_upgraded":["Guardian:AncientConstruct"]},{"damage_healed":0,"gold_gain":0,"player_choice":"Fight","damage_taken":0,"max_hp_gain":0,"max_hp_loss":0,"event_name":"Mysterious Sphere","floor":38,"gold_loss":0}],"is_beta":false,"boss_relics":[{"not_picked":["Velvet Choker","SlaversCollar"],"picked":"Sozu"},{"not_picked":["Cursed Key","Pandora\u0027s Box"],"picked":"Guardian:ModeShifterPlus"}],"items_purged_floors":[0,37],"is_endless":false,"potions_floor_spawned":[4,7,8,14,19,31,35,41,44],"ascension_level":9}}