{"host":"pgm1p3lvdjflie30","time":1612764449,"event":{"mods":["AchievementEnabler","Alarm Clock","Aspiration","BaseMod","Challenge The Spire","Colored Map","Colored Powertips","Dark Map","Energized Spire","Hermit","HornydragonMod","Minty Spire (QoL Compilation)","Quarter Circle Forward PUNCH!","Quick Restart","Relic Stats","Robot Space Explorer","Spicy Shops","StSLib","The Blackbeard","The IronCluck","Waifu the Spire","【功能Mod】混沌之?修复?丁","篝火指南"],"gold_per_floor":[111,111,111,128,145,145,34,34,34,34,12,29,29,47,47,47,47],"floor_reached":16,"language":"ZHS","playtime":383,"items_purged":[],"score":90,"play_id":"041e1c9a-e1e7-46c5-bf41-54aa38fd197f","local_time":"20210208140729","is_ascension_mode":false,"campfire_choices":[{"data":"Wild Strike","floor":6,"key":"SMITH"},{"data":"Infernal Blade","floor":8,"key":"SMITH"},{"data":"Twin Strike","floor":10,"key":"SMITH"},{"data":"Seeing Red","floor":13,"key":"SMITH"},{"data":"Twin Strike","floor":15,"key":"SMITH"}],"circlet_count":0,"master_deck":["Strike_R","Strike_R","Strike_R+1","Strike_R","Strike_R","Defend_R+1","Bash","Twin Strike+1","Pommel Strike","Wild Strike+1","Infernal Blade+1","Hemokinesis","Twin Strike+1","Seeing Red+1","Iron Wave"],"relics":["Burning Blood"],"acts_visited":["Exordium"],"potions_floor_usage":[16],"damage_taken":[{"damage":11,"enemies":"2 Louse","floor":1,"turns":3},{"damage":11,"enemies":"Jaw Worm","floor":4,"turns":3},{"damage":0,"enemies":"Cultist","floor":5,"turns":2},{"damage":10,"enemies":"Lots of Slimes","floor":12,"turns":3},{"damage":2,"enemies":"Exordium Thugs","floor":14,"turns":3},{"damage":38,"enemies":"The Guardian","floor":16,"turns":6}],"seed_played":"-8463427196106858823","potions_obtained":[{"floor":1,"key":"SteroidPotion"}],"is_trial":false,"path_per_floor":["M","?","?","M","M","R","$","R","T","R","$","M","R","M","R","B"],"character_chosen":"IRONCLAD","items_purchased":["Infernal Blade","Hemokinesis","Twin Strike"],"campfire_rested":0,"item_purchase_floors":[7,7,11],"current_hp_per_floor":[51,35,35,30,36,36,36,36,36,36,36,32,32,36,36,0,0],"gold":47,"neow_bonus":"REMOVE_TWO","is_daily":false,"chose_seed":false,"campfire_upgraded":5,"win_rate":0.0,"timestamp":1612764449,"path_taken":["M","?","?","?","M","R","$","R","T","R","?","M","R","M","R","BOSS"],"items_purchased_type":["Card","Card","Card"],"build_version":"2020-12-22","purchased_purges":0,"victory":false,"max_hp_per_floor":[80,80,80,80,80,80,80,80,80,80,80,80,80,80,80,80,80],"relic_stats":{"counters":[6,20],"obtain_stats":[{"Burning Blood":0},{"Burning Blood":0},{"Burning Blood":0}],"Burning Blood":30},"card_choices":[{"not_picked":["Clothesline","Anger"],"picked":"Twin Strike","floor":1},{"not_picked":["True Grit","Iron Wave"],"picked":"Pommel Strike","floor":4},{"not_picked":["Sword Boomerang","Battle Trance"],"picked":"Wild Strike","floor":5},{"not_picked":["Cleave","Uppercut"],"picked":"Seeing Red","floor":12},{"not_picked":["Warcry","Heavy Blade"],"picked":"Iron Wave","floor":14}],"player_experience":362883,"relics_obtained":[],"event_choices":[{"damage_healed":0,"gold_gain":0,"player_choice":"Entered Light","damage_taken":16,"max_hp_gain":0,"max_hp_loss":0,"event_name":"Shining Light","floor":2,"gold_loss":0,"cards_upgraded":["Defend_R","Strike_R"]},{"cards_removed":["Defend_R"],"damage_healed":0,"gold_gain":0,"player_choice":"Offered Basic","damage_taken":0,"max_hp_gain":0,"max_hp_loss":0,"event_name":"Bonfire Elementals","floor":3,"gold_loss":0}],"is_beta":false,"boss_relics":[],"items_purged_floors":[],"is_endless":false,"potions_floor_spawned":[1],"killed_by":"The Guardian","ascension_level":0}}