{"host":"tq99ucv8ezzqzioe","time":1612825240,"event":{"mods":["BaseMod","Colored Map","Downfall","Highlight Path","Minty Spire (QoL Compilation)","StSLib"],"gold_per_floor":[111,111,127,127,127,127,159,159,236,236,250,279,279,9,9,107,107,119,218,228,242,242,242,36,55,82,100,110,110,144,104,104,104,104],"floor_reached":33,"language":"ENG","playtime":3846,"items_purged":["Compile Driver+1"],"score":487,"play_id":"cf8de644-9f2e-4d11-8502-b916a56803fc","local_time":"20210208180040","is_ascension_mode":true,"campfire_choices":[{"data":"Static Discharge","floor":6,"key":"SMITH"},{"floor":8,"key":"REST"},{"floor":10,"key":"RECALL"},{"data":"Genetic Algorithm","floor":15,"key":"SMITH"},{"floor":23,"key":"REST"},{"floor":29,"key":"REST"},{"floor":32,"key":"REST"}],"circlet_count":0,"master_deck":["Strike_B","Strike_B+1","Defend_B","Zap+1","Dualcast","BootSequence+1","Rebound","Static Discharge+1","Core Surge","Rip and Tear+1","Genetic Algorithm+1","Lockon+1","Loop","Go for the Eyes+1","Sunder+1","Scrape+1","Doom and Gloom+1","Cold Snap+1","Fission","Skim+1","Barrage+1","Defragment","Rebound+1","Rip and Tear+1","Cold Snap+1","Conserve Battery","Darkness"],"relics":["Cracked Core","Ginger","Molten Egg 2","Smiling Mask","Orrery","Astrolabe","Akabeko","Membership Card","Boot","Cables"],"acts_visited":["Exordium","TheCity"],"potions_floor_usage":[12,12,25,27,27,30,31,33,33],"damage_taken":[{"damage":4,"enemies":"Jaw Worm","floor":1,"turns":4},{"damage":0,"enemies":"2 Louse","floor":3,"turns":3},{"damage":30,"enemies":"Lagavulin","floor":7,"turns":7},{"damage":0,"enemies":"Small Slimes","floor":11,"turns":2},{"damage":0,"enemies":"3 Sentries","floor":12,"turns":5},{"damage":0,"enemies":"Slime Boss","floor":16,"turns":6},{"damage":0,"enemies":"3 Byrds","floor":18,"turns":4},{"damage":23,"enemies":"2 Thieves","floor":20,"turns":3},{"damage":21,"enemies":"Snake Plant","floor":21,"turns":3},{"damage":25,"enemies":"Shelled Parasite and Fungi","floor":25,"turns":3},{"damage":0,"enemies":"Cultist and Chosen","floor":27,"turns":4},{"damage":5,"enemies":"Snecko","floor":28,"turns":3},{"damage":33,"enemies":"Slavers","floor":30,"turns":4},{"damage":46,"enemies":"Automaton","floor":33,"turns":6}],"seed_played":"-1747578619307112365","potions_obtained":[{"floor":3,"key":"SpeedPotion"},{"floor":7,"key":"Slimebound:ThreeZeroPotion"},{"floor":12,"key":"Explosive Potion"},{"floor":18,"key":"Energy Potion"},{"floor":20,"key":"Strength Potion"},{"floor":25,"key":"EssenceOfSteel"},{"floor":31,"key":"SkillPotion"},{"floor":31,"key":"EssenceOfSteel"},{"floor":31,"key":"Fruit Juice"}],"is_trial":false,"path_per_floor":["M","?","M","?","T","R","E","R","T","R","M","E","?","$","R","B",null,"M","?","M","M","?","R","$","M","T","M","M","R","E","?","R","B"],"character_chosen":"DEFECT","items_purchased":["Lockon+1","Loop","Orrery","Membership Card"],"campfire_rested":4,"item_purchase_floors":[14,14,14,24],"current_hp_per_floor":[64,49,49,49,49,49,19,41,41,41,41,41,34,34,34,34,65,65,65,42,21,21,43,43,18,18,18,13,35,2,7,31,0,0],"gold":104,"neow_bonus":"UPGRADE_CARD","is_daily":false,"chose_seed":false,"campfire_upgraded":2,"win_rate":0.0,"timestamp":1612825240,"path_taken":["M","?","M","?","?","R","E","R","T","R","M","E","?","?","R","BOSS","M","?","M","M","?","R","$","M","T","M","M","R","E","?","R","BOSS"],"items_purchased_type":["Card","Card","Relic","Relic"],"build_version":"2020-12-22","purchased_purges":1,"victory":false,"max_hp_per_floor":[75,75,75,75,75,75,75,75,75,75,75,75,75,75,75,75,75,75,75,75,75,75,75,75,75,75,75,75,75,75,80,80,80,80],"card_choices":[{"not_picked":["Sweeping Beam","Beam Cell"],"picked":"BootSequence","floor":1},{"not_picked":["Beam Cell","Hologram"],"picked":"Rebound","floor":3},{"not_picked":["Static Discharge","Skim"],"picked":"Core Surge","floor":7},{"not_picked":["Storm","Steam"],"picked":"Rip and Tear+1","floor":11},{"not_picked":["Compile Driver+1","Turbo"],"picked":"Genetic Algorithm","floor":12},{"not_picked":["Sweeping Beam+1","Stack"],"picked":"Go for the Eyes+1","floor":14},{"not_picked":["Hello World","Beam Cell+1"],"picked":"Sunder+1","floor":14},{"not_picked":["Hologram","Steam Power"],"picked":"Scrape+1","floor":14},{"not_picked":["Aggregate","Force Field"],"picked":"Doom and Gloom+1","floor":14},{"not_picked":["Hologram","Tempest"],"picked":"Cold Snap+1","floor":14},{"not_picked":["Electrodynamics","Meteor Strike+1"],"picked":"Fission","floor":16},{"not_picked":["Rip and Tear+1","Turbo+1"],"picked":"Defragment","floor":18},{"not_picked":["Aggregate+1","Consume"],"picked":"Rebound+1","floor":20},{"not_picked":["Hologram","Rebound+1"],"picked":"Rip and Tear+1","floor":21},{"not_picked":["Self Repair","Chaos"],"picked":"Cold Snap+1","floor":25},{"not_picked":["Beam Cell+1","Rip and Tear+1"],"picked":"Conserve Battery","floor":27},{"not_picked":["Steam Power+1","Recycle"],"picked":"Darkness","floor":28},{"not_picked":["Consume","BootSequence+1","Beam Cell+1"],"picked":"SKIP","floor":30}],"player_experience":917995,"relics_obtained":[{"floor":7,"key":"Ginger"},{"floor":9,"key":"Molten Egg 2"},{"floor":12,"key":"Smiling Mask"},{"floor":26,"key":"Boot"},{"floor":30,"key":"Cables"}],"event_choices":[{"damage_healed":0,"gold_gain":0,"player_choice":"Entered Light","damage_taken":15,"max_hp_gain":0,"max_hp_loss":0,"event_name":"Shining Light","floor":2,"gold_loss":0,"cards_upgraded":["Strike_B","BootSequence"]},{"damage_healed":0,"gold_gain":0,"cards_transformed":["Strike_B"],"player_choice":"Change","damage_taken":0,"max_hp_gain":0,"max_hp_loss":0,"event_name":"Living Wall","floor":4,"gold_loss":0,"cards_obtained":["Static Discharge"]},{"cards_removed":["Strike_B"],"damage_healed":0,"gold_gain":0,"player_choice":"Card Removal","damage_taken":7,"max_hp_gain":0,"max_hp_loss":0,"event_name":"Golden Wing","floor":13,"gold_loss":0},{"damage_healed":0,"gold_gain":99,"player_choice":"Stole From Cult","damage_taken":0,"max_hp_gain":0,"max_hp_loss":0,"event_name":"Nest","floor":19,"gold_loss":0},{"damage_healed":0,"gold_gain":0,"player_choice":"Opened","damage_taken":0,"relics_obtained":["Akabeko"],"max_hp_gain":0,"max_hp_loss":0,"event_name":"The Mausoleum","floor":22,"gold_loss":0},{"damage_healed":0,"gold_gain":0,"player_choice":"Bought 3 Potions","damage_taken":0,"max_hp_gain":0,"max_hp_loss":0,"event_name":"The Woman in Blue","floor":31,"gold_loss":0}],"is_beta":false,"boss_relics":[{"not_picked":["sneckomod:SneckoTalon","Snecko Eye"],"picked":"Astrolabe"}],"items_purged_floors":[24],"is_endless":false,"potions_floor_spawned":[3,7,12,18,20,25],"killed_by":"Automaton","ascension_level":8}}