{"host":"1bvadgc0hovl67h4","time":1612821249,"event":{"mods":["BaseMod","Colored Map","Downfall","Hermit","Minty Spire (QoL Compilation)","StSLib","The Cursed"],"gold_per_floor":[114,125,125,200,214,214,228,228,228,228,246,267,300,321,321,321,321],"floor_reached":16,"language":"ENG","playtime":615,"items_purged":[],"score":94,"play_id":"add91c5a-2b71-4658-81c8-133227f2474b","local_time":"20210208135409","is_ascension_mode":false,"campfire_choices":[{"data":"hermit:BodyArmor","floor":6,"key":"SMITH"},{"data":"hermit:Quickdraw","floor":8,"key":"SMITH"},{"data":"hermit:BlackWind","floor":15,"key":"SMITH"}],"circlet_count":0,"master_deck":["hermit:Strike_Hermit","hermit:Strike_Hermit","hermit:Strike_Hermit","hermit:Strike_Hermit","hermit:Defend_Hermit","hermit:Defend_Hermit","hermit:Defend_Hermit","hermit:Defend_Hermit","hermit:Snapshot","hermit:Covet","hermit:Desperado","hermit:BodyArmor+1","hermit:WideOpen","Injury","hermit:Quickdraw+1","Regret","hermit:CursedWeapon","hermit:BlackWind+1"],"relics":["hermit:Momento","Golden Idol","Letter Opener","Slimebound:PreparedRelic","Odd Mushroom"],"acts_visited":["Exordium"],"potions_floor_usage":[13,16],"damage_taken":[{"damage":7,"enemies":"Small Slimes","floor":1,"turns":2},{"damage":0,"enemies":"Jaw Worm","floor":2,"turns":3},{"damage":5,"enemies":"2 Louse","floor":5,"turns":2},{"damage":0,"enemies":"2 Fungi Beasts","floor":7,"turns":3},{"damage":2,"enemies":"Looter","floor":11,"turns":2},{"damage":2,"enemies":"3 Louse","floor":12,"turns":3},{"damage":27,"enemies":"The Mushroom Lair","floor":13,"turns":3},{"damage":2,"enemies":"Exordium Wildlife","floor":14,"turns":2},{"damage":41,"enemies":"Hexaghost","floor":16,"turns":9}],"seed_played":"1869191836653080302","potions_obtained":[{"floor":11,"key":"LiquidMemories"},{"floor":12,"key":"hexamod:SoulburnPotion"},{"floor":13,"key":"FairyPotion"}],"is_trial":false,"path_per_floor":["M","M","?","?","M","R","M","R","T","?","M","M","?","M","R","B"],"character_chosen":"HERMIT","items_purchased":[],"campfire_rested":0,"item_purchase_floors":[],"current_hp_per_floor":[68,68,68,57,52,52,52,52,52,52,50,48,21,19,19,0,0],"gold":321,"neow_bonus":"THREE_CARDS","is_daily":false,"chose_seed":false,"campfire_upgraded":3,"win_rate":0.0,"timestamp":1612821249,"path_taken":["M","M","?","?","M","R","M","R","T","?","M","M","?","M","R","BOSS"],"items_purchased_type":[],"build_version":"2020-12-22","purchased_purges":0,"victory":false,"max_hp_per_floor":[75,75,75,75,75,75,75,75,75,75,75,75,75,75,75,75,75],"card_choices":[{"not_picked":["hermit:Ricochet","hermit:Dive"],"picked":"hermit:Desperado","floor":0},{"not_picked":["hermit:Misfire","hermit:LowProfile"],"picked":"hermit:BodyArmor","floor":1},{"not_picked":["hermit:Desperado","hermit:Enervate"],"picked":"hermit:WideOpen","floor":2},{"not_picked":["hermit:Misfire","hermit:HoleUp","hermit:ItchyTrigger"],"picked":"SKIP","floor":5},{"not_picked":["hermit:Misfire","hermit:TrackingShot"],"picked":"hermit:Quickdraw","floor":7},{"not_picked":["hermit:Headshot","hermit:EyeOfTheStorm"],"picked":"hermit:CursedWeapon","floor":11},{"not_picked":["hermit:TrackingShot","hermit:Spite","hermit:LuckOfTheDraw"],"picked":"SKIP","floor":12},{"not_picked":["hermit:Cheat","hermit:BodyArmor"],"picked":"hermit:BlackWind","floor":13},{"not_picked":["hermit:EyeOfTheStorm","hermit:Horror","hermit:LoneWolf"],"picked":"SKIP","floor":14}],"player_experience":255581,"relics_obtained":[{"floor":9,"key":"Letter Opener"},{"floor":13,"key":"Odd Mushroom"}],"event_choices":[{"damage_healed":0,"gold_gain":0,"player_choice":"Take Wound","damage_taken":0,"relics_obtained":["Golden Idol"],"max_hp_gain":0,"max_hp_loss":0,"event_name":"Golden Idol","floor":3,"gold_loss":0,"cards_obtained":["Injury"]},{"damage_healed":0,"gold_gain":75,"player_choice":"Gather Gold","damage_taken":11,"max_hp_gain":0,"max_hp_loss":0,"event_name":"World of Goop","floor":4,"gold_loss":0},{"damage_healed":0,"gold_gain":0,"player_choice":"Box","damage_taken":0,"relics_obtained":["Slimebound:PreparedRelic"],"max_hp_gain":0,"max_hp_loss":0,"event_name":"Big Fish","floor":10,"gold_loss":0,"cards_obtained":["Regret"]},{"damage_healed":0,"gold_gain":0,"player_choice":"Fought Mushrooms","damage_taken":0,"max_hp_gain":0,"max_hp_loss":0,"event_name":"Mushrooms","floor":13,"gold_loss":0}],"is_beta":false,"boss_relics":[],"items_purged_floors":[],"is_endless":false,"potions_floor_spawned":[11,12,13],"killed_by":"Hexaghost","ascension_level":0}}