{"host":"v3oldak69fx1zt0p","time":1612760076,"event":{"mods":["BaseMod","Downfall","Hermit","Minty Spire (QoL Compilation)","Quick Restart","StSLib","The Cursed","Waifu the Spire","noobMod"],"gold_per_floor":[115,115,1,176,193,193,234,276,310,310,9,9,49,68,68,185,185,209,209,209,19,40,375,375,182,218,262,262,304,313,342,342,455,455,480,145,145,158,158,158,158],"floor_reached":40,"language":"ENG","playtime":1687,"items_purged":["champ:GladiatorForm","bronze:Verify","TheCursedMod:Defend_TheCursed"],"score":748,"play_id":"48e1dbb7-ba1b-482b-aa16-bc4882b2c18e","local_time":"20210207225436","daily_mods":["Heirloom","Flight","DeadlyEvents","Cursed Run"],"is_ascension_mode":true,"campfire_choices":[{"data":"Demon Form","floor":6,"key":"SMITH"},{"floor":10,"key":"REST"},{"data":"Echo Form","floor":12,"key":"SMITH"},{"floor":15,"key":"REST"},{"floor":24,"key":"REST"},{"data":"DevaForm","floor":28,"key":"SMITH"},{"floor":32,"key":"REST"}],"circlet_count":0,"master_deck":["Demon Form+1","Wraith Form v2","Echo Form+1","DevaForm+1","Guardian:ConstructionForm","Slimebound:DuplicatedForm","TheCursedMod:Strike_TheCursed","TheCursedMod:Strike_TheCursed","TheCursedMod:Strike_TheCursed","TheCursedMod:Strike_TheCursed","TheCursedMod:Defend_TheCursed","TheCursedMod:Defend_TheCursed","TheCursedMod:Defend_TheCursed","TheCursedMod:CursedWand","TheCursedMod:CleanUpWorkshop","TheCursedMod:Dregs","TheCursedMod:CursedBoomerang","TheCursedMod:CircleOfFocus","TheCursedMod:HellfireBreathing","Doubt","TheCursedMod:SpreadPlague","TheCursedMod:CircleOfFocus","TheCursedMod:CircleOfAbyss","downfall:Aged","TheCursedMod:HellfireBreathing","TheCursedMod:SoulReap","TheCursedMod:SaltUponWound","TheCursedMod:SpitefulPlan","Parasite","TheCursedMod:ParallelWorld","TheCursedMod:CircleOfFlame+1","TheCursedMod:CircleOfFlame","TheCursedMod:CursedShiv","TheCursedMod:Wield","TheCursedMod:Wield","TheCursedMod:WearCloak","downfall:Malfunctioning","TheCursedMod:CircleOfBlood+1","TheCursedMod:Obscuration","Decay","TheCursedMod:DemonSword","TheCursedMod:LuckyCharm+1","TheCursedMod:EmpowerCircles"],"relics":["Cursed Key","Darkstone Periapt","Du-Vu Doll","ice","TheCursedMod:CrystalBall","CeramicFish","Letter Opener","Vajra","Membership Card","PreservedInsect","TheCursedMod:SoulVessel","Runic Pyramid","TheCursedMod:MagicCandle","TheCursedMod:BloodyHarpoon","Old Coin","Lee\u0027s Waffle","Regal Pillow","champ:DuelingGlove","Meat on the Bone","Gremlin Horn","Omamori","Sozu","ClockworkSouvenir","Pen Nib","Thread and Needle"],"acts_visited":["Exordium","TheCity","TheBeyond"],"potions_floor_usage":[5,7,14,16,29,31],"damage_taken":[{"damage":25,"enemies":"Jaw Worm","floor":1,"turns":5},{"damage":0,"enemies":"Cultist","floor":5,"turns":4},{"damage":16,"enemies":"Lagavulin","floor":7,"turns":6},{"damage":40,"enemies":"Gremlin Nob","floor":8,"turns":5},{"damage":23,"enemies":"Lagavulin","floor":13,"turns":4},{"damage":16,"enemies":"2 Louse","floor":14,"turns":3},{"damage":46,"enemies":"Hexaghost","floor":16,"turns":8},{"damage":21,"enemies":"Shell Parasite","floor":18,"turns":5},{"damage":35,"enemies":"2 Thieves","floor":22,"turns":4},{"damage":28,"enemies":"Slavers","floor":23,"turns":4},{"damage":18,"enemies":"Gremlin Leader","floor":27,"turns":4},{"damage":15,"enemies":"Book of Stabbing","floor":29,"turns":3},{"damage":31,"enemies":"Gremlin Leader","floor":31,"turns":3},{"damage":33,"enemies":"Champ","floor":33,"turns":8},{"damage":40,"enemies":"3 Darklings","floor":35,"turns":4},{"damage":18,"enemies":"3 Shapes","floor":38,"turns":3},{"damage":133,"enemies":"Giant Head","floor":40,"turns":13}],"seed_played":"2188124751433866846","potions_obtained":[{"floor":1,"key":"Explosive Potion"},{"floor":5,"key":"Block Potion"},{"floor":13,"key":"Regen Potion"},{"floor":14,"key":"sneckomod:MuddlingPotion"},{"floor":29,"key":"SkillPotion"},{"floor":33,"key":"EssenceOfSteel"}],"is_trial":true,"path_per_floor":["M","?","$","?","M","R","E","E","T","R","$","R","E","M","R","B",null,"M","?","?","$","M","E","R","$","T","E","R","E","T","E","R","B",null,"M","$","?","M","?","E"],"character_chosen":"THE_CURSED","items_purchased":["TheCursedMod:HellfireBreathing","TheCursedMod:ManaBullet","Membership Card","PreservedInsect","TheCursedMod:HellfireBreathing","TheCursedMod:SoulReap","TheCursedMod:BloodyHarpoon","TheCursedMod:CircleOfFlame","Lee\u0027s Waffle","Energy Potion","TheCursedMod:Wield","TheCursedMod:WearCloak","TheCursedMod:EmpowerCircles","ClockworkSouvenir","Pen Nib","Thread and Needle"],"campfire_rested":4,"item_purchase_floors":[3,3,11,11,11,11,21,21,25,25,25,25,36,36,36,36],"current_hp_per_floor":[50,50,50,56,56,56,55,30,36,62,62,62,39,38,64,34,93,72,72,72,72,47,34,61,100,106,88,88,73,79,75,112,111,112,91,91,112,95,95,68,68],"gold":158,"neow_bonus":"","is_daily":false,"chose_seed":false,"campfire_upgraded":3,"win_rate":0.0,"timestamp":1612760076,"path_taken":["M","?","?","?","M","R","E","?","T","R","$","R","E","M","R","BOSS","M","?","?","$","?","E","R","$","T","E","R","E","?","E","R","BOSS","M","$","?","?","?","E"],"items_purchased_type":["Card","Card","Relic","Relic","Card","Card","Relic","Card","Relic","Potion","Card","Card","Card","Relic","Relic","Relic"],"build_version":"2020-12-22","purchased_purges":3,"victory":false,"max_hp_per_floor":[75,75,75,81,81,81,81,81,87,87,87,87,87,87,87,93,93,93,93,93,93,93,93,93,100,106,106,106,106,112,112,112,112,112,112,112,112,112,112,115,115],"card_choices":[{"not_picked":["TheCursedMod:SoulReap","TheCursedMod:ReleasedStrength"],"picked":"TheCursedMod:CursedBoomerang","floor":1},{"not_picked":["TheCursedMod:TroublousMinions","TheCursedMod:Evocation"],"picked":"TheCursedMod:SpreadPlague","floor":5},{"not_picked":["TheCursedMod:CursedBlade","TheCursedMod:WearCloak"],"picked":"TheCursedMod:CircleOfFocus","floor":7},{"not_picked":["TheCursedMod:SmokeScreen","TheCursedMod:DoubleShield"],"picked":"TheCursedMod:CircleOfAbyss","floor":8},{"not_picked":["TheCursedMod:FleshFromBone","TheCursedMod:RavingStaff"],"picked":"TheCursedMod:SaltUponWound","floor":13},{"not_picked":["TheCursedMod:RapidMovement","TheCursedMod:FuryStrike"],"picked":"TheCursedMod:SpitefulPlan","floor":14},{"not_picked":["TheCursedMod:DemonSword","TheCursedMod:AntiAging"],"picked":"TheCursedMod:ParallelWorld","floor":16},{"not_picked":["TheCursedMod:Wield","TheCursedMod:TacticalStrike+1"],"picked":"TheCursedMod:CircleOfFlame+1","floor":18},{"not_picked":["TheCursedMod:SmokeScreen","TheCursedMod:WearCloak"],"picked":"TheCursedMod:CursedShiv","floor":22},{"not_picked":["TheCursedMod:SpitefulStrike","TheCursedMod:CircleOfFlame"],"picked":"TheCursedMod:Wield","floor":23},{"not_picked":["TheCursedMod:CircleOfAbyss","TheCursedMod:CircleOfFlame"],"picked":"TheCursedMod:CircleOfBlood+1","floor":27},{"not_picked":["TheCursedMod:SpitefulPlan","TheCursedMod:FleshFromBone"],"picked":"TheCursedMod:Obscuration","floor":29},{"not_picked":["TheCursedMod:WearCloak","TheCursedMod:Wield+1","TheCursedMod:CursedStaff"],"picked":"SKIP","floor":31},{"not_picked":["TheCursedMod:ForbiddenAlchemy","TheCursedMod:CircleOfAbyss"],"picked":"TheCursedMod:DemonSword","floor":33},{"not_picked":["TheCursedMod:TroublousMinions","TheCursedMod:SpitefulStrike+1"],"picked":"TheCursedMod:LuckyCharm+1","floor":35},{"not_picked":["TheCursedMod:VitalStrike","TheCursedMod:CursedArmor+1","TheCursedMod:Wield+1"],"picked":"SKIP","floor":38}],"player_experience":180069,"relics_obtained":[{"floor":7,"key":"CeramicFish"},{"floor":8,"key":"Letter Opener"},{"floor":9,"key":"Vajra"},{"floor":13,"key":"TheCursedMod:SoulVessel"},{"floor":23,"key":"Old Coin"},{"floor":26,"key":"Regal Pillow"},{"floor":27,"key":"champ:DuelingGlove"},{"floor":29,"key":"Meat on the Bone"},{"floor":30,"key":"Gremlin Horn"},{"floor":31,"key":"Omamori"}],"event_choices":[{"damage_healed":0,"gold_gain":0,"cards_transformed":["sneckomod:SerpentMind"],"player_choice":"Transformed","damage_taken":0,"max_hp_gain":0,"max_hp_loss":0,"event_name":"Transmorgrifier","floor":2,"gold_loss":0,"cards_obtained":["TheCursedMod:CircleOfFocus"]},{"damage_healed":0,"gold_gain":175,"player_choice":"AGREE","damage_taken":0,"max_hp_gain":0,"max_hp_loss":0,"event_name":"Liars Game","floor":4,"gold_loss":0,"cards_obtained":["Doubt"]},{"cards_removed":["hexamod:HexaLevel"],"damage_healed":0,"gold_gain":0,"player_choice":"Elegance","damage_taken":0,"max_hp_gain":0,"max_hp_loss":0,"event_name":"Back to Basics","floor":19,"gold_loss":0},{"damage_healed":0,"gold_gain":0,"player_choice":"Opened","damage_taken":0,"relics_obtained":["TheCursedMod:MagicCandle"],"max_hp_gain":0,"max_hp_loss":0,"event_name":"The Mausoleum","floor":20,"gold_loss":0},{"damage_healed":28,"gold_gain":0,"player_choice":"Writhe","damage_taken":0,"max_hp_gain":0,"max_hp_loss":0,"event_name":"Winding Halls","floor":37,"gold_loss":0,"cards_obtained":["Writhe"]},{"cards_removed":["TheCursedMod:ManaBullet"],"damage_healed":0,"gold_gain":0,"player_choice":"Removed Attack","damage_taken":0,"max_hp_gain":0,"max_hp_loss":0,"event_name":"Falling","floor":39,"gold_loss":0}],"is_beta":false,"boss_relics":[{"not_picked":["bronze:MakeshiftBattery","Ectoplasm"],"picked":"Runic Pyramid"},{"not_picked":["Philosopher\u0027s Stone","Snecko Eye"],"picked":"Sozu"}],"items_purged_floors":[11,21,25],"is_endless":false,"potions_floor_spawned":[1,5,13,14,29,33,38],"killed_by":"Giant Head","ascension_level":1}}