{"host":"f5akwxsmb9r0twid","time":1612769518,"event":{"mods":["BaseMod","Colored Map","Minty Spire (QoL Compilation)"],"gold_per_floor":[117,132,57,57,57,90,113,144,144,144,160,160,191,191,191,311,311,335,188,208,228,228,258,258,290,290,290,290,322,348,360,372,480,542,574,22,22,22,41,72,83,83,131,143,176,176,193,36,36,36],"floor_reached":51,"language":"ENG","playtime":4585,"items_purged":["Strike_B"],"score":856,"play_id":"e4d44455-48b6-43bb-93b2-c57d39262915","local_time":"20210208103158","is_ascension_mode":false,"campfire_choices":[{"floor":10,"key":"REST"},{"data":"Redo","floor":12,"key":"SMITH"},{"floor":15,"key":"REST"},{"data":"Defragment","floor":24,"key":"SMITH"},{"data":"Electrodynamics","floor":27,"key":"SMITH"},{"data":"Double Energy","floor":32,"key":"SMITH"},{"floor":42,"key":"REST"},{"floor":49,"key":"REST"}],"circlet_count":0,"master_deck":["Strike_B","Strike_B","Strike_B","Defend_B","Defend_B","Defend_B","Defend_B","Zap","Dualcast+1","Redo+1","Redo","Static Discharge+1","Darkness","Leap","FTL+1","Cold Snap+1","Ball Lightning+1","Electrodynamics+1","White Noise","Double Energy+1","Ball Lightning+1","Conserve Battery+1","Defragment+1","Undo","Conserve Battery","Defragment","Fusion+1","Creative AI","Cold Snap+1","Conserve Battery","Apotheosis+1","Flash of Steel+1","FTL+1","Redo+1","Consume+1"],"relics":["Cracked Core","NeowsBlessing","Bloody Idol","TungstenRod","Molten Egg 2","Pear","Bag of Preparation","Boot","SlaversCollar","Bag of Marbles","White Beast Statue","HornCleat","MawBank","Tiny House","FossilizedHelix","Toxic Egg 2","Lantern","Pocketwatch","Toolbox"],"acts_visited":["Exordium","TheCity","TheBeyond"],"potions_floor_usage":[16,16,20,25,33,35,47,50],"damage_taken":[{"damage":0,"enemies":"Cultist","floor":1,"turns":1},{"damage":0,"enemies":"2 Louse","floor":2,"turns":1},{"damage":0,"enemies":"Lagavulin","floor":6,"turns":1},{"damage":1,"enemies":"Jaw Worm","floor":7,"turns":3},{"damage":22,"enemies":"Gremlin Nob","floor":8,"turns":4},{"damage":1,"enemies":"Large Slime","floor":11,"turns":4},{"damage":16,"enemies":"3 Sentries","floor":13,"turns":4},{"damage":0,"enemies":"Slime Boss","floor":16,"turns":7},{"damage":3,"enemies":"Shell Parasite","floor":18,"turns":5},{"damage":13,"enemies":"2 Thieves","floor":20,"turns":3},{"damage":12,"enemies":"Sentry and Sphere","floor":21,"turns":3},{"damage":16,"enemies":"Book of Stabbing","floor":23,"turns":4},{"damage":9,"enemies":"Gremlin Leader","floor":25,"turns":4},{"damage":15,"enemies":"Slavers","floor":29,"turns":3},{"damage":0,"enemies":"Snecko","floor":30,"turns":3},{"damage":32,"enemies":"Collector","floor":33,"turns":6},{"damage":15,"enemies":"Orb Walker","floor":35,"turns":4},{"damage":0,"enemies":"3 Darklings","floor":39,"turns":4},{"damage":5,"enemies":"Nemesis","floor":40,"turns":5},{"damage":51,"enemies":"Spire Growth","floor":41,"turns":7},{"damage":2,"enemies":"Writhing Mass","floor":44,"turns":4},{"damage":56,"enemies":"Giant Head","floor":45,"turns":8},{"damage":13,"enemies":"Transient","floor":47,"turns":5},{"damage":107,"enemies":"Awakened One","floor":50,"turns":11}],"seed_played":"7474656433222333382","potions_obtained":[{"floor":6,"key":"Fire Potion"},{"floor":7,"key":"PotionOfCapacity"},{"floor":11,"key":"LiquidMemories"},{"floor":13,"key":"ColorlessPotion"},{"floor":18,"key":"FocusPotion"},{"floor":20,"key":"LiquidMemories"},{"floor":23,"key":"Weak Potion"},{"floor":29,"key":"Block Potion"},{"floor":30,"key":"Fire Potion"},{"floor":31,"key":"FairyPotion"},{"floor":33,"key":"Energy Potion"},{"floor":34,"key":"Regen Potion"},{"floor":35,"key":"Fruit Juice"},{"floor":39,"key":"FairyPotion"},{"floor":47,"key":"SkillPotion"}],"is_trial":false,"path_per_floor":["M","M","$","?","?","E","M","E","T","R","M","R","E","?","R","B",null,"M","$","M","M","?","E","R","E","T","R","?","E","M","?","R","B",null,"M","$","?","$","M","E","M","R","T","M","E","?","M","$","R","B",null],"character_chosen":"DEFECT","items_purchased":["Static Discharge","Double Energy","Apotheosis","Flash of Steel+1","FossilizedHelix","Toolbox"],"campfire_rested":4,"item_purchase_floors":[3,19,36,36,36,48],"current_hp_per_floor":[75,75,75,75,57,57,56,34,44,69,68,68,52,38,63,63,85,82,82,69,57,57,46,46,42,42,42,42,32,42,47,52,30,90,85,90,90,90,95,95,49,77,82,85,34,34,26,26,54,28],"gold":36,"neow_bonus":"THREE_ENEMY_KILL","is_daily":false,"chose_seed":false,"campfire_upgraded":4,"win_rate":0.0,"timestamp":1612769518,"path_taken":["M","?","$","?","?","E","M","E","T","R","M","R","E","?","R","BOSS","M","$","M","M","?","E","R","E","T","R","?","E","M","?","R","BOSS","M","?","?","$","?","E","M","R","T","M","E","?","M","$","R","BOSS"],"items_purchased_type":["Card","Card","Card","Card","Relic","Relic"],"build_version":"2020-12-22","purchased_purges":1,"victory":true,"max_hp_per_floor":[75,75,75,75,75,75,75,75,85,85,85,85,85,85,85,85,85,85,85,85,85,85,85,85,85,85,85,85,85,85,85,85,85,90,95,95,95,95,95,95,95,95,95,95,95,95,95,95,95,95],"card_choices":[{"not_picked":["Go for the Eyes","Streamline"],"picked":"Redo","floor":1},{"not_picked":["Skim","Stack"],"picked":"Redo","floor":2},{"not_picked":["White Noise","Multi-Cast"],"picked":"Darkness","floor":6},{"not_picked":["Streamline","Compile Driver"],"picked":"Leap","floor":7},{"not_picked":["Consume","Go for the Eyes+1"],"picked":"FTL+1","floor":8},{"not_picked":["Reprogram","Scrape+1"],"picked":"Cold Snap+1","floor":11},{"not_picked":["Sweeping Beam+1","Reprogram"],"picked":"Ball Lightning+1","floor":13},{"not_picked":["Machine Learning","Fission"],"picked":"Electrodynamics","floor":16},{"not_picked":["Steam","Coolheaded+1"],"picked":"White Noise","floor":18},{"not_picked":["Lockon+1","Blizzard+1"],"picked":"Ball Lightning+1","floor":20},{"not_picked":["Compile Driver+1","Genetic Algorithm"],"picked":"Conserve Battery+1","floor":21},{"not_picked":["Scrape+1","Sweeping Beam+1"],"picked":"Defragment","floor":23},{"not_picked":["Darkness","Rip and Tear+1"],"picked":"Undo","floor":25},{"not_picked":["Hologram","Heatsinks"],"picked":"Defragment","floor":29},{"not_picked":["Ball Lightning+1","Scrape+1"],"picked":"Fusion+1","floor":30},{"not_picked":["Echo Form","Electrodynamics"],"picked":"Creative AI","floor":33},{"not_picked":["Ball Lightning+1","Hologram"],"picked":"Cold Snap+1","floor":34},{"not_picked":["Heatsinks","Rebound+1"],"picked":"Conserve Battery","floor":35},{"not_picked":["Conserve Battery","Hologram+1","Redo"],"picked":"SKIP","floor":39},{"not_picked":["Hologram+1","Conserve Battery+1"],"picked":"FTL+1","floor":40},{"not_picked":["Barrage+1","Echo Form"],"picked":"Redo+1","floor":41},{"not_picked":["Storm+1","Barrage+1"],"picked":"Consume+1","floor":44},{"not_picked":["FTL+1","Barrage+1","Steam+1"],"picked":"SKIP","floor":45},{"not_picked":["Compile Driver+1","Coolheaded+1","Reprogram+1"],"picked":"SKIP","floor":47}],"player_experience":295196,"relics_obtained":[{"floor":6,"key":"TungstenRod"},{"floor":8,"key":"Molten Egg 2"},{"floor":9,"key":"Pear"},{"floor":13,"key":"Bag of Preparation"},{"floor":23,"key":"Bag of Marbles"},{"floor":25,"key":"White Beast Statue"},{"floor":26,"key":"HornCleat"},{"floor":29,"key":"MawBank"},{"floor":40,"key":"Toxic Egg 2"},{"floor":43,"key":"Lantern"},{"floor":45,"key":"Pocketwatch"}],"event_choices":[{"damage_healed":0,"gold_gain":0,"player_choice":"Grow","damage_taken":0,"max_hp_gain":0,"max_hp_loss":0,"event_name":"Living Wall","floor":4,"gold_loss":0,"cards_upgraded":["Static Discharge"]},{"damage_healed":0,"gold_gain":0,"player_choice":"Take Damage","damage_taken":18,"relics_obtained":["Golden Idol"],"max_hp_gain":0,"max_hp_loss":0,"event_name":"Golden Idol","floor":5,"gold_loss":0},{"damage_healed":0,"gold_gain":0,"player_choice":"Success","damage_taken":18,"relics_obtained":["Boot"],"max_hp_gain":0,"max_hp_loss":0,"event_name":"Scrap Ooze","floor":14,"gold_loss":0},{"damage_healed":0,"gold_gain":0,"player_choice":"Gave Idol","damage_taken":0,"relics_obtained":["Bloody Idol"],"max_hp_gain":0,"max_hp_loss":0,"event_name":"Forgotten Altar","floor":22,"relics_lost":["Golden Idol"],"gold_loss":0},{"damage_healed":0,"gold_gain":0,"player_choice":"Read","damage_taken":0,"max_hp_gain":0,"max_hp_loss":0,"event_name":"The Library","floor":28,"gold_loss":0,"cards_obtained":["Conserve Battery"]},{"damage_healed":0,"gold_gain":0,"player_choice":"Got Potions","damage_taken":0,"max_hp_gain":0,"max_hp_loss":0,"event_name":"Lab","floor":31,"gold_loss":0},{"damage_healed":0,"gold_gain":0,"player_choice":"Upgraded","damage_taken":0,"max_hp_gain":0,"max_hp_loss":0,"event_name":"Upgrade Shrine","floor":37,"gold_loss":0,"cards_upgraded":["Apotheosis"]},{"damage_healed":0,"gold_gain":0,"player_choice":"Ignored","damage_taken":0,"max_hp_gain":0,"max_hp_loss":0,"event_name":"SecretPortal","floor":46,"gold_loss":0}],"is_beta":false,"boss_relics":[{"not_picked":["Black Star","Runic Pyramid"],"picked":"SlaversCollar"},{"not_picked":["Philosopher\u0027s Stone","Empty Cage"],"picked":"Tiny House"}],"items_purged_floors":[19],"is_endless":false,"potions_floor_spawned":[6,7,11,13,18,20,23,29,30,33,35,39,40,41,44,45,47],"ascension_level":0}}