{"host":"k5dhp0bkccqfauyu","time":1612784229,"event":{"mods":["BaseMod","Better Note","Better Skull","Better Vampires","Colored Map","Colored Powertips","DeckTracker","Minty Spire (QoL Compilation)","Permanent Neow","StSLib","SuperFastMode"],"gold_per_floor":[114,130,150,21,21,21,33,33,57,57,57,132,35,66,66,66,66],"floor_reached":16,"language":"ENG","playtime":457,"items_purged":["Strike_G"],"score":246,"play_id":"46f317ad-afe5-47f5-80ac-4dbbb8171e16","local_time":"20210208223709","is_ascension_mode":true,"campfire_choices":[{"data":"Dagger Spray","floor":6,"key":"SMITH"},{"data":"Deadly Poison","floor":8,"key":"SMITH"},{"floor":11,"key":"REST"},{"data":"Blade Dance","floor":15,"key":"SMITH"}],"circlet_count":0,"master_deck":["AscendersBane","Strike_G","Strike_G","Strike_G","Defend_G","Defend_G+1","Defend_G","Defend_G","Defend_G","Survivor","Neutralize","Panacea+1","Dagger Spray+1","Crippling Poison","Sucker Punch","Deadly Poison+1","Blade Dance+1","Terror","Masterful Stab"],"relics":["Ring of the Snake","Vajra","Nunchaku"],"acts_visited":["Exordium"],"potions_floor_usage":[2,14,16],"damage_taken":[{"damage":0,"enemies":"2 Louse","floor":1,"turns":3},{"damage":3,"enemies":"Jaw Worm","floor":2,"turns":6},{"damage":12,"enemies":"Small Slimes","floor":3,"turns":4},{"damage":11,"enemies":"Exordium Thugs","floor":7,"turns":6},{"damage":0,"enemies":"3 Sentries","floor":14,"turns":2},{"damage":14,"enemies":"Hexaghost","floor":16,"turns":7}],"seed_played":"8274537079947494386","potions_obtained":[{"floor":1,"key":"Weak Potion"},{"floor":7,"key":"AttackPotion"}],"is_trial":false,"path_per_floor":["M","M","M","$","?","R","M","R","T","?","R","?","$","E","R","B"],"character_chosen":"THE_SILENT","items_purchased":["Deadly Poison","Terror","Poison Potion"],"campfire_rested":1,"item_purchase_floors":[4,13,13],"current_hp_per_floor":[59,56,44,44,37,37,26,26,26,6,25,14,14,14,14,0,0],"gold":66,"neow_bonus":"RANDOM_COLORLESS","is_daily":false,"chose_seed":false,"campfire_upgraded":3,"win_rate":0.0,"timestamp":1612784229,"path_taken":["M","M","M","$","?","R","M","R","T","?","R","?","?","E","R","BOSS"],"items_purchased_type":["Card","Card","Potion"],"build_version":"2020-12-22","purchased_purges":1,"victory":false,"max_hp_per_floor":[66,66,66,66,66,66,66,66,66,66,66,66,66,66,66,66,66],"card_choices":[{"not_picked":["Purity","Good Instincts"],"picked":"Panacea","floor":0},{"not_picked":["All Out Attack","Riddle With Holes"],"picked":"Dagger Spray","floor":1},{"not_picked":["Outmaneuver","Bane"],"picked":"Crippling Poison","floor":2},{"not_picked":["Reflex","Acrobatics"],"picked":"Sucker Punch","floor":3},{"not_picked":["Deflect","Acrobatics"],"picked":"Blade Dance","floor":7},{"not_picked":["Acrobatics","Sucker Punch"],"picked":"Masterful Stab","floor":14}],"player_experience":1863396,"relics_obtained":[{"floor":9,"key":"Vajra"},{"floor":14,"key":"Nunchaku"}],"event_choices":[{"cards_removed":["Strike_G"],"damage_healed":0,"gold_gain":0,"player_choice":"Card Removal","damage_taken":7,"max_hp_gain":0,"max_hp_loss":0,"event_name":"Golden Wing","floor":5,"gold_loss":0},{"damage_healed":0,"gold_gain":0,"player_choice":"Entered Light","damage_taken":20,"max_hp_gain":0,"max_hp_loss":0,"event_name":"Shining Light","floor":10,"gold_loss":0,"cards_upgraded":["Panacea","Defend_G"]},{"damage_healed":0,"gold_gain":75,"player_choice":"Gather Gold","damage_taken":11,"max_hp_gain":0,"max_hp_loss":0,"event_name":"World of Goop","floor":12,"gold_loss":0}],"is_beta":false,"boss_relics":[],"items_purged_floors":[4],"is_endless":false,"potions_floor_spawned":[1,7],"killed_by":"Hexaghost","ascension_level":20}}