{"host":"3mt4w4o4jnuk8q1t","time":1612810067,"event":{"mods":["Act Like it!","BaseMod","Colored Map","Colored Powertips","Decade(王小明)","GungeonMod","Hermit","Jedi Mod","Lobotomy","LobotomyExtend","Marisa（F雨　魔理沙）","Minty Spire (QoL Compilation)","Red Circlet Mod","Reimu（博丽灵梦）","Remilia（蕾米莉亚）","Replay The Spire","RumiaBox-露米娅的神秘盒子","Shop Mod","Spicy Shops","StSLib","TestMod","Waifu the Spire","Yakumo Yukari mod","Youmu（魂魄妖梦）","[IsaacMod]以撒尖塔","【功能Mod】混沌之环修复补丁","【功能Mod】聪明的最终Boss"],"gold_per_floor":[119,119,119,130,15,15,28,55,55,55,75,75,91,116,116,221,221,221,181,198,198,198,229,229,229,309,86,103,128,143,154,154,251,251,270,76,76,96,112,112,112],"floor_reached":40,"language":"ZHS","playtime":5250,"items_purged":[],"score":549,"play_id":"0c3ef755-5e1f-47f4-8603-71065ee58099","local_time":"20210209024747","is_ascension_mode":false,"campfire_choices":[{"floor":6,"key":"RECALL"},{"data":"Blade_Metal","floor":10,"key":"SMITH"},{"floor":12,"key":"REST"},{"data":"KamenRideDecade","floor":24,"key":"SMITH"},{"data":"NMDAZYYGL","floor":32,"key":"SMITH"}],"circlet_count":0,"master_deck":["Decade_Attack","Decade_Attack","Decade_Attack","Decade_Attack+1","KamenRide","Decade_SpecialSkill","Decade_Defend","Decade_Defend","Decade_Defend","Decade_Defend+1","EpicFetus+1","Neutralize","Strike_MRS","KamenRideDecade+1","Blade_Metal+1","Blade_Metal+1","MirrorWorld","Hibiki_Attack3","Hibiki_Attack3","Blade_Mach","Hibiki_Attack2","NMDAZYYGL+1","Blade_Kick","Hibiki_Attack1","Hibiki_Attack1","RideBooker_Skill_2","Blade_Mach","Hibiki_Attack2","Blade_Mach+1","Hibiki_Attack2","Blade_Metal","RideBooker_Skill_1+1","Kiva_Swallow+1","Hibiki_Attack2+1","Hibiki_Attack3+1","DragShield","RideBooker_Skill_1","RideBooker_Skill_2"],"relics":["Decadriver","HushsDoor","testmod-TestBox","DeadEye","testmod-HeartOfStrike","Torii","GodSword6","Baka2","LetterFromLob","DemoMod:GnawedKey","Ccalipers","testmod-Antiphasic","Boot","Membership Card","MerchantsRug","Anchor","ReplayTheSpireMod:Lightbulb","DemoMod:GlassGuonStoneRelic","testmod-CardMagician","Guide Book","HowToJump"],"acts_visited":["Exordium","TheCity","TheBeyond"],"potions_floor_usage":[8,20,30,35],"damage_taken":[{"damage":1,"enemies":"Small Slimes","floor":1,"turns":3},{"damage":0,"enemies":"Cultist","floor":4,"turns":1},{"damage":10,"enemies":"2 Louse","floor":7,"turns":3},{"damage":5,"enemies":"3 Sentries","floor":8,"turns":5},{"damage":15,"enemies":"Exordium Wildlife","floor":11,"turns":4},{"damage":18,"enemies":"Exordium Thugs","floor":13,"turns":4},{"damage":28,"enemies":"The Guardian","floor":16,"turns":9},{"damage":5,"enemies":"Shell Parasite","floor":18,"turns":4},{"damage":0,"enemies":"2 Thieves","floor":20,"turns":3},{"damage":9,"enemies":"Gremlin Leader","floor":23,"turns":3},{"damage":0,"enemies":"Cultist and Chosen","floor":28,"turns":5},{"damage":0,"enemies":"Replay:Snechameleon","floor":29,"turns":3},{"damage":0,"enemies":"Centurion and Healer","floor":30,"turns":1},{"damage":1,"enemies":"Chosen and Byrds","floor":31,"turns":8},{"damage":1,"enemies":"Pondfish","floor":33,"turns":4},{"damage":0,"enemies":"Orb Walker","floor":35,"turns":2},{"damage":14,"enemies":"3 Shapes","floor":38,"turns":1},{"damage":0,"enemies":"Spire Growth","floor":39,"turns":2},{"damage":81,"enemies":"Transient","floor":40,"turns":2}],"seed_played":"9183814341934914190","potions_obtained":[{"floor":7,"key":"jedi:StrikingPotion"},{"floor":16,"key":"Block Potion"},{"floor":20,"key":"jedi:StrikingPotion"},{"floor":29,"key":"Toxic Potion"},{"floor":30,"key":"jedi:StrikingPotion"},{"floor":31,"key":"Adrenaline Potion"},{"floor":39,"key":"Swift Potion"}],"is_trial":false,"path_per_floor":["M","?","?","M","$","R","M","E","T","R","M","R","M","T","R_BF","B",null,"M","?","M","?","?","E","R","T","T","$","M","E","M","M","R","B",null,"M","$","M","M","M","M"],"character_chosen":"Decade","items_purchased":["DemoMod:GnawedKey","Membership Card","MerchantsRug","TheBattery","Anchor","Hibiki_Attack2","Hibiki_Attack3+1","Guide Book","DragShield","HowToJump"],"campfire_rested":1,"item_purchase_floors":[5,27,27,27,27,27,36,36,36,36],"current_hp_per_floor":[69,69,69,69,69,69,59,54,54,54,39,60,42,42,63,66,70,65,65,65,65,65,73,73,73,73,73,73,73,73,73,73,72,77,77,77,77,63,63,0,0],"gold":112,"neow_bonus":"ONE_RARE_RELIC","is_daily":false,"chose_seed":false,"campfire_upgraded":3,"win_rate":0.0,"timestamp":1612810067,"path_taken":["M","?","?","M","$","R","M","E","T","R","M","R","?","?","R_BF","BOSS","M","?","?","?","?","E","R","?","T","$","M","E","?","M","R","BOSS","M","$","?","M","M","M"],"items_purchased_type":["Relic","Relic","Relic","Relic","Relic","Card","Card","Relic","Card","Relic"],"build_version":"2020-12-22","purchased_purges":0,"victory":false,"max_hp_per_floor":[70,70,70,70,70,70,70,70,70,70,70,70,70,70,70,70,70,70,70,70,70,70,77,77,77,77,77,77,77,77,77,77,77,77,77,77,77,77,77,82,82],"card_choices":[{"not_picked":[],"picked":"EpicFetus","floor":0},{"not_picked":["RideBooker_Skill_3","Blade_Beat"],"picked":"KamenRideDecade","floor":1},{"not_picked":["FormRideFlame","UnarmedAttack1"],"picked":"KamenRideFaiz","floor":1},{"not_picked":["Blade_Mach","Decade_Defend2"],"picked":"Blade_Metal","floor":4},{"not_picked":["FormRideStorm","Decade_Dash2","Kiva_Eat"],"picked":"SKIP","floor":7},{"not_picked":["FormRideFlame","DenO_Ax"],"picked":"Blade_Metal","floor":8},{"not_picked":["DenO_Gun","DenO_Ax"],"picked":"MirrorWorld","floor":8},{"not_picked":["Kiva_Bats","KamenRideAgito"],"picked":"Hibiki_Attack3","floor":8},{"not_picked":["UnarmedAttack3","FormRideFlame"],"picked":"Hibiki_Attack3","floor":8},{"not_picked":["FormRideStorm","Kuuga_GouramAttack","FormRideAxel"],"picked":"SKIP","floor":8},{"not_picked":["UnarmedAttack5","FormRideDogga"],"picked":"Blade_Mach","floor":11},{"not_picked":["AutoVajin","Kiva_Bats","FormRideTitan"],"picked":"SKIP","floor":11},{"not_picked":["RideBooker_Skill_3","Kuuga_GouramAttack"],"picked":"Hibiki_Attack2","floor":13},{"not_picked":["KamenRideBlade","AutoVajin","FormRideTitan"],"picked":"SKIP","floor":13},{"not_picked":["UnarmedAttack9","Kiva_Eat"],"picked":"NMDAZYYGL","floor":16},{"not_picked":["Blade_Beat","RideBooker"],"picked":"Blade_Kick","floor":18},{"not_picked":["FormRideJack","FormRidePegasus"],"picked":"Hibiki_Attack1","floor":18},{"not_picked":["KamenRideBlade","FormRideBasshaa"],"picked":"Hibiki_Attack1","floor":20},{"not_picked":["UnarmedAttack5","FormRideDogga"],"picked":"RideBooker_Skill_2","floor":20},{"not_picked":["DenO_Gun","Decade_Dash2"],"picked":"Blade_Mach","floor":20},{"not_picked":["FormRideDragon","RideBooker"],"picked":"Hibiki_Attack2","floor":20},{"not_picked":["DenO_Ax","KamenRideAgito+1"],"picked":"Blade_Mach+1","floor":23},{"not_picked":["FormRideGaruru","FormRideTitan+1"],"picked":"Blade_Metal","floor":28},{"not_picked":["FormRideDragon","Blade_Slash","AutoVajin"],"picked":"SKIP","floor":29},{"not_picked":["FormRideDogga","FormRideGaruru","UnarmedAttack8"],"picked":"SKIP","floor":30},{"not_picked":["FormRideFlame","DecadeViolentEmotion"],"picked":"RideBooker_Skill_1+1","floor":31},{"not_picked":["FormRidePegasus","FormRideDogga+1","FormRideJack"],"picked":"SKIP","floor":31},{"not_picked":["Kiva_Eat","NMDAZYYGL"],"picked":"Kiva_Swallow","floor":33},{"not_picked":["Decade_Dash2+1","TimeVent"],"picked":"Hibiki_Attack2+1","floor":35},{"not_picked":["Blade_Slash+1","UnarmedAttack5"],"picked":"RideBooker_Skill_1","floor":38},{"not_picked":["DenO_Sword+1","Blade_Mach"],"picked":"RideBooker_Skill_2","floor":39}],"player_experience":181928,"relics_obtained":[{"floor":1,"key":"Baka"},{"floor":4,"key":"Baka2"},{"floor":4,"key":"LetterFromLob"},{"floor":8,"key":"Ccalipers"},{"floor":14,"key":"testmod-Antiphasic"},{"floor":23,"key":"Strawberry"},{"floor":23,"key":"Boot"},{"floor":29,"key":"ReplayTheSpireMod:Lightbulb"}],"event_choices":[{"damage_healed":0,"gold_gain":0,"player_choice":"Box","damage_taken":0,"relics_obtained":["GodSword6"],"max_hp_gain":0,"max_hp_loss":0,"event_name":"Big Fish","floor":3,"gold_loss":0,"cards_obtained":["Regret"]},{"damage_healed":0,"gold_gain":0,"player_choice":"Upgraded Two","damage_taken":0,"max_hp_gain":0,"max_hp_loss":0,"event_name":"Designer","floor":19,"gold_loss":40,"cards_upgraded":["Decade_Attack","Decade_Defend"]},{"damage_healed":0,"gold_gain":0,"player_choice":"Ignored","damage_taken":0,"max_hp_gain":0,"max_hp_loss":0,"event_name":"Ghosts","floor":22,"gold_loss":0}],"is_beta":false,"boss_relics":[{"not_picked":["testmod-SaigiyounoYou","testmod-Recursion"],"picked":"Empty Cage"},{"not_picked":[]},{"not_picked":["testmod-GoldenSoul","Snecko Eye"],"picked":"testmod-CardMagician"},{"not_picked":[]}],"items_purged_floors":[],"is_endless":false,"potions_floor_spawned":[7,16,20,29,30,31,39],"killed_by":"Transient","ascension_level":0}}