{"host":"bxn2em57qlx5u4i0","time":1612810018,"event":{"mods":["BaseMod","Colored Map","Colored Powertips","Highlight Path","Minty Spire (QoL Compilation)","Random Character Button","Relic Sorter","Relic Stats","StSLib","SuperFastMode"],"gold_per_floor":[113,93,104,104,127,127,167,186,259,293,343,357,357,392,392,392,392],"floor_reached":16,"language":"ENG","playtime":385,"items_purged":[],"score":290,"play_id":"5342a316-7461-473f-bffc-fcb1cdfafb7e","local_time":"20210208134658","is_ascension_mode":true,"campfire_choices":[{"data":"Deadly Poison","floor":6,"key":"SMITH"},{"data":"Burst","floor":13,"key":"SMITH"},{"data":"Footwork","floor":15,"key":"SMITH"}],"circlet_count":0,"master_deck":["AscendersBane","Strike_G","Strike_G","Strike_G","Strike_G","Strike_G","Defend_G","Defend_G","Defend_G","Defend_G","Defend_G","Survivor","Neutralize","Footwork+1","Backstab","Deadly Poison+1","Dash","PiercingWail","Burst+1","Deflect"],"relics":["Ring of the Snake","NeowsBlessing","Golden Idol","Torii","Blue Candle","Bronze Scales","InkBottle"],"acts_visited":["Exordium"],"potions_floor_usage":[7,8,14,16,16,16],"damage_taken":[{"damage":0,"enemies":"Small Slimes","floor":1,"turns":1},{"damage":0,"enemies":"Cultist","floor":3,"turns":1},{"damage":0,"enemies":"2 Louse","floor":5,"turns":1},{"damage":0,"enemies":"Lagavulin","floor":7,"turns":6},{"damage":2,"enemies":"Exordium Thugs","floor":8,"turns":7},{"damage":24,"enemies":"3 Sentries","floor":10,"turns":14},{"damage":0,"enemies":"Looter","floor":12,"turns":3},{"damage":21,"enemies":"Gremlin Nob","floor":14,"turns":4},{"damage":14,"enemies":"Hexaghost","floor":16,"turns":9}],"seed_played":"-2321657989849115271","potions_obtained":[{"floor":1,"key":"SneckoOil"},{"floor":2,"key":"Energy Potion"},{"floor":5,"key":"DistilledChaos"},{"floor":7,"key":"SkillPotion"},{"floor":12,"key":"Fire Potion"},{"floor":14,"key":"EntropicBrew"}],"is_trial":false,"path_per_floor":["M","?","M","?","M","R","E","M","T","E","?","M","R","E","R","B"],"character_chosen":"THE_SILENT","items_purchased":[],"campfire_rested":0,"item_purchase_floors":[],"current_hp_per_floor":[59,59,59,59,59,59,59,57,57,33,33,33,33,12,12,0,0],"gold":392,"neow_bonus":"THREE_ENEMY_KILL","is_daily":false,"chose_seed":false,"campfire_upgraded":3,"win_rate":0.0,"timestamp":1612810018,"path_taken":["M","?","?","?","M","R","E","M","T","E","?","?","R","E","R","BOSS"],"items_purchased_type":[],"build_version":"2020-12-22","purchased_purges":0,"victory":false,"max_hp_per_floor":[66,66,66,60,60,60,60,60,60,60,60,60,60,60,60,60,60],"relic_stats":{"Torii":12,"counters":[9,46],"Golden Idol":34,"Blue Candle":[0],"Bronze Scales":[57],"obtain_stats":[{"NeowsBlessing":0,"Torii":7,"Golden Idol":4,"Blue Candle":9,"Bronze Scales":10,"InkBottle":14,"Ring of the Snake":0},{"NeowsBlessing":0,"Torii":4,"Golden Idol":2,"Blue Candle":5,"Bronze Scales":6,"InkBottle":8,"Ring of the Snake":0},{"NeowsBlessing":0,"Torii":9,"Golden Idol":2,"Blue Candle":16,"Bronze Scales":30,"InkBottle":37,"Ring of the Snake":0}],"InkBottle":[3],"Ring of the Snake":[18]},"card_choices":[{"not_picked":["Leg Sweep","Slice"],"picked":"Footwork","floor":1},{"not_picked":["Concentrate","Infinite Blades"],"picked":"Backstab","floor":3},{"not_picked":["Terror","Footwork"],"picked":"Deadly Poison","floor":5},{"not_picked":["Eviscerate","Dodge and Roll"],"picked":"Dash","floor":7},{"not_picked":["Blade Dance","Dagger Throw"],"picked":"PiercingWail","floor":8},{"not_picked":["Dagger Throw","Skewer"],"picked":"Burst","floor":10},{"not_picked":["Prepared","Dagger Spray","Tactician"],"picked":"SKIP","floor":12},{"not_picked":["PiercingWail","Terror"],"picked":"Deflect","floor":14}],"player_experience":3014171,"relics_obtained":[{"floor":7,"key":"Torii"},{"floor":9,"key":"Blue Candle"},{"floor":10,"key":"Bronze Scales"},{"floor":14,"key":"InkBottle"}],"event_choices":[{"damage_healed":0,"gold_gain":0,"player_choice":"Bought 1 Potion","damage_taken":0,"max_hp_gain":0,"max_hp_loss":0,"event_name":"The Woman in Blue","floor":2,"gold_loss":0},{"damage_healed":0,"gold_gain":0,"player_choice":"Lose Max HP","damage_taken":0,"relics_obtained":["Golden Idol"],"max_hp_gain":0,"max_hp_loss":6,"event_name":"Golden Idol","floor":4,"gold_loss":0},{"damage_healed":0,"gold_gain":50,"player_choice":"Pray","damage_taken":0,"max_hp_gain":0,"max_hp_loss":0,"event_name":"Golden Shrine","floor":11,"gold_loss":0}],"is_beta":false,"boss_relics":[],"items_purged_floors":[],"is_endless":false,"potions_floor_spawned":[1,5,7,12,14],"killed_by":"Hexaghost","ascension_level":20}}