{"host":"121m0oxswv9tg9hk","time":1612803963,"event":{"mods":["AchievementEnabler","BaseMod","Better Third Choice","Downfall","Minty Spire (QoL Compilation)","StSLib"],"gold_per_floor":[99,112,125,125,225,125,150,160,60,78,89,89,121,140,153,253,253,153,164,174,3,14,29,29,29,29,68,85,104,130,160,176,275,275,275,286,163,163,173,186,209,209,220,220,255,300,331,344,354,354,354,382,42,42,42,42,42,42],"floor_reached":56,"language":"ENG","playtime":8897,"items_purged":["Slimebound:Strike_Slimebound","Slimebound:CorrosiveSpit","Slimebound:LeechEnergy"],"score":1151,"play_id":"24b85fbc-9660-4e11-8a36-0f626bc0845d","local_time":"20210208180603","is_ascension_mode":true,"campfire_choices":[{"floor":1.0,"key":"RECALL"},{"data":"Slimebound:Split","floor":6.0,"key":"SMITH"},{"data":"Slimebound:HauntingLick","floor":9.0,"key":"SMITH"},{"data":"Slimebound:Chomp","floor":18.0,"key":"SMITH"},{"floor":26.0,"key":"REST"},{"data":"Slimebound:DuplicatedForm","floor":35.0,"key":"SMITH"},{"data":"Slimebound:RainOfGoop","floor":42.0,"key":"SMITH"},{"floor":44.0,"key":"REST"},{"floor":54.0,"key":"REST"}],"circlet_count":0,"master_deck":["AscendersBane","Slimebound:Defend_Slimebound","Slimebound:Defend_Slimebound","Slimebound:Defend_Slimebound","Slimebound:Defend_Slimebound","Slimebound:Split+1","Slimebound:HungryTackle","Slimebound:LivingWall","Slimebound:HauntingLick+1","Slimebound:GrowthPunch+1","Slimebound:Chomp+1","Slimebound:BestDefense","Slimebound:DuplicatedForm+1","Slimebound:AcidTongue","Slimebound:RainOfGoop+1","Slimebound:ComboTackle","Slimebound:SplitLeeching","Slimebound:ComboTackle","Slimebound:LivingWall","Slimebound:LevelUp","Slimebound:SamplingLick+1","Slimebound:LeechLife","Slimebound:Repurpose+1","Slimebound:MinionMaster","Slimebound:SplitMire","Slimebound:ComboTackle","Slimebound:Split+1","Slimebound:LeechingTouch+1","Slimebound:LevelUp","Slimebound:FlameTackle","Slimebound:GoopSpray+1","Slimebound:LevelUp"],"relics":["Slimebound:AbsorbEndCombat","Ancient Tea Set","hexamod:CandleOfCauterizing","downfall:HeartBlessingRed","downfall:HeartBlessingBlue","Anchor","Sozu","downfall:HeartBlessingGreen","Bottled Lightning","Pantograph","Bag of Preparation","PreservedInsect","Empty Cage","Potion Belt","Pocketwatch","Mango","hexamod:BolsterEngine","Slimebound:AggressiveSlimeRelic","champ:Barbells"],"acts_visited":["Exordium","TheCity","TheBeyond","TheEnding"],"potions_floor_usage":[],"damage_taken":[{"damage":4.0,"enemies":"Cultist","floor":2.0,"turns":3.0},{"damage":9.0,"enemies":"2 Louse","floor":3.0,"turns":3.0},{"damage":0.0,"enemies":"Small Slimes","floor":8.0,"turns":3.0},{"damage":4.0,"enemies":"Blue Slaver","floor":10.0,"turns":3.0},{"damage":5.0,"enemies":"Exordium Wildlife","floor":11.0,"turns":4.0},{"damage":21.0,"enemies":"3 Sentries","floor":13.0,"turns":9.0},{"damage":0.0,"enemies":"Lots of Slimes","floor":14.0,"turns":2.0},{"damage":0.0,"enemies":"2 Fungi Beasts","floor":15.0,"turns":2.0},{"damage":11.0,"enemies":"SI_SHIV_ARCHETYPE","floor":16.0,"turns":7.0},{"damage":31.0,"enemies":"Spheric Guardian","floor":19.0,"turns":4.0},{"damage":46.0,"enemies":"Snecko","floor":20.0,"turns":4.0},{"damage":15.0,"enemies":"downfall:FleeingMerchant","floor":21.0,"turns":4.0},{"damage":35.0,"enemies":"Chosen and Byrds","floor":22.0,"turns":6.0},{"damage":1.0,"enemies":"Shelled Parasite and Fungi","floor":23.0,"turns":3.0},{"damage":24.0,"enemies":"downfall:FleeingMerchant","floor":27.0,"turns":4.0},{"damage":17.0,"enemies":"Cultist and Chosen","floor":28.0,"turns":5.0},{"damage":3.0,"enemies":"Chosen and Byrds","floor":29.0,"turns":4.0},{"damage":33.0,"enemies":"Gremlin Leader","floor":31.0,"turns":6.0},{"damage":22.0,"enemies":"Snecko","floor":32.0,"turns":5.0},{"damage":43.0,"enemies":"WA_ARCHETYPE_CALM","floor":33.0,"turns":9.0},{"damage":15.0,"enemies":"Orb Walker","floor":36.0,"turns":2.0},{"damage":48.0,"enemies":"3 Darklings","floor":39.0,"turns":9.0},{"damage":33.0,"enemies":"Spire Growth","floor":40.0,"turns":5.0},{"damage":14.0,"enemies":"Writhing Mass","floor":43.0,"turns":4.0},{"damage":8.0,"enemies":"Nemesis","floor":45.0,"turns":5.0},{"damage":16.0,"enemies":"2 Orb Walkers","floor":46.0,"turns":4.0},{"damage":43.0,"enemies":"Giant Head","floor":47.0,"turns":6.0},{"damage":28.0,"enemies":"Transient","floor":48.0,"turns":5.0},{"damage":28.0,"enemies":"Sphere and 2 Shapes","floor":49.0,"turns":5.0},{"damage":87.0,"enemies":"DF_ARCHETYPE_ORBS","floor":50.0,"turns":10.0},{"damage":75.0,"enemies":"downfall:CharBossMerchant","floor":52.0,"turns":8.0},{"damage":40.0,"enemies":"downfall:NeowBoss","floor":55.0,"turns":15.0},{"damage":157,"enemies":"downfall:NeowBossFinal","floor":56,"turns":8}],"seed_played":"-5565514544998488331","potions_obtained":[{"floor":2.0,"key":"FairyPotion"},{"floor":3.0,"key":"Explosive Potion"},{"floor":15.0,"key":"Swift Potion"}],"is_trial":false,"path_per_floor":["R","M","M","T","?","R","T","M","R","M","M","?","E","M","M","B",null,"R","M","M","$","M","M","T","?","R","$","M","M","T","E","M","B",null,"R","M","$","?","M","M","T","R","M","R","E","?","E","M","M","B",null,"E","$","R","B","B"],"character_chosen":"SLIMEBOUND","items_purchased":["Slimebound:RainOfGoop","Pantograph","Slimebound:LivingWall","Slimebound:ComboTackle","champ:Barbells","Slimebound:LevelUp"],"campfire_rested":3,"item_purchase_floors":[21,27,27,37,53,53],"current_hp_per_floor":[59,61,54,54,54,54,54,58,68,66,69,69,56,56,60,57,71,71,59,32,40,28,35,35,35,57,56,62,63,63,38,55,55,70,70,75,75,75,48,38,38,38,32,54,54,60,63,68,89,21,72,42,42,68,80,0,0,0],"gold":42,"neow_bonus":"RANDOM_COMMON_RELIC","is_daily":false,"chose_seed":false,"campfire_upgraded":5,"win_rate":0.0,"timestamp":1612803963,"path_taken":["R","M","M","?","?","R","T","M","R","?","M","?","E","M","M","BOSS","R","M","M","$","M","M","T","?","R","$","M","M","?","E","M","BOSS","R","M","$","?","?","M","T","R","M","R","E","?","E","M","M","BOSS","E","$","R","BOSS","BOSS"],"items_purchased_type":["Card","Relic","Card","Card","Relic","Card"],"build_version":"2020-12-22","purchased_purges":3,"victory":false,"max_hp_per_floor":[65,65,65,65,65,65,65,65,75,75,75,75,75,75,75,75,75,75,75,75,75,75,75,75,75,75,75,75,75,75,75,75,75,75,75,75,75,75,75,75,75,75,75,75,75,89,89,89,89,89,89,89,89,89,89,89,89,89],"card_choices":[{"not_picked":["Slimebound:GoopTackle","Slimebound:Recollect"],"picked":"Slimebound:HungryTackle","floor":2.0},{"not_picked":["Slimebound:SplitMire","Slimebound:FinishingTackle"],"picked":"Slimebound:LivingWall","floor":3.0},{"not_picked":["Slimebound:SplitMire","Slimebound:RejuvenatingLick"],"picked":"Slimebound:HauntingLick","floor":8.0},{"not_picked":["Slimebound:ViciousTackle","Slimebound:SplitMire"],"picked":"Slimebound:LeechEnergy","floor":10.0},{"not_picked":["Slimebound:SplitAcid","Slimebound:RollThrough"],"picked":"Slimebound:GrowthPunch","floor":11.0},{"not_picked":["Slimebound:ComboTackle","Slimebound:Dissolve"],"picked":"Slimebound:Chomp","floor":13.0},{"not_picked":["Slimebound:ServeAndProtect","Slimebound:SlimeBrawl","Slimebound:LeechEnergy"],"picked":"SKIP","floor":14.0},{"not_picked":["Slimebound:HauntingLick","Slimebound:SamplingLick"],"picked":"Slimebound:BestDefense","floor":15.0},{"not_picked":["Slimebound:SelfFormingGoo","Slimebound:OneTwoCombo"],"picked":"Slimebound:DuplicatedForm","floor":16.0},{"not_picked":["Slimebound:SplitMire","Slimebound:SplitBruiser"],"picked":"Slimebound:AcidTongue","floor":19.0},{"not_picked":["Slimebound:SlimeTap","Slimebound:SplitAcid","Slimebound:FinishingTackle+1"],"picked":"SKIP","floor":20.0},{"not_picked":["Slimebound:HauntingLick","Slimebound:Repurpose+1","Slimebound:LeechingTouch"],"picked":"SKIP","floor":21.0},{"not_picked":["Slimebound:LeadByExample+1","Slimebound:SplitAcid"],"picked":"Slimebound:ComboTackle","floor":22.0},{"not_picked":["Slimebound:BestDefense+1","Slimebound:LevelUp"],"picked":"Slimebound:SplitLeeching","floor":23.0},{"not_picked":["Slimebound:PressTheAttack","Slimebound:SlimeTap"],"picked":"Slimebound:ComboTackle","floor":27.0},{"not_picked":["Slimebound:SlimeSpikes","Slimebound:LeechingTouch+1"],"picked":"Slimebound:LevelUp","floor":28.0},{"not_picked":["Slimebound:LivingWall","Slimebound:Equalize+1"],"picked":"Slimebound:SamplingLick+1","floor":29.0},{"not_picked":["Slimebound:SlimeSpikes","Slimebound:ForwardTackle+1"],"picked":"Slimebound:LeechLife","floor":31.0},{"not_picked":["Slimebound:RollThrough","Slimebound:SplitLeeching"],"picked":"Slimebound:Repurpose+1","floor":32.0},{"not_picked":["Slimebound:TagTeam","Slimebound:Recycling"],"picked":"Slimebound:MinionMaster","floor":33.0},{"not_picked":["Slimebound:RejuvenatingLick","Slimebound:SplitLeeching"],"picked":"Slimebound:SplitMire","floor":36.0},{"not_picked":["Slimebound:SplitAcid","Slimebound:GoopTackle+1","Slimebound:RollThrough"],"picked":"SKIP","floor":39.0},{"not_picked":["Slimebound:GoopTackle+1","Slimebound:SplitMire","Slimebound:GoopSpray"],"picked":"SKIP","floor":40.0},{"not_picked":["Slimebound:Dissolve+1","Slimebound:PressTheAttack+1"],"picked":"Slimebound:LeechingTouch+1","floor":43.0},{"not_picked":["Slimebound:PrepareCrush","Slimebound:PressTheAttack+1","Slimebound:RainOfGoop"],"picked":"SKIP","floor":45.0},{"not_picked":["Slimebound:GrowthPunch+1","Slimebound:ItLooksTasty+1"],"picked":"Slimebound:LevelUp","floor":47.0},{"not_picked":["Slimebound:SamplingLick","Slimebound:FinishingTackle+1","Slimebound:LeechingTouch+1"],"picked":"SKIP","floor":48.0},{"not_picked":["Slimebound:OneTwoCombo","Slimebound:Repurpose"],"picked":"Slimebound:FlameTackle","floor":49.0},{"not_picked":["Slimebound:LeechEnergy","Slimebound:Prepare"],"picked":"Slimebound:GoopSpray+1","floor":52.0}],"player_experience":2641400,"relics_obtained":[{"floor":4.0,"key":"hexamod:CandleOfCauterizing"},{"floor":13.0,"key":"Anchor"},{"floor":24.0,"key":"Bottled Lightning"},{"floor":30.0,"key":"Bag of Preparation"},{"floor":31.0,"key":"PreservedInsect"},{"floor":41.0,"key":"Potion Belt"},{"floor":45.0,"key":"Pocketwatch"},{"floor":46.0,"key":"Mango"},{"floor":47.0,"key":"hexamod:BolsterEngine"},{"floor":52.0,"key":"Slimebound:AggressiveSlimeRelic"}],"event_choices":[{"damage_healed":0.0,"max_hp_gain":0.0,"max_hp_loss":0.0,"gold_gain":0.0,"event_name":"Mysterious Sphere","player_choice":"Fight","floor":46.0,"gold_loss":0.0,"damage_taken":0.0}],"is_beta":false,"boss_relics":[{"not_picked":["Busted Crown","Pandora\u0027s Box"],"picked":"Sozu"},{"not_picked":["Runic Dome","Snecko Eye"],"picked":"Empty Cage"}],"items_purged_floors":[21,37,53],"is_endless":false,"potions_floor_spawned":[2,3,11,15,19,28,31,39,47,48,49],"killed_by":"downfall:NeowBossFinal","ascension_level":11}}