{"host":"0mk07bycsqo1qk03","time":1612790330,"event":{"mods":["BaseMod","Downfall","Hermit","Hubris","Minty Spire (QoL Compilation)","Reliquary","Replay The Spire","StSLib","The Cursed"],"gold_per_floor":[99,119,136,148,171,190,190,190,32,32,32,45,45,65,82,185,185,185,216,122,137,157,157,157,167,167,167,177,212,212,243,255,255,255,255],"floor_reached":33,"language":"ENG","playtime":2022,"items_purged":[],"score":307,"play_id":"5d89a122-322b-47d3-94e2-6a8284d7f77d","local_time":"20210208141850","is_ascension_mode":true,"campfire_choices":[{"data":"sneckomod:TailWhip","floor":1.0,"key":"SMITH"},{"data":"sneckomod:UnknownRareSkill","floor":8.0,"key":"SMITH"},{"data":"sneckomod:RainOfDice","floor":10.0,"key":"SMITH"},{"data":"sneckomod:WideSting","floor":13.0,"key":"SMITH"},{"data":"sneckomod:UnendingSupply","floor":18.0,"key":"SMITH"},{"floor":23,"key":"REST"},{"floor":26,"key":"REST"},{"data":"sneckomod:UnknownDexterity","floor":30,"key":"SMITH"}],"circlet_count":0,"master_deck":["sneckomod:Strike","sneckomod:Strike","sneckomod:Strike","sneckomod:Defend","sneckomod:Defend+1","sneckomod:Defend","sneckomod:TailWhip+1","sneckomod:SnekBite","sneckomod:Unknown","sneckomod:Unknown+1","sneckomod:UnendingSupply+1","sneckomod:RainOfDice+1","sneckomod:UnknownCommonAttack","sneckomod:UnknownRareSkill+1","sneckomod:UnknownStrength","sneckomod:WideSting+1","sneckomod:SerpentMind+1","sneckomod:UnknownRarePower","sneckomod:UnknownBlock+1","sneckomod:QuickBite+1","sneckomod:UnknownUncommonPower","sneckomod:UnknownDexterity+1","sneckomod:DiceBlock+1","sneckomod:UnknownUncommonPower+1","sneckomod:UnknownExhaust","hexamod:SixthSeal","sneckomod:SnekBeam","sneckomod:UnknownRareAttack","sneckomod:UnknownCommonAttack+1"],"relics":["sneckomod:SneckoSoul","Anchor","ReplayFunnel","Sling","hubris:Towel","Philosopher\u0027s Stone","Red Mask","PreservedInsect","Mummified Hand","Calipers"],"acts_visited":["Exordium","TheCity"],"potions_floor_usage":[31,33,33,33],"damage_taken":[{"damage":0.0,"enemies":"Cultist","floor":2.0,"turns":2.0},{"damage":7.0,"enemies":"Jaw Worm","floor":3.0,"turns":3.0},{"damage":8.0,"enemies":"2 Louse","floor":4.0,"turns":4.0},{"damage":5.0,"enemies":"Gremlin Gang","floor":6.0,"turns":4.0},{"damage":6.0,"enemies":"downfall:FleeingMerchant","floor":9.0,"turns":5.0},{"damage":18.0,"enemies":"Exordium Thugs","floor":12.0,"turns":4.0},{"damage":0.0,"enemies":"2 Fungi Beasts","floor":14.0,"turns":5.0},{"damage":6.0,"enemies":"Lots of Slimes","floor":15.0,"turns":2.0},{"damage":22.0,"enemies":"SI_SHIV_ARCHETYPE","floor":16.0,"turns":11.0},{"damage":6.0,"enemies":"Masked Bandits","floor":19.0,"turns":2.0},{"damage":15,"enemies":"downfall:FleeingMerchant","floor":20,"turns":4},{"damage":8,"enemies":"Spheric Guardian","floor":21,"turns":3},{"damage":56,"enemies":"Centurion and Healer","floor":22,"turns":5},{"damage":23,"enemies":"Snake Plant","floor":25,"turns":6},{"damage":6,"enemies":"Chosen and Byrds","floor":28,"turns":8},{"damage":18,"enemies":"Replay:Snechameleon","floor":29,"turns":8},{"damage":25,"enemies":"Gremlin Leader","floor":31,"turns":5},{"damage":0,"enemies":"Snecko","floor":32,"turns":3},{"damage":63,"enemies":"DF_ARCHETYPE_CLAW","floor":33,"turns":5}],"seed_played":"-5860507330260990637","potions_obtained":[{"floor":2.0,"key":"sneckomod:DiceRollPotion"},{"floor":6.0,"key":"Strength Potion"},{"floor":12.0,"key":"champ:CounterPotion"},{"floor":14.0,"key":"DistilledChaos"},{"floor":16.0,"key":"Reflective Coating"},{"floor":25,"key":"Elixir"},{"floor":29,"key":"champ:CounterPotion"},{"floor":31,"key":"Venom Potion"},{"floor":32,"key":"LiquidMemories"}],"is_trial":false,"path_per_floor":["R","M","M","M","T","M","T","R","$","R","?","M","R","M","M","B",null,"R","?","$","M","M","R","T","M","R","?","M","E","R","E","M","B"],"character_chosen":"THE_SNECKO","items_purchased":["Sling","sneckomod:UnknownUncommonPower"],"campfire_rested":2,"item_purchase_floors":[9,20],"current_hp_per_floor":[99,99,92,84,84,79,79,79,73,73,73,55,55,55,49,27,99,99,93,78,70,21,50,50,27,56,99,93,75,75,57,57,0,0,0],"gold":255,"neow_bonus":"TEN_PERCENT_HP_BONUS","is_daily":false,"chose_seed":false,"campfire_upgraded":6,"win_rate":0.0,"timestamp":1612790330,"path_taken":["R","M","M","M","?","M","T","R","$","R","?","M","R","M","M","BOSS","R","?","$","M","M","R","T","M","R","?","M","E","R","E","M","BOSS"],"items_purchased_type":["Relic","Card"],"build_version":"2020-12-22","purchased_purges":0,"victory":false,"max_hp_per_floor":[99,99,99,99,99,99,99,99,99,99,99,99,99,99,99,99,99,99,99,99,99,99,99,99,99,99,99,99,99,99,99,99,99,99,99],"card_choices":[{"not_picked":["sneckomod:UnknownDraw","sneckomod:WideSting"],"picked":"sneckomod:UnendingSupply","floor":2.0},{"not_picked":["sneckomod:DiceBoulder","sneckomod:SoulRoll"],"picked":"sneckomod:RainOfDice","floor":3.0},{"not_picked":["sneckomod:UnknownBlock","sneckomod:SoulDraw"],"picked":"sneckomod:UnknownCommonAttack","floor":4.0},{"not_picked":["sneckomod:WideSting","sneckomod:UnknownX"],"picked":"sneckomod:UnknownRareSkill","floor":6.0},{"not_picked":["sneckomod:UnknownDraw","sneckomod:Unknown1Cost"],"picked":"sneckomod:UnknownStrength","floor":9.0},{"not_picked":["sneckomod:Unknown1Cost","sneckomod:MixItUp"],"picked":"sneckomod:WideSting","floor":12.0},{"not_picked":["sneckomod:SlitherStrike","sneckomod:SoulRoll"],"picked":"sneckomod:UnknownX","floor":14.0},{"not_picked":["sneckomod:QuickBite","sneckomod:QuickMove"],"picked":"sneckomod:SerpentMind","floor":15.0},{"not_picked":["sneckomod:UnknownBoss","sneckomod:Transmogrify"],"picked":"sneckomod:UnknownRarePower","floor":16.0},{"not_picked":["sneckomod:UnendingSupply","sneckomod:UnknownClassPURPLE"],"picked":"sneckomod:UnknownBlock+1","floor":19.0},{"not_picked":["sneckomod:SoulRoll+1","sneckomod:Unknown1Cost"],"picked":"sneckomod:QuickBite+1","floor":20},{"not_picked":["sneckomod:SoulDraw","sneckomod:WideSting"],"picked":"sneckomod:UnknownDexterity","floor":21},{"not_picked":["sneckomod:SoulRoll","sneckomod:UnknownWeak"],"picked":"sneckomod:DiceBlock+1","floor":22},{"not_picked":["sneckomod:Nope","sneckomod:MixItUp"],"picked":"sneckomod:UnknownUncommonPower+1","floor":25},{"not_picked":["sneckomod:UnendingSupply","sneckomod:IronFang"],"picked":"sneckomod:UnknownExhaust","floor":28},{"not_picked":["hexamod:FirstSeal","hexamod:ThirdSeal"],"picked":"hexamod:SixthSeal","floor":29},{"not_picked":["sneckomod:TrashToTreasure","sneckomod:SoulCleanse+1"],"picked":"sneckomod:SnekBeam","floor":29},{"not_picked":["sneckomod:UnknownVulnerable","sneckomod:IronFang"],"picked":"sneckomod:UnknownRareAttack","floor":31},{"not_picked":["sneckomod:DefensiveFlair","sneckomod:UnknownColorless"],"picked":"sneckomod:UnknownCommonAttack+1","floor":32}],"player_experience":1023232,"relics_obtained":[{"floor":5.0,"key":"Anchor"},{"floor":7.0,"key":"ReplayFunnel"},{"floor":19.0,"key":"Red Mask"},{"floor":24,"key":"PreservedInsect"},{"floor":29,"key":"Mummified Hand"},{"floor":31,"key":"Calipers"}],"event_choices":[{"damage_healed":0.0,"max_hp_gain":0.0,"max_hp_loss":0.0,"gold_gain":0.0,"event_name":"Masked Bandits","player_choice":"Fought Bandits","floor":19.0,"gold_loss":0.0,"damage_taken":0.0},{"cards_removed":["sneckomod:UnknownX"],"damage_healed":43,"gold_gain":0,"player_choice":"Offered Uncommon","damage_taken":0,"max_hp_gain":0,"max_hp_loss":0,"event_name":"Bonfire Elementals","floor":27,"gold_loss":0}],"is_beta":false,"boss_relics":[{"not_picked":["reliquary:RedCape","reliquary:Ember"],"picked":"Philosopher\u0027s Stone"}],"items_purged_floors":[],"is_endless":false,"potions_floor_spawned":[2,6,12,14,16,25,29,31,32],"killed_by":"DF_ARCHETYPE_CLAW","ascension_level":2}}