{"host":"Sylvester","time":1612754701,"event":{"mods":["AchievementEnabler","BaseMod","Filter the Spire","Lobotomy","Minty Spire (QoL Compilation)","Replay The Spire","StSLib"],"gold_per_floor":[13,13,13,36,36,72,91,91,91,111,111,151,76,97,97,187,187,206,222,222,222,16,16,55,55,109,160,160,181,215,235,254,254,347,347,370,295,310,326,350,394,394,429,429,429,464,484,507,523,523,523,523,523],"floor_reached":52,"language":"ENG","playtime":3773,"items_purged":["Strike_G","Strike_G"],"score":2184,"play_id":"b8932128-5348-492b-b25a-1bca33ff348c","local_time":"20210207192501","is_ascension_mode":true,"campfire_choices":[{"data":"Neutralize","floor":8.0,"key":"SMITH"},{"data":"Blade Dance","floor":11.0,"key":"SMITH"},{"data":"A Thousand Cuts","floor":15.0,"key":"SMITH"},{"data":"J.A.X.","floor":23.0,"key":"SMITH"},{"floor":25.0,"key":"REST"},{"data":"Well Laid Plans","floor":28.0,"key":"SMITH"},{"data":"ReplayTheSpireMod:From All Sides","floor":33.0,"key":"SMITH"},{"floor":42.0,"key":"REST"},{"floor":50.0,"key":"RECALL"}],"circlet_count":0,"master_deck":["AscendersBane","Defend_G","Defend_G","Defend_G","Defend_G","Defend_G","Survivor","Neutralize+1","Dash","Dash","Backstab","Blade Dance+1","A Thousand Cuts+1","Die Die Die","Dagger Throw+1","J.A.X.+1","PiercingWail","Well Laid Plans+1","Caltrops","Backflip","Footwork","ReplayTheSpireMod:From All Sides+1","Storm of Steel","PiercingWail","PiercingWail","Sneak Up","Prepared+1","Pain","Escape Plan+1","CommonCold","Acrobatics","Parasite","Acrobatics+1"],"relics":["Ring of the Snake","Pocketwatch","Golden Idol","ReplayTheSpireMod:Shallot","Potion Belt","Mercury Hourglass","Dream Catcher","Philosopher\u0027s Stone","Dead Branch","Lantern","ReplayTheSpireMod:TigerMarble","TungstenRod","Cursed Key","Pondfish Scales","Gambling Chip","Blood Vial","StrikeDummy"],"acts_visited":["Exordium","TheCity","TheBeyond"],"potions_floor_usage":[52],"damage_taken":[{"damage":0.0,"enemies":"2 Louse","floor":1.0,"turns":3.0},{"damage":0.0,"enemies":"Small Slimes","floor":4.0,"turns":3.0},{"damage":6.0,"enemies":"Gremlin Nob","floor":6.0,"turns":4.0},{"damage":0.0,"enemies":"Jaw Worm","floor":7.0,"turns":3.0},{"damage":0.0,"enemies":"Gremlin Gang","floor":10.0,"turns":3.0},{"damage":0.0,"enemies":"3 Sentries","floor":12.0,"turns":6.0},{"damage":0.0,"enemies":"2 Fungi Beasts","floor":14.0,"turns":2.0},{"damage":13.0,"enemies":"The Guardian","floor":16.0,"turns":11.0},{"damage":0.0,"enemies":"2 Thieves","floor":18.0,"turns":4.0},{"damage":11.0,"enemies":"Spheric Guardian","floor":19.0,"turns":4.0},{"damage":14.0,"enemies":"Replay:Snechameleon","floor":24.0,"turns":7.0},{"damage":10.0,"enemies":"Centurion and Healer","floor":29.0,"turns":4.0},{"damage":3.0,"enemies":"Slavers","floor":30.0,"turns":4.0},{"damage":0.0,"enemies":"Cultist and Chosen","floor":31.0,"turns":4.0},{"damage":0.0,"enemies":"Snake Plant","floor":32.0,"turns":4.0},{"damage":13.0,"enemies":"Pondfish","floor":34.0,"turns":8.0},{"damage":0.0,"enemies":"Orb Walker","floor":36.0,"turns":2.0},{"damage":16.0,"enemies":"3 Shapes","floor":38.0,"turns":4.0},{"damage":0.0,"enemies":"Maw","floor":39.0,"turns":5.0},{"damage":2.0,"enemies":"R_Hoarder","floor":41.0,"turns":9.0},{"damage":14.0,"enemies":"Reptomancer","floor":43.0,"turns":4.0},{"damage":2.0,"enemies":"R_Hoarder","floor":46.0,"turns":5.0},{"damage":10.0,"enemies":"Writhing Mass","floor":47.0,"turns":5.0},{"damage":0.0,"enemies":"Jaw Worm Horde","floor":48.0,"turns":4.0},{"damage":6.0,"enemies":"Spire Growth","floor":49.0,"turns":4.0},{"damage":15.0,"enemies":"Time Eater","floor":51.0,"turns":8.0},{"damage":32,"enemies":"Replay:Hell Engine","floor":52,"turns":8}],"seed_played":"5073438364726737652","potions_obtained":[{"floor":1.0,"key":"FearPotion"},{"floor":6.0,"key":"BlessingOfTheForge"},{"floor":14.0,"key":"Explosive Potion"},{"floor":18.0,"key":"CultistPotion"},{"floor":19.0,"key":"Energy Potion"},{"floor":32.0,"key":"Toxic Potion"},{"floor":39.0,"key":"DuplicationPotion"},{"floor":43.0,"key":"Death Potion"},{"floor":46.0,"key":"Explosive Potion"},{"floor":49.0,"key":"Dexterity Potion"}],"is_trial":false,"path_per_floor":["M","?","?","M","T","E","M","R","T","M","R","E","$","M","R","B",null,"M","M","?","?","$","R","E","R","T","T","R","M","E","M","M","R","B",null,"M","?","M","M","T","E","R","E","T","?","E","M","M","M","R","B","B"],"character_chosen":"THE_SILENT","items_purchased":["PiercingWail","Well Laid Plans"],"campfire_rested":2,"item_purchase_floors":[22,22],"current_hp_per_floor":[59,52,52,52,52,46,46,46,46,46,46,46,46,46,46,33,53,53,42,42,42,42,42,28,46,46,46,46,36,33,33,33,33,20,50,50,50,34,34,34,32,50,36,36,36,36,28,30,26,26,13,0,0],"gold":523,"neow_bonus":"ONE_RARE_RELIC","is_daily":false,"chose_seed":false,"campfire_upgraded":6,"win_rate":0.0,"timestamp":1612754701,"path_taken":["M","?","?","M","?","E","M","R","T","?","R","E","$","M","R","BOSS","M","M","?","?","$","R","E","R","T","T","R","M","E","?","M","R","BOSS","M","?","?","M","?","E","R","E","T","?","E","?","M","M","R","BOSS","BOSS"],"items_purchased_type":["Card","Card"],"build_version":"2020-11-17","purchased_purges":2,"victory":false,"max_hp_per_floor":[66,66,60,60,60,60,60,60,60,60,60,60,60,60,60,60,60,60,60,60,60,60,60,60,60,60,60,60,60,60,60,60,60,60,60,60,60,60,60,60,60,60,60,60,60,60,60,60,60,60,60,60,60],"card_choices":[{"not_picked":["Flechettes","Terror"],"picked":"Dash","floor":1.0},{"not_picked":["Sucker Punch","Underhanded Strike","Dash"],"picked":"SKIP","floor":4.0},{"not_picked":["Sucker Punch","Underhanded Strike"],"picked":"Dash","floor":4.0},{"not_picked":["Sneak Up","Dagger Spray"],"picked":"Backstab","floor":6.0},{"not_picked":["Prepared","Underhanded Strike","Bane"],"picked":"SKIP","floor":7.0},{"not_picked":["PiercingWail","Flechettes"],"picked":"Blade Dance","floor":10.0},{"not_picked":["Poisoned Stab","Prepared"],"picked":"A Thousand Cuts","floor":12.0},{"not_picked":["Flying Knee","Slice","Quick Slash"],"picked":"SKIP","floor":14.0},{"not_picked":["ReplayTheSpireMod:Necrosis","Doppelganger"],"picked":"Die Die Die","floor":16.0},{"not_picked":["Catalyst","Crippling Poison"],"picked":"Dagger Throw+1","floor":18.0},{"not_picked":["Dodge and Roll","Blade Dance","Masterful Stab"],"picked":"SKIP","floor":19.0},{"not_picked":["Caltrops","ReplayTheSpireMod:Scrap Shanks","Deflect"],"picked":"SKIP","floor":24.0},{"not_picked":["ReplayTheSpireMod:Scrap Shanks","Deflect"],"picked":"Caltrops","floor":24.0},{"not_picked":["Setup+1","ReplayTheSpireMod:Scrap Shanks"],"picked":"Backflip","floor":25.0},{"not_picked":["Blade Dance","Quick Slash"],"picked":"Footwork","floor":29.0},{"not_picked":["Bane","Setup","Leg Sweep"],"picked":"SKIP","floor":30.0},{"not_picked":["Dash","Crippling Poison","ReplayTheSpireMod:From All Sides"],"picked":"SKIP","floor":31.0},{"not_picked":["Dash","Crippling Poison"],"picked":"ReplayTheSpireMod:From All Sides","floor":31.0},{"not_picked":["Deadly Poison","Dagger Throw","Dagger Spray"],"picked":"SKIP","floor":32.0},{"not_picked":["Deadly Poison","Dagger Throw","Dagger Spray"],"picked":"SKIP","floor":32.0},{"not_picked":["Atom Bomb","Grand Finale"],"picked":"Storm of Steel","floor":34.0},{"not_picked":["Dash","Deadly Poison"],"picked":"PiercingWail","floor":36.0},{"not_picked":["Deadly Poison+1","Heel Hook+1"],"picked":"Prepared+1","floor":38.0},{"not_picked":["ReplayTheSpireMod:The Works","PiercingWail","Sucker Punch"],"picked":"SKIP","floor":39.0},{"not_picked":["Hidden Blade+1","Slice","Outmaneuver+1"],"picked":"SKIP","floor":41.0},{"not_picked":["Blade Dance","Poisoned Stab"],"picked":"Escape Plan+1","floor":43.0},{"not_picked":["Poison Darts","Choke+1"],"picked":"Acrobatics","floor":46.0},{"not_picked":["Fluid Movement","Masterful Stab","Deflect"],"picked":"SKIP","floor":47.0},{"not_picked":["Catalyst","Backstab","Finisher"],"picked":"SKIP","floor":48.0},{"not_picked":["Dagger Throw","Bane+1"],"picked":"Acrobatics+1","floor":49.0}],"player_experience":225069,"relics_obtained":[{"floor":5.0,"key":"ReplayTheSpireMod:Shallot"},{"floor":6.0,"key":"Potion Belt"},{"floor":9.0,"key":"Mercury Hourglass"},{"floor":12.0,"key":"Dream Catcher"},{"floor":24.0,"key":"Dead Branch"},{"floor":26.0,"key":"Lantern"},{"floor":27.0,"key":"ReplayTheSpireMod:TigerMarble"},{"floor":30.0,"key":"TungstenRod"},{"floor":41.0,"key":"Pondfish Scales"},{"floor":43.0,"key":"Gambling Chip"},{"floor":44.0,"key":"Blood Vial"},{"floor":46.0,"key":"StrikeDummy"}],"event_choices":[{"cards_removed":["Strike_G"],"damage_healed":0.0,"max_hp_gain":0.0,"max_hp_loss":0.0,"gold_gain":0.0,"event_name":"Golden Wing","player_choice":"Card Removal","floor":2.0,"gold_loss":0.0,"damage_taken":7.0},{"damage_healed":0.0,"max_hp_gain":0.0,"max_hp_loss":6.0,"gold_gain":0.0,"event_name":"Golden Idol","player_choice":"Lose Max HP","floor":3.0,"gold_loss":0.0,"damage_taken":0.0,"relics_obtained":["Golden Idol"]},{"damage_healed":0.0,"max_hp_gain":0.0,"max_hp_loss":0.0,"gold_gain":0.0,"event_name":"Drug Dealer","player_choice":"Obtain J.A.X.","floor":20.0,"gold_loss":0.0,"damage_taken":0.0,"cards_obtained":["J.A.X."]},{"damage_healed":0.0,"max_hp_gain":0.0,"max_hp_loss":0.0,"gold_gain":0.0,"event_name":"Lab","player_choice":"Got Potions","floor":21.0,"gold_loss":0.0,"damage_taken":0.0},{"damage_healed":0.0,"max_hp_gain":0.0,"max_hp_loss":0.0,"gold_gain":0.0,"cards_transformed":["Strike_G","Strike_G"],"event_name":"Designer","player_choice":"Transformed Cards","floor":37.0,"gold_loss":75.0,"damage_taken":0.0,"cards_obtained":["PiercingWail","Sneak Up"]},{"damage_healed":0.0,"max_hp_gain":0.0,"max_hp_loss":0.0,"gold_gain":0.0,"event_name":"SecretPortal","player_choice":"Ignored","floor":45.0,"gold_loss":0.0,"damage_taken":0.0}],"is_beta":true,"boss_relics":[{"not_picked":["WristBlade","Ring of the Serpent"],"picked":"Philosopher\u0027s Stone"},{"not_picked":["Tiny House","Coffee Dripper"],"picked":"Cursed Key"}],"items_purged_floors":[13,22],"is_endless":false,"potions_floor_spawned":[1,6,14,18,19,32,39,41,43,46,49],"killed_by":"Replay:Hell Engine","ascension_level":20}}