{"host":"vlqejv0notyktumz","time":1612745276,"event":{"mods":["AchievementEnabler","BaseMod","Colored Map","Colored Powertips","Downfall","Googly Eyes","Minty Spire (QoL Compilation)","StSLib"],"gold_per_floor":[112,19,36,36,36,76,76,109,109,109,139,71,71,17,17,142,142,158,177,27,27,27],"floor_reached":21,"language":"ENG","playtime":387,"items_purged":["Meteor Strike"],"score":312,"play_id":"42bbbd9f-c730-4295-9ed2-783467ea07ec","local_time":"20210207184756","is_ascension_mode":true,"campfire_choices":[{"data":"Leap","floor":7,"key":"SMITH"},{"floor":10,"key":"REST"},{"floor":15,"key":"REST"}],"circlet_count":0,"master_deck":["AscendersBane","Strike_B","Strike_B","Strike_B","Defend_B","Defend_B","Defend_B","Defend_B","Zap","Dualcast","Rebound","Defragment","Leap+1","Sunder","Conserve Battery","Darkness","FTL","Hologram","Coolheaded+1","Loop"],"relics":["FrozenCore","NeowsBlessing","Golden Idol","Sundial","Kunai","Lantern"],"acts_visited":["Exordium","TheCity"],"potions_floor_usage":[8],"damage_taken":[{"damage":0,"enemies":"Jaw Worm","floor":1,"turns":1},{"damage":0,"enemies":"Small Slimes","floor":3,"turns":1},{"damage":0,"enemies":"Lagavulin","floor":6,"turns":1},{"damage":56,"enemies":"Gremlin Nob","floor":8,"turns":6},{"damage":37,"enemies":"The Guardian","floor":16,"turns":11},{"damage":22,"enemies":"Spheric Guardian","floor":18,"turns":7},{"damage":19,"enemies":"Chosen","floor":19,"turns":6},{"damage":0,"enemies":"3 Cultists","floor":21,"turns":3}],"seed_played":"6187691370752465196","potions_obtained":[{"floor":6,"key":"Swift Potion"},{"floor":16,"key":"EssenceOfSteel"},{"floor":18,"key":"Explosive Potion"}],"is_trial":false,"path_per_floor":["M","$","M","?","?","E","R","E","T","R","?","$","?","$","R","B",null,"M","M","$","M"],"character_chosen":"DEFECT","items_purchased":["Defragment","Leap","FTL","Hologram","Loop"],"campfire_rested":2,"item_purchase_floors":[2,2,12,14,20],"current_hp_per_floor":[68,68,68,68,68,68,68,12,12,32,32,32,32,32,52,15,56,34,15,15,15,15],"gold":27,"neow_bonus":"THREE_ENEMY_KILL","is_daily":false,"chose_seed":false,"campfire_upgraded":1,"win_rate":0.0,"timestamp":1612745276,"path_taken":["M","$","M","?","?","E","R","E","T","R","?","$","?","$","R","BOSS","M","?","$","M"],"items_purchased_type":["Card","Card","Card","Card","Card"],"build_version":"2020-12-22","purchased_purges":1,"victory":false,"max_hp_per_floor":[75,75,75,69,69,69,69,69,69,69,69,69,69,69,69,69,69,69,69,69,69,69],"card_choices":[{"not_picked":["Turbo","Rip and Tear"],"picked":"Rebound","floor":1},{"not_picked":["Fusion","Tempest"],"picked":"Sunder","floor":3},{"not_picked":["Self Repair","Stack"],"picked":"Conserve Battery","floor":6},{"not_picked":["BootSequence","Aggregate"],"picked":"Darkness","floor":8},{"not_picked":["Hyperbeam","Reboot"],"picked":"Meteor Strike","floor":16},{"not_picked":["Turbo","Gash"],"picked":"Coolheaded+1","floor":18},{"not_picked":["Tempest+1","Rebound","Chaos"],"picked":"SKIP","floor":19}],"player_experience":398632,"relics_obtained":[{"floor":6,"key":"Sundial"},{"floor":8,"key":"Kunai"},{"floor":9,"key":"Lantern"}],"event_choices":[{"damage_healed":0,"gold_gain":0,"player_choice":"Lose Max HP","damage_taken":0,"relics_obtained":["Golden Idol"],"max_hp_gain":0,"max_hp_loss":6,"event_name":"Golden Idol","floor":4,"gold_loss":0},{"damage_healed":0,"gold_gain":0,"player_choice":"Leave","damage_taken":0,"max_hp_gain":0,"max_hp_loss":0,"event_name":"The Cleric","floor":5,"gold_loss":0},{"damage_healed":0,"gold_gain":30,"player_choice":"Searched \u00271\u0027 times","damage_taken":0,"max_hp_gain":0,"max_hp_loss":0,"event_name":"Dead Adventurer","floor":11,"gold_loss":0},{"cards_removed":["Strike_B"],"damage_healed":0,"gold_gain":0,"player_choice":"Offered Basic","damage_taken":0,"max_hp_gain":0,"max_hp_loss":0,"event_name":"Bonfire Elementals","floor":13,"gold_loss":0}],"is_beta":false,"boss_relics":[{"not_picked":["Cursed Key","Runic Dome"],"picked":"FrozenCore"}],"items_purged_floors":[20],"is_endless":false,"potions_floor_spawned":[6,16,18],"killed_by":"3 Cultists","ascension_level":10}}