{"host":"3utruza25chulvet","time":1612820788,"event":{"mods":["2.2 Compatiblity","BaseMod","Colored Map","Colored Powertips","Duelist Mod","Infinite Spire","Minty Spire (QoL Compilation)","Quick Restart","StSLib","SuperFastMode"],"gold_per_floor":[110,285,285,81,81,95,95,138,138,153,205,229,269,284,284,305,305,305,428,428,453,378,393,393,407,407,446,446,446,446,473,498,498,539,551,563,563],"floor_reached":36,"language":"ENG","playtime":864,"items_purged":["Doubt","Strike_R"],"score":432,"play_id":"3553db35-190a-4905-a7aa-978747abfd8f","local_time":"20210208154628","is_ascension_mode":true,"campfire_choices":[{"data":"Inflame","floor":7.0,"key":"SMITH"},{"data":"Armaments","floor":9.0,"key":"SMITH"},{"data":"Inflame","floor":15.0,"key":"SMITH"},{"floor":17.0,"key":"REST"},{"floor":18.0,"key":"DIG"},{"floor":26.0,"key":"DIG"},{"data":"1","floor":30.0,"key":"LIFT"},{"data":"infinitespire:FutureSight","floor":33.0,"key":"SMITH"}],"circlet_count":0,"master_deck":["Strike_R+1","Strike_R","Strike_R","Defend_R","Defend_R","Defend_R","Defend_R","Bash","Inflame+1","Heavy Blade","Whirlwind","True Grit","Armaments+1","Seeing Red","Inflame+1","Ghostly Armor","Double Tap","Bloodletting+1","Metallicize","True Grit+1","Battle Trance","Pommel Strike+1","Berserk","infinitespire:FutureSight+1","Shrug It Off"],"relics":["Burning Blood","NeowsBlessing","Golden Idol","infinitespire:Beetle Shell","Shovel","Bag of Preparation","MealTicket","Prayer Wheel","Black Star","Bottled Lightning","PreservedInsect","Girya","Whetstone","MutagenicStrength","Red Skull","MawBank","Bronze Scales"],"acts_visited":["Exordium","TheCity"],"potions_floor_usage":[36],"damage_taken":[{"damage":0.0,"enemies":"2 Louse","floor":1.0,"turns":2.0},{"damage":0.0,"enemies":"Small Slimes","floor":6.0,"turns":1.0},{"damage":0.0,"enemies":"3 Sentries","floor":8.0,"turns":2.0},{"damage":0.0,"enemies":"Jaw Worm","floor":10.0,"turns":3.0},{"damage":0.0,"enemies":"Exordium Wildlife","floor":12.0,"turns":2.0},{"damage":28.0,"enemies":"Lagavulin","floor":13.0,"turns":5.0},{"damage":3.0,"enemies":"3 Louse","floor":14.0,"turns":3.0},{"damage":18.0,"enemies":"Large Slime","floor":16.0,"turns":4.0},{"damage":27.0,"enemies":"The Guardian","floor":19.0,"turns":12.0},{"damage":23.0,"enemies":"2 Thieves","floor":21.0,"turns":3.0},{"damage":2.0,"enemies":"Shell Parasite","floor":23.0,"turns":8.0},{"damage":24.0,"enemies":"Snake Plant","floor":25.0,"turns":6.0},{"damage":18.0,"enemies":"theDuelist:KaibaA2","floor":27.0,"turns":4.0},{"damage":3.0,"enemies":"3 Cultists","floor":32.0,"turns":2.0},{"damage":0.0,"enemies":"Slavers","floor":34.0,"turns":1.0},{"damage":29,"enemies":"Nightmare","floor":36,"turns":3}],"seed_played":"7386637194644646982","potions_obtained":[{"floor":8.0,"key":"GamblersBrew"},{"floor":10.0,"key":"SmokeBomb"},{"floor":12.0,"key":"Weak Potion"},{"floor":27.0,"key":"Strength Potion"},{"floor":32.0,"key":"Explosive Potion"},{"floor":34.0,"key":"DuplicationPotion"}],"is_trial":false,"path_per_floor":["M","?","?","$","?","M","R","E","R","M","T","M","E","M","R","M","R","R","B",null,"M","?","M","T","M","R","E","?","AVR","R","T","M","R","E","?","NM"],"character_chosen":"IRONCLAD","items_purchased":["Heavy Blade","Whirlwind"],"campfire_rested":1,"item_purchase_floors":[4,4],"current_hp_per_floor":[80,80,74,74,49,55,55,61,61,67,67,73,51,54,54,42,64,64,43,74,57,57,61,61,43,43,31,31,31,31,31,34,34,40,26,0,0],"gold":563,"neow_bonus":"THREE_ENEMY_KILL","is_daily":false,"chose_seed":false,"campfire_upgraded":4,"win_rate":0.0,"timestamp":1612820788,"path_taken":["M","?","?","$","?","M","R","E","R","M","T","M","E","M","R","M","R","R","BOSS","M","?","M","?","M","R","E","?","AVR","R","T","M","R","E","?","NM"],"items_purchased_type":["Card","Card"],"build_version":"2020-12-22","purchased_purges":2,"victory":false,"max_hp_per_floor":[80,80,74,74,74,74,74,74,74,74,74,74,74,74,74,74,74,74,74,74,74,74,74,74,74,74,74,74,74,74,74,74,74,74,79,79,79],"card_choices":[{"not_picked":["Rage","Headbutt"],"picked":"Inflame","floor":1.0},{"not_picked":["Evolve","Cleave"],"picked":"True Grit","floor":6.0},{"not_picked":["Clash","Havoc"],"picked":"Armaments","floor":8.0},{"not_picked":["Impervious","Whirlwind","Dropkick"],"picked":"SKIP","floor":10.0},{"not_picked":["Shockwave","Blood for Blood","Heavy Blade"],"picked":"SKIP","floor":12.0},{"not_picked":["Shockwave","Blood for Blood","Heavy Blade"],"picked":"SKIP","floor":12.0},{"not_picked":["Heavy Blade","Thunderclap"],"picked":"Seeing Red","floor":13.0},{"not_picked":["Wild Strike","Heavy Blade"],"picked":"Inflame","floor":14.0},{"not_picked":["Thunderclap","Sword Boomerang"],"picked":"Ghostly Armor","floor":16.0},{"not_picked":["Fiend Fire","Reaper"],"picked":"Double Tap","floor":19.0},{"not_picked":["Havoc","Uppercut"],"picked":"Bloodletting+1","floor":21.0},{"not_picked":["Whirlwind","Combust+1"],"picked":"Metallicize","floor":21.0},{"not_picked":["Evolve","Heavy Blade"],"picked":"True Grit+1","floor":23.0},{"not_picked":["Anger","Hemokinesis"],"picked":"Battle Trance","floor":23.0},{"not_picked":["Iron Wave","Reckless Charge"],"picked":"Pommel Strike","floor":25.0},{"not_picked":["Perfected Strike","Headbutt+1","Wild Strike+1"],"picked":"SKIP","floor":25.0},{"not_picked":["Perfected Strike","Headbutt+1","Wild Strike+1"],"picked":"SKIP","floor":25.0},{"not_picked":["Warcry","Twin Strike+1"],"picked":"Berserk","floor":27.0},{"not_picked":["Perfected Strike","Flame Barrier"],"picked":"Shrug It Off","floor":32.0},{"not_picked":["Fire Breathing","Dual Wield","Pummel"],"picked":"SKIP","floor":32.0},{"not_picked":["Clash","Heavy Blade","Thunderclap"],"picked":"SKIP","floor":34.0}],"player_experience":221412,"relics_obtained":[{"floor":8.0,"key":"Shovel"},{"floor":11.0,"key":"Bag of Preparation"},{"floor":13.0,"key":"MealTicket"},{"floor":18.0,"key":"Prayer Wheel"},{"floor":24.0,"key":"Bottled Lightning"},{"floor":26.0,"key":"PreservedInsect"},{"floor":27.0,"key":"Girya"},{"floor":27.0,"key":"Whetstone"},{"floor":31.0,"key":"Red Skull"},{"floor":34.0,"key":"MawBank"},{"floor":34.0,"key":"Bronze Scales"}],"event_choices":[{"damage_healed":0.0,"max_hp_gain":0.0,"max_hp_loss":0.0,"gold_gain":175.0,"event_name":"Liars Game","player_choice":"AGREE","floor":2.0,"gold_loss":0.0,"damage_taken":0.0,"cards_obtained":["Doubt"]},{"damage_healed":0.0,"max_hp_gain":0.0,"max_hp_loss":6.0,"gold_gain":0.0,"event_name":"Golden Idol","player_choice":"Lose Max HP","floor":3.0,"gold_loss":0.0,"damage_taken":0.0,"relics_obtained":["Golden Idol"]},{"damage_healed":0.0,"max_hp_gain":0.0,"max_hp_loss":0.0,"gold_gain":0.0,"event_name":"Scrap Ooze","player_choice":"Success","floor":5.0,"gold_loss":0.0,"damage_taken":25.0,"relics_obtained":["infinitespire:Beetle Shell"]},{"cards_removed":["Strike_R"],"damage_healed":0.0,"max_hp_gain":0.0,"max_hp_loss":0.0,"gold_gain":0.0,"event_name":"Beggar","player_choice":"Gave Gold","floor":22.0,"gold_loss":75.0,"damage_taken":0.0},{"damage_healed":0.0,"max_hp_gain":0.0,"max_hp_loss":0.0,"gold_gain":0.0,"event_name":"Drug Dealer","player_choice":"Inject Mutagens","floor":28.0,"gold_loss":0.0,"damage_taken":0.0,"relics_obtained":["MutagenicStrength"]},{"damage_healed":0.0,"max_hp_gain":5.0,"max_hp_loss":0.0,"gold_gain":0.0,"event_name":"Forgotten Altar","player_choice":"Shed Blood","floor":35.0,"gold_loss":0.0,"damage_taken":19.0}],"is_beta":false,"boss_relics":[{"not_picked":["Empty Cage","Pandora\u0027s Box"],"picked":"Black Star"}],"items_purged_floors":[4,29],"is_endless":false,"potions_floor_spawned":[8,10,12,14,27,32,34],"killed_by":"Nightmare","ascension_level":4}}