{"host":"ouhnlk7sufsq27y5","time":1612826786,"event":{"mods":["Act Like it!","AlwaysNeverKeys","Aspiration","BaseMod","Better Match","Better Third Choice","Card Forge","Conspire","Dark Map","Gold Saver","HololiveMod","Hubris","Infinite Spire","Melee Mod","Minty Spire (QoL Compilation)","Reliquary","Replay The Spire","Shop Mod","StSLib","Yuri Mod"],"gold_per_floor":[3869,3087,3087,3106,3131,3171,3171,3171,3171,3171,3171,3196,3196,3226,3226,3373,3373,3390,3321,2803,2816,2841,2885,2927,2952,2952,2952,2974,2974,2974,3014,3014,3181,3181,3231,2718,2751,2751,2791,2871,2971,3060,3060,3129,3200,3200,2799,2840,2840,2850,2850,2850,2163,2212,2237],"floor_reached":56,"language":"ENG","playtime":14132,"items_purged":[],"score":1539,"play_id":"e97972cc-e5ca-4221-9419-9f564cea750d","local_time":"20210208182626","is_ascension_mode":true,"campfire_choices":[{"data":"Hololive_StarCraft","floor":7.0,"key":"SMITH"},{"data":"Hololive_CallAZKi","floor":15.0,"key":"SMITH"},{"data":"Hololive_DiamondStrike","floor":29.0,"key":"SMITH"},{"data":"Hololive_CallCivia","floor":32.0,"key":"SMITH"},{"data":"Hololive_CallShishiroBotan","floor":46.0,"key":"SMITH"},{"data":"Hololive_Yoholoon","floor":49.0,"key":"SMITH"},{"data":"Hololive_CallMomosuzuNene+2","floor":52,"key":"SMITH"}],"circlet_count":0,"master_deck":["Hololive_Strike+2","Hololive_Strike+1","Hololive_Defend+1","Hololive_LuckPotion+1","Hololive_CallAyundaRisu+1","Hololive_CallMurasakiShion+1","Hololive_CallNatsuiroMatsuri+1","Hololive_CallMurasakiShion+1","Hololive_CallAmaneKanata+1","Hololive_StarCraft+1","Hololive_CallAmaneKanata+1","Hololive_CallInugamiKorone+1","Hololive_CandyCastle+1","Hololive_CallSakuraMiko+1","Hololive_CallUsadaPekora+1","Hololive_CallKiryuuCoco+1","Hololive_StrengthChampion+12","Hololive_CallAZKi+1","Hololive_CallYogiri+1","Hololive_WolfAndLamb+1","Hololive_Trident+1","Hololive_Yoholoon+1","Hololive_Yoholoon+1","Hololive_CallUruhaRushia+1","Hololive_CallNatsuiroMatsuri+1","Hololive_CallOzoraSubaru+1","Hololive_CallHoushouMarine+1","Hololive_CallHimemoriLuna+1","Hololive_CallYukihanaLamy+1","Hololive_CallManoAloe+1","Hololive_Teleport+1","Hololive_MaximGun+1","Hololive_Sequa+1","Hololive_FlyingPonyTail+1","Hololive_DiamondStrike+1","Hololive_CallCivia+1","Hololive_Thief+1","Hololive_CallMinatoAqua+1","Hololive_CallUruhaRushia+1","Hololive_CallArtia+1","Hololive_CallMoonaHoshinova+1","Hololive_CallShishiroBotan+1","Hololive_Trident+1","Hololive_FlyingPonyTail+1","Hololive_RevenueBasedLive+1","Hololive_DiamondStrike+1","Hololive_CallMomosuzuNene+15","Hololive_Yoholoon+1","Hololive_CandyCastle+1","Hololive_CandyCastle+1","Hololive_CallInugamiKorone+1","Hololive_StrengthChampion+3"],"relics":["Hololive_TheStar","Hammer of Thor","Seething Fire","Anvil of the Gods","conspire:BottledYoYo","infinitespire:BottledMercury","MerchantsRug","conspire:DecoderRing","reliquary:FeatherDuster","conspire:InfiniteJournal","Golden Idol","Coffee Dripper","Blue Doll","Orrery","aspiration:HatOfInfinitePower","Sundial","Pantograph","Replay:Mystery Machine","WarpedTongs","aspiration:PoetsPen","hubris:PeanutButter","War Paint","Replay:WaspNest","infinitespire:Lucky Rock","Strawberry","conspire:TopHat","Replay:Baseball","Whetstone","Replay:Accelerometer","Bag of Marbles","ReplayTheSpireMod:CursedCoin","Sling","Blue Candle","ReplayFunnel","reliquary:SilkGlove"],"acts_visited":["Exordium","TheCity","TheBeyond","TheEnding"],"potions_floor_usage":[55],"damage_taken":[{"damage":0.0,"enemies":"Jaw Worm","floor":1.0,"turns":2.0},{"damage":0.0,"enemies":"Cultist","floor":4.0,"turns":2.0},{"damage":0.0,"enemies":"Small Slimes","floor":5.0,"turns":3.0},{"damage":0.0,"enemies":"Gremlin Nob","floor":6.0,"turns":3.0},{"damage":0.0,"enemies":"Exordium Wildlife","floor":12.0,"turns":2.0},{"damage":0.0,"enemies":"Large Slime","floor":14.0,"turns":2.0},{"damage":0.0,"enemies":"Hexaghost","floor":16.0,"turns":5.0},{"damage":0.0,"enemies":"2 Thieves","floor":18.0,"turns":3.0},{"damage":0.0,"enemies":"Spheric Guardian","floor":21.0,"turns":3.0},{"damage":0.0,"enemies":"Snake Plant","floor":22.0,"turns":3.0},{"damage":0.0,"enemies":"Gremlin Leader","floor":23.0,"turns":5.0},{"damage":0.0,"enemies":"Centurion and Healer","floor":24.0,"turns":4.0},{"damage":0.0,"enemies":"3 Cultists","floor":25.0,"turns":4.0},{"damage":0.0,"enemies":"Cultist and Chosen","floor":28.0,"turns":3.0},{"damage":0.0,"enemies":"Centurion and Healer","floor":31.0,"turns":3.0},{"damage":0.0,"enemies":"hubris:MusketHawk","floor":33.0,"turns":4.0},{"damage":0.0,"enemies":"3 Darklings","floor":35.0,"turns":3.0},{"damage":0.0,"enemies":"3 Shapes","floor":37.0,"turns":3.0},{"damage":0.0,"enemies":"Jaw Worm Horde","floor":39.0,"turns":3.0},{"damage":0.0,"enemies":"R_Hoarder","floor":40.0,"turns":4.0},{"damage":0.0,"enemies":"conspire:MimicChest","floor":41.0,"turns":4.0},{"damage":0.0,"enemies":"Giant Head","floor":42.0,"turns":5.0},{"damage":0.0,"enemies":"R_Hoarder","floor":44.0,"turns":3.0},{"damage":0.0,"enemies":"Maw","floor":45.0,"turns":4.0},{"damage":0.0,"enemies":"Transient","floor":48.0,"turns":5.0},{"damage":0,"enemies":"Replay:Hell Engine","floor":50,"turns":6},{"damage":0,"enemies":"Shield and Spear","floor":54,"turns":4},{"damage":0,"enemies":"The Heart","floor":55,"turns":6}],"seed_played":"-2848892051514978394","potions_obtained":[{"floor":4.0,"key":"SkillPotion"},{"floor":6.0,"key":"CultistPotion"},{"floor":12.0,"key":"Explosive Potion"},{"floor":22.0,"key":"Fire Potion"},{"floor":24.0,"key":"BlessingOfTheForge"},{"floor":25.0,"key":"Dexterity Potion"},{"floor":31.0,"key":"LifebloodPotion"},{"floor":41.0,"key":"Elixir"},{"floor":42.0,"key":"BlessingOfTheForge"},{"floor":48.0,"key":"PowerPotion"}],"is_trial":false,"path_per_floor":["M","$","?","M","M","E","R","?","T","T","?","M","?","M","R","B",null,"M","?","$","M","M","E","M","M","T","AVR","M","R","?","M","R","B",null,"M","$","M","AVR","M","E","?","E","T","E","M","R","$","M","R","B",null,"R","$","E","B",null],"character_chosen":"Hololive_HololiveCharacter","items_purchased":["Hololive_CallInugamiKorone","conspire:BottledYoYo","infinitespire:BottledMercury","Hololive_CandyCastle","MerchantsRug","Hololive_Yoholoon","Orrery","Hololive_CallYukihanaLamy","aspiration:HatOfInfinitePower","hubris:PeanutButter","Hololive_CallUruhaRushia","War Paint","FairyPotion","Replay:Accelerometer","Bag of Marbles","FairyPotion","ReplayTheSpireMod:CursedCoin","Hololive_CallMomosuzuNene","Hololive_CandyCastle","Hololive_CallInugamiKorone","Sling","Blue Candle","ReplayFunnel"],"campfire_rested":0,"item_purchase_floors":[2,2,2,2,2,20,20,20,20,36,36,36,36,47,47,47,47,47,53,53,53,53,53],"current_hp_per_floor":[35,35,35,35,35,35,35,35,35,35,35,35,35,35,35,35,35,35,35,35,35,35,35,35,35,35,35,35,35,35,35,35,35,35,35,35,35,35,35,35,42,42,42,42,42,42,42,42,42,42,42,42,42,42,42],"gold":2237,"neow_bonus":"ONE_RANDOM_RARE_CARD","is_daily":false,"chose_seed":false,"campfire_upgraded":7,"win_rate":0.0,"timestamp":1612826786,"path_taken":["M","$","?","?","M","E","R","?","T","?","?","M","?","M","R","BOSS","M","?","$","M","M","E","M","?","T","AVR","M","R","?","M","R","BOSS","M","$","M","AVR","M","E","?","E","T","E","M","R","$","M","R","BOSS","R","$","E","BOSS"],"items_purchased_type":["Card","Relic","Relic","Card","Relic","Card","Relic","Card","Relic","Relic","Card","Relic","Potion","Relic","Relic","Potion","Relic","Card","Card","Card","Relic","Relic","Relic"],"build_version":"2020-12-22","purchased_purges":0,"victory":true,"max_hp_per_floor":[35,35,35,35,35,35,35,35,35,35,35,35,35,35,35,35,35,35,35,35,35,35,35,35,35,35,35,35,35,35,35,35,35,35,35,35,35,35,35,35,42,42,42,42,42,42,42,42,42,42,42,42,42,42,42],"card_choices":[{"not_picked":["Hololive_Sequa","Hololive_Psychosis","Hololive_OvertimeWork"],"picked":"Hololive_CallAmaneKanata","floor":1.0},{"not_picked":["Hololive_HuntDinosaur","Hololive_CallHoushouMarine","Hololive_Trident"],"picked":"Hololive_CallSakuraMiko","floor":4.0},{"not_picked":["Hololive_CallShiroganeNoel","Hololive_Drill","Hololive_FlyingPonyTail"],"picked":"Hololive_CallUsadaPekora","floor":5.0},{"not_picked":["Hololive_LuckPotion","Hololive_Psychosis","Hololive_CallAmaneKanata"],"picked":"Hololive_CallKiryuuCoco","floor":6.0},{"not_picked":["Hololive_ManjiGathering","Hololive_RevenueBasedLive","Hololive_Trident"],"picked":"Hololive_StrengthChampion","floor":12.0},{"not_picked":["Hololive_OvertimeWork","Hololive_CallSakuraMiko","Hololive_Drill"],"picked":"Hololive_CallYogiri","floor":14.0},{"not_picked":["Hololive_ScarfAndHalo","Hololive_FlareMind","Hololive_HighAtkLowDef"],"picked":"Hololive_WolfAndLamb","floor":16.0},{"not_picked":["Hololive_Breathe","Hololive_RevenueBasedLive+1","Hololive_Sequa"],"picked":"Hololive_Trident+1","floor":18.0},{"not_picked":["Hololive_Nanodesu","Hololive_ASMR","Hololive_StrengthChampion"],"picked":"Hololive_CallUruhaRushia+1","floor":20.0},{"not_picked":["Hololive_StrengthChampion+1","Hololive_Rebound+1","Hololive_OvertimeWork+1"],"picked":"Hololive_CallNatsuiroMatsuri","floor":20.0},{"not_picked":["Hololive_Drill+1","Hololive_CallYogiri","Hololive_CocoNews+1"],"picked":"Hololive_CallOzoraSubaru","floor":20.0},{"not_picked":["Hololive_FlyingPonyTail","Hololive_Trident","Hololive_Drill+1"],"picked":"Hololive_CallHoushouMarine","floor":20.0},{"not_picked":["Hololive_StrengthChampion","Hololive_SoulCatcher","Hololive_IdolExercise"],"picked":"Hololive_CallHimemoriLuna","floor":20.0},{"not_picked":["Hololive_Trident","Hololive_Drill+1","Hololive_Sequa"],"picked":"Hololive_CallManoAloe","floor":21.0},{"not_picked":["Hololive_Psychosis+1","Hololive_Drill","Hololive_CallAmaneKanata"],"picked":"Hololive_Teleport","floor":22.0},{"not_picked":["Hololive_Trident","Hololive_Drill","Hololive_HuntDinosaur"],"picked":"Hololive_MaximGun","floor":23.0},{"not_picked":["Hololive_LuckPotion","Hololive_CocoNews","Hololive_Trident"],"picked":"Hololive_Sequa","floor":24.0},{"not_picked":["Hololive_Breathe","Hololive_Rebound","Hololive_Psychosis+1"],"picked":"Hololive_FlyingPonyTail","floor":25.0},{"not_picked":["Hololive_CallAmaneKanata+1","Hololive_CallSpadeEcho","Hololive_Sequa"],"picked":"Hololive_DiamondStrike","floor":28.0},{"not_picked":["Hololive_CocoNews+1","Hololive_Rebound+1","Hololive_CallOmaruPolka"],"picked":"Hololive_CallCivia","floor":31.0},{"not_picked":["Hololive_DurableLive","Hololive_FlareMind","Hololive_IdolExercise"],"picked":"Hololive_Thief","floor":33.0},{"not_picked":["Hololive_Rebound+1","Hololive_CallOzoraSubaru+1","Hololive_CocoNews+1"],"picked":"Hololive_CallMinatoAqua","floor":35.0},{"not_picked":["Hololive_HuntDinosaur","Hololive_Trident+1","Hololive_Psychosis"],"picked":"Hololive_CallArtia","floor":37.0},{"not_picked":["Hololive_CallSakuraMiko","Hololive_Rebound+1","Hololive_HuntDinosaur+1"],"picked":"Hololive_CallMoonaHoshinova","floor":39.0},{"not_picked":["Hololive_CallHoshimachiSuisei+1","Hololive_CocoNews+1","Hololive_CallAmaneKanata+1"],"picked":"Hololive_CallShishiroBotan","floor":40.0},{"not_picked":["Hololive_OvertimeWork+1","Hololive_WolfAndLamb","Hololive_SummonFox"],"picked":"Hololive_Trident+1","floor":41.0},{"not_picked":["Hololive_Drill","Hololive_DevilCharm+1","Hololive_OvertimeWork"],"picked":"Hololive_FlyingPonyTail+1","floor":42.0},{"not_picked":["Hololive_HuntDinosaur+1","Hololive_Sequa","Hololive_ManjiGathering+1"],"picked":"Hololive_RevenueBasedLive+1","floor":44.0},{"not_picked":["Hololive_DevilCharm+1","Hololive_Drill+1","Hololive_ILoveYou"],"picked":"Hololive_DiamondStrike","floor":45.0},{"not_picked":["Hololive_CallSakuraMiko","Hololive_CocoNews","Hololive_OvertimeWork"],"picked":"Hololive_Yoholoon","floor":48.0},{"not_picked":["Hololive_Rebound","Hololive_HuntDinosaur","Hololive_Sequa"],"picked":"Hololive_StrengthChampion","floor":54}],"player_experience":1535683,"relics_obtained":[{"floor":6.0,"key":"conspire:DecoderRing"},{"floor":9.0,"key":"reliquary:FeatherDuster"},{"floor":10.0,"key":"conspire:InfiniteJournal"},{"floor":23.0,"key":"Sundial"},{"floor":26.0,"key":"Pantograph"},{"floor":40.0,"key":"infinitespire:Lucky Rock"},{"floor":41.0,"key":"Strawberry"},{"floor":42.0,"key":"conspire:TopHat"},{"floor":43.0,"key":"Replay:Baseball"},{"floor":44.0,"key":"Whetstone"},{"floor":54,"key":"reliquary:SilkGlove"}],"event_choices":[{"cards_removed":["Hololive_Defend"],"damage_healed":5.0,"max_hp_gain":0.0,"max_hp_loss":0.0,"gold_gain":0.0,"event_name":"Bonfire Elementals","player_choice":"Offered Special","floor":3.0,"gold_loss":0.0,"damage_taken":0.0},{"damage_healed":0.0,"max_hp_gain":0.0,"max_hp_loss":0.0,"gold_gain":0.0,"event_name":"conspire:Investor","player_choice":"Leave","floor":8.0,"gold_loss":0.0,"damage_taken":0.0},{"damage_healed":0.0,"max_hp_gain":0.0,"max_hp_loss":0.0,"gold_gain":0.0,"event_name":"Golden Idol","player_choice":"Take Wound","floor":11.0,"gold_loss":0.0,"damage_taken":0.0,"relics_obtained":["Golden Idol"],"cards_obtained":["Injury"]},{"damage_healed":0.0,"max_hp_gain":0.0,"max_hp_loss":0.0,"gold_gain":0.0,"event_name":"WeMeetAgain","player_choice":"Paid Gold","floor":19.0,"gold_loss":69.0,"damage_taken":0.0,"relics_obtained":["Blue Doll"]},{"damage_healed":0.0,"max_hp_gain":0.0,"max_hp_loss":0.0,"gold_gain":0.0,"event_name":"Accursed Blacksmith","player_choice":"Rummage","floor":30.0,"gold_loss":0.0,"damage_taken":0.0,"relics_obtained":["WarpedTongs"],"cards_obtained":["Pain"]}],"is_beta":false,"boss_relics":[{"not_picked":["Replay:Grab Bag","Philosopher\u0027s Stone"],"picked":"Coffee Dripper"},{"not_picked":["aspiration:DefectSkillbook","aspiration:RitualDagger"],"picked":"aspiration:PoetsPen"}],"items_purged_floors":[],"is_endless":false,"potions_floor_spawned":[4,6,12,22,24,25,31,33,41,42,48],"ascension_level":1}}