{"host":"2wp95sdfrgw3k439","time":1612825512,"event":{"mods":["BaseMod","Better Altar","Better Skull","Better Third Choice","Curses Come First","Minty Spire (QoL Compilation)","Permanent Neow","StSLib"],"gold_per_floor":[110,120,145,145,161,192,204,391,452,464,476,505,517,549,561,672,684,712,823,273,261,280,280,310,310,362,68,68,68,97,97,97,97,97],"floor_reached":33,"language":"ENG","playtime":1083,"items_purged":["Strike_B"],"score":378,"play_id":"56fff041-f1c8-460f-ab36-b46c46e9314f","local_time":"20210208160512","is_ascension_mode":true,"campfire_choices":[{"floor":7,"key":"REST"},{"floor":10,"key":"REST"},{"data":"Capacitor","floor":15,"key":"SMITH"},{"floor":23,"key":"REST"},{"floor":25,"key":"REST"},{"floor":29,"key":"REST"},{"data":"Fission","floor":32,"key":"SMITH"}],"circlet_count":0,"master_deck":["Strike_B","Strike_B","Strike_B","Defend_B+1","Defend_B+1","Defend_B","Defend_B","Zap","Dualcast","Defragment+1","Scrape","Sweeping Beam","Glacier+1","Capacitor+1","Fission+1","Self Repair","Conserve Battery+1"],"relics":["Cracked Core","NeowsBlessing","Bag of Preparation","MawBank","Regal Pillow","Busted Crown","Lantern","Bronze Scales","ClockworkSouvenir","Mercury Hourglass","War Paint","Thread and Needle","Blood Vial","Red Mask"],"acts_visited":["Exordium","TheCity"],"potions_floor_usage":[16,30,30,33],"damage_taken":[{"damage":0,"enemies":"Cultist","floor":1,"turns":1},{"damage":0,"enemies":"Jaw Worm","floor":2,"turns":1},{"damage":0,"enemies":"2 Louse","floor":5,"turns":1},{"damage":50,"enemies":"3 Sentries","floor":6,"turns":5},{"damage":2,"enemies":"Large Slime","floor":12,"turns":7},{"damage":2,"enemies":"2 Fungi Beasts","floor":14,"turns":4},{"damage":20,"enemies":"The Guardian","floor":16,"turns":13},{"damage":40,"enemies":"Chosen","floor":18,"turns":5},{"damage":9,"enemies":"2 Thieves","floor":21,"turns":4},{"damage":21,"enemies":"3 Cultists","floor":22,"turns":6},{"damage":37,"enemies":"Gremlin Leader","floor":24,"turns":11},{"damage":0,"enemies":"Masked Bandits","floor":30,"turns":4},{"damage":80,"enemies":"Champ","floor":33,"turns":16}],"seed_played":"5366969969662587721","potions_obtained":[{"floor":5,"key":"SteroidPotion"},{"floor":12,"key":"Dexterity Potion"},{"floor":14,"key":"Fire Potion"},{"floor":18,"key":"LiquidBronze"},{"floor":30,"key":"DistilledChaos"}],"is_trial":false,"path_per_floor":["M","M","T","?","M","E","R","?","T","R","?","M","?","M","R","B",null,"M","?","$","M","M","R","E","R","T","$","?","R","?","$","R","B"],"character_chosen":"DEFECT","items_purchased":["Lantern","Bronze Scales","ClockworkSouvenir","Self Repair","Thread and Needle"],"campfire_rested":5,"item_purchase_floors":[20,20,20,20,27],"current_hp_per_floor":[68,68,68,68,68,18,40,40,40,75,60,58,51,49,49,29,64,24,24,24,22,8,45,15,52,52,52,32,69,71,71,71,0,0],"gold":97,"neow_bonus":"THREE_ENEMY_KILL","is_daily":false,"chose_seed":false,"campfire_upgraded":2,"win_rate":0.0,"timestamp":1612825512,"path_taken":["M","?","?","?","?","E","R","?","T","R","?","M","?","?","R","BOSS","M","?","$","M","M","R","E","R","T","$","?","R","?","?","R","BOSS"],"items_purchased_type":["Relic","Relic","Relic","Card","Relic"],"build_version":"2020-12-22","purchased_purges":1,"victory":false,"max_hp_per_floor":[75,75,75,75,75,75,75,75,75,75,75,75,75,75,75,75,75,75,75,75,75,75,75,75,75,75,75,75,75,75,75,75,75,75],"card_choices":[{"not_picked":["Hologram","Stack"],"picked":"Defragment","floor":1},{"not_picked":["Barrage","Turbo"],"picked":"Scrape","floor":2},{"not_picked":["Conserve Battery","Compile Driver"],"picked":"Sweeping Beam","floor":5},{"not_picked":["Gash","Reprogram"],"picked":"Glacier","floor":6},{"not_picked":["Thunder Strike","Go for the Eyes"],"picked":"Capacitor","floor":12},{"not_picked":["Hologram","Leap","Stack"],"picked":"SKIP","floor":14},{"not_picked":["Seek","Biased Cognition"],"picked":"Fission","floor":16},{"not_picked":["Rebound"],"picked":"SKIP","floor":18},{"not_picked":["Turbo+1"],"picked":"SKIP","floor":21},{"not_picked":[],"picked":"Conserve Battery+1","floor":22},{"not_picked":["Steam"],"picked":"SKIP","floor":24}],"player_experience":568161,"relics_obtained":[{"floor":3,"key":"Bag of Preparation"},{"floor":6,"key":"MawBank"},{"floor":9,"key":"Regal Pillow"},{"floor":24,"key":"Mercury Hourglass"},{"floor":26,"key":"War Paint"},{"floor":30,"key":"Red Mask"}],"event_choices":[{"damage_healed":0,"gold_gain":0,"player_choice":"Bought 0 Potions","damage_taken":0,"max_hp_gain":0,"max_hp_loss":0,"event_name":"The Woman in Blue","floor":4,"gold_loss":0},{"damage_healed":0,"gold_gain":175,"player_choice":"AGREE","damage_taken":216,"max_hp_gain":0,"max_hp_loss":0,"event_name":"betterThird:BetterSerpent","floor":8,"gold_loss":0},{"damage_healed":75,"gold_gain":0,"player_choice":"Upgrade","damage_taken":15,"max_hp_gain":0,"max_hp_loss":75,"event_name":"betterThird:BetterShining","floor":11,"gold_loss":0,"cards_upgraded":["Defend_B","Defragment"]},{"cards_removed":["Doubt"],"damage_healed":0,"gold_gain":0,"player_choice":"Card Removal","damage_taken":7,"max_hp_gain":0,"max_hp_loss":0,"event_name":"Golden Wing","floor":13,"gold_loss":0},{"damage_healed":0,"gold_gain":99,"player_choice":"Steal","damage_taken":0,"max_hp_gain":0,"max_hp_loss":0,"event_name":"betterThird:BetterNest","floor":19,"gold_loss":0},{"damage_healed":0,"gold_gain":0,"player_choice":" Vial ","damage_taken":20,"relics_obtained":["Blood Vial"],"max_hp_gain":52,"max_hp_loss":32,"event_name":"betterAltar:BetterAltar","floor":28,"potions_obtained":[],"relics_lost":[],"gold_loss":0},{"damage_healed":0,"gold_gain":0,"player_choice":"Fought Bandits","damage_taken":0,"max_hp_gain":0,"max_hp_loss":0,"event_name":"Masked Bandits","floor":30,"gold_loss":0}],"is_beta":false,"boss_relics":[{"not_picked":["Black Star","Philosopher\u0027s Stone"],"picked":"Busted Crown"}],"items_purged_floors":[20],"is_endless":false,"potions_floor_spawned":[5,12,14,18,21,30],"killed_by":"Champ","ascension_level":9}}