{"host":"i2ntsfwoh5q5m216","time":1612756546,"event":{"mods":["BaseMod","Colored Map","Downfall","Minty Spire (QoL Compilation)","StSLib"],"gold_per_floor":[99,113,98,116,101,101,127,112,112,61,72,92,119,104,115,218,218,118,136,136,136,80,109,133,157,169,181,193,51,68,79,89,191,191,191,205,205,216,216,67,119,119,119,132,150,167,186,186,204,204,204,204],"floor_reached":50,"language":"ENG","playtime":1944,"items_purged":[],"score":527,"play_id":"ebcff1a1-51d9-4f39-b9c9-b9a661bf7698","local_time":"20210207215546","is_ascension_mode":true,"campfire_choices":[{"floor":1.0,"key":"RECALL"},{"data":"Slimebound:TagTeam","floor":18.0,"key":"SMITH"},{"data":"Slimebound:DuplicatedForm","floor":26.0,"key":"SMITH"},{"data":"expansioncontent:StudyTheSpire","floor":28.0,"key":"SMITH"},{"data":"Slimebound:Gluttony","floor":35.0,"key":"SMITH"},{"data":"Slimebound:Strike_Slimebound","floor":42.0,"key":"PURGE"}],"circlet_count":0,"master_deck":["Slimebound:Strike_Slimebound","Slimebound:Strike_Slimebound+1","Slimebound:Tackle","Slimebound:Defend_Slimebound","Slimebound:Defend_Slimebound","Slimebound:Defend_Slimebound","Slimebound:Defend_Slimebound","Slimebound:Split","Slimebound:CorrosiveSpit","Slimebound:LeechEnergy","Slimebound:SamplingLick","Slimebound:RejuvenatingLick","Slimebound:DuplicatedForm+1","Slimebound:SlimeTap","Slimebound:PressTheAttack+1","Slimebound:LeechEnergy","Slimebound:LeechingTouch","Slimebound:TagTeam+1","Slimebound:SlimeSpikes","Slimebound:WasteNot+1","Slimebound:SlimeTap+1","Slimebound:Gluttony+1","Slimebound:SplitAcid","expansioncontent:StudyTheSpire+1","Slimebound:HungryTackle","Slimebound:OozeBath","CurseOfTheBell","Slimebound:ComboTackle+1","Slimebound:GoopTackle+1","expansioncontent:Chronoboost","Slimebound:TongueLash","Slimebound:Schlurp+1"],"relics":["Slimebound:AbsorbEndCombat","Thread and Needle","Orichalcum","downfall:ShatteredFragment","Odd Mushroom","Busted Crown","downfall:HeartBlessingRed","Oddly Smooth Stone","Mercury Hourglass","MawBank","Bag of Marbles","Slimebound:SelfDamagePreventRelic","Calling Bell","Potion Belt","Darkstone Periapt","Peace Pipe","Toxic Egg 2","Whetstone","Centennial Puzzle"],"acts_visited":["Exordium","TheCity","TheBeyond"],"potions_floor_usage":[50,50],"damage_taken":[{"damage":0.0,"enemies":"Cultist","floor":2.0,"turns":4.0},{"damage":0.0,"enemies":"downfall:FleeingMerchant","floor":3.0,"turns":4.0},{"damage":0.0,"enemies":"2 Louse","floor":4.0,"turns":2.0},{"damage":1.0,"enemies":"downfall:FleeingMerchant","floor":5.0,"turns":4.0},{"damage":16.0,"enemies":"downfall:FleeingMerchant","floor":8.0,"turns":4.0},{"damage":22.0,"enemies":"downfall:FleeingMerchant","floor":10.0,"turns":4.0},{"damage":0.0,"enemies":"Jaw Worm","floor":11.0,"turns":2.0},{"damage":0.0,"enemies":"Blue Slaver","floor":12.0,"turns":3.0},{"damage":6.0,"enemies":"The Mushroom Lair","floor":13.0,"turns":4.0},{"damage":39.0,"enemies":"downfall:FleeingMerchant","floor":14.0,"turns":4.0},{"damage":5.0,"enemies":"Red Slaver","floor":15.0,"turns":2.0},{"damage":25.0,"enemies":"WA_ARCHETYPE_RETAIN","floor":16.0,"turns":5.0},{"damage":0.0,"enemies":"3 Byrds","floor":19.0,"turns":4.0},{"damage":32.0,"enemies":"downfall:FleeingMerchant","floor":22.0,"turns":4.0},{"damage":5.0,"enemies":"Book of Stabbing","floor":23.0,"turns":5.0},{"damage":2.0,"enemies":"Shell Parasite","floor":25.0,"turns":3.0},{"damage":0.0,"enemies":"Snecko","floor":30.0,"turns":2.0},{"damage":2.0,"enemies":"Centurion and Healer","floor":31.0,"turns":3.0},{"damage":15.0,"enemies":"Shelled Parasite and Fungi","floor":32.0,"turns":2.0},{"damage":30.0,"enemies":"DF_ARCHETYPE_CLAW","floor":33.0,"turns":6.0},{"damage":0.0,"enemies":"3 Shapes","floor":36.0,"turns":6.0},{"damage":5.0,"enemies":"Orb Walker","floor":38.0,"turns":3.0},{"damage":19.0,"enemies":"Spire Growth","floor":44.0,"turns":4.0},{"damage":18.0,"enemies":"Transient","floor":45.0,"turns":5.0},{"damage":18.0,"enemies":"Sphere and 2 Shapes","floor":46.0,"turns":9.0},{"damage":28.0,"enemies":"3 Darklings","floor":47.0,"turns":4.0},{"damage":16,"enemies":"Writhing Mass","floor":49,"turns":5},{"damage":55,"enemies":"IC_BLOCK_ARCHETYPE","floor":50,"turns":4}],"seed_played":"1040415869332039768","potions_obtained":[{"floor":11.0,"key":"Block Potion"},{"floor":12.0,"key":"SteroidPotion"},{"floor":13.0,"key":"PowerPotion"},{"floor":15.0,"key":"Weak Potion"},{"floor":19.0,"key":"Dexterity Potion"},{"floor":32.0,"key":"SpeedPotion"},{"floor":33.0,"key":"Dexterity Potion"},{"floor":44.0,"key":"Swift Potion"},{"floor":45.0,"key":"SteroidPotion"},{"floor":46.0,"key":"Strength Potion"}],"is_trial":false,"path_per_floor":["R","M","$","M","$","?","T","$","?","$","M","M","?","$","M","B",null,"R","M","?","?","$","E","T","M","R","?","R","$","M","M","M","B",null,"R","M","T","M","?","$","T","R","?","M","M","M","M","?","M","B"],"character_chosen":"SLIMEBOUND","items_purchased":["Slimebound:SlimeTap","Slimebound:Gluttony","Slimebound:SplitAcid","expansioncontent:StudyTheSpire","Oddly Smooth Stone","Slimebound:SelfDamagePreventRelic","Whetstone"],"campfire_rested":0,"item_purchase_floors":[10,22,22,22,22,29,40],"current_hp_per_floor":[47,51,59,61,65,70,70,69,51,50,54,58,60,44,41,39,70,70,70,70,70,55,58,58,60,60,60,60,60,66,68,70,51,70,70,70,70,69,69,69,69,69,69,56,61,64,51,51,43,0,0,0],"gold":204,"neow_bonus":"ONE_RARE_RELIC","is_daily":false,"chose_seed":false,"campfire_upgraded":4,"win_rate":0.0,"timestamp":1612756546,"path_taken":["R","M","?","?","$","?","T","?","?","?","?","M","?","$","M","BOSS","R","M","?","?","$","E","T","?","R","?","R","?","M","?","M","BOSS","R","M","?","?","?","?","T","R","?","M","M","M","?","?","M","BOSS"],"items_purchased_type":["Card","Card","Card","Card","Relic","Relic","Relic"],"build_version":"2020-12-22","purchased_purges":0,"victory":false,"max_hp_per_floor":[65,65,65,65,65,70,70,70,70,70,70,70,70,70,70,70,70,70,70,70,70,70,70,70,70,70,70,70,70,70,70,70,70,70,70,70,70,70,70,70,70,70,70,70,70,70,70,70,70,70,70,70],"card_choices":[{"not_picked":["Slimebound:ViciousTackle","Slimebound:LivingWall"],"picked":"Slimebound:LeechEnergy","floor":2.0},{"not_picked":["Slimebound:Grow","Slimebound:SplitAcid"],"picked":"Slimebound:SamplingLick","floor":3.0},{"not_picked":["Slimebound:SlimeSpikes","Slimebound:Grow"],"picked":"Slimebound:RejuvenatingLick","floor":4.0},{"not_picked":["Slimebound:GoopSpray","Slimebound:SplitMire"],"picked":"Slimebound:DuplicatedForm","floor":5.0},{"not_picked":["Slimebound:SplitBruiser","Slimebound:FormOfPuddle"],"picked":"Slimebound:Prepare","floor":8.0},{"not_picked":["Slimebound:SplitLeeching","Slimebound:SplitAcid","Slimebound:GoopTackle"],"picked":"SKIP","floor":10.0},{"not_picked":["Slimebound:DisruptingSlam","Slimebound:MegaLick"],"picked":"Slimebound:PressTheAttack","floor":11.0},{"not_picked":["Slimebound:Schlurp","Slimebound:ComboTackle"],"picked":"Slimebound:LeechEnergy","floor":12.0},{"not_picked":["Slimebound:FlameTackle","Slimebound:DivideAndConquer"],"picked":"Slimebound:LeechingTouch","floor":13.0},{"not_picked":["Slimebound:Gluttony","Slimebound:SplitMire"],"picked":"Slimebound:TagTeam","floor":14.0},{"not_picked":["Slimebound:LeechEnergy","Slimebound:ItLooksTasty"],"picked":"Slimebound:SlimeSpikes","floor":15.0},{"not_picked":["Slimebound:PrepareCrush","Slimebound:RallyTheTroops"],"picked":"Slimebound:WasteNot","floor":16.0},{"not_picked":[],"picked":"Slimebound:SlimeTap+1","floor":19.0},{"not_picked":["Slimebound:AcidTongue"],"picked":"SKIP","floor":22.0},{"not_picked":[],"picked":"Slimebound:HungryTackle","floor":23.0},{"not_picked":["Slimebound:Grow"],"picked":"SKIP","floor":25.0},{"not_picked":["Slimebound:LevelUp"],"picked":"SKIP","floor":30.0},{"not_picked":["Slimebound:GoopSpray"],"picked":"SKIP","floor":31.0},{"not_picked":["Slimebound:LivingWall"],"picked":"SKIP","floor":32.0},{"not_picked":[],"picked":"Slimebound:OozeBath","floor":33.0},{"not_picked":[],"picked":"Slimebound:ComboTackle+1","floor":36.0},{"not_picked":[],"picked":"Slimebound:GoopTackle+1","floor":38.0},{"not_picked":["expansioncontent:GuardianWhirl","expansioncontent:InvincibleStrength"],"picked":"expansioncontent:Chronoboost","floor":39.0},{"not_picked":["Slimebound:Recollect+1"],"picked":"SKIP","floor":44.0},{"not_picked":["Slimebound:LivingWall+1"],"picked":"SKIP","floor":45.0},{"not_picked":[],"picked":"Slimebound:TongueLash","floor":46.0},{"not_picked":["Slimebound:SplitAcid+1"],"picked":"SKIP","floor":47.0},{"not_picked":[],"picked":"Slimebound:Schlurp+1","floor":49}],"player_experience":60939,"relics_obtained":[{"floor":7.0,"key":"Orichalcum"},{"floor":13.0,"key":"Odd Mushroom"},{"floor":23.0,"key":"Mercury Hourglass"},{"floor":24.0,"key":"MawBank"},{"floor":34.0,"key":"Potion Belt"},{"floor":34.0,"key":"Darkstone Periapt"},{"floor":34.0,"key":"Peace Pipe"},{"floor":37.0,"key":"Toxic Egg 2"},{"floor":41.0,"key":"Centennial Puzzle"}],"event_choices":[{"damage_healed":0.0,"max_hp_gain":5.0,"max_hp_loss":0.0,"gold_gain":0.0,"event_name":"Big Fish","player_choice":"Donut","floor":6.0,"gold_loss":0.0,"damage_taken":0.0},{"damage_healed":0.0,"max_hp_gain":0.0,"max_hp_loss":0.0,"gold_gain":0.0,"event_name":"Mushrooms","player_choice":"Fought Mushrooms","floor":13.0,"gold_loss":0.0,"damage_taken":0.0},{"damage_healed":0.0,"max_hp_gain":0.0,"max_hp_loss":0.0,"gold_gain":0.0,"event_name":"Vampires","player_choice":"Ignored","floor":20.0,"gold_loss":0.0,"damage_taken":0.0},{"damage_healed":0.0,"max_hp_gain":0.0,"max_hp_loss":0.0,"gold_gain":0.0,"event_name":"Accursed Blacksmith","player_choice":"Forge","floor":21.0,"gold_loss":0.0,"damage_taken":0.0,"cards_upgraded":["Slimebound:WasteNot"]},{"cards_removed":["Slimebound:Prepare"],"damage_healed":0.0,"max_hp_gain":0.0,"max_hp_loss":0.0,"gold_gain":0.0,"event_name":"Falling","player_choice":"Removed Skill","floor":43.0,"gold_loss":0.0,"damage_taken":0.0},{"damage_healed":0,"gold_gain":0,"player_choice":"Ignored","damage_taken":0,"max_hp_gain":0,"max_hp_loss":0,"event_name":"Mysterious Sphere","floor":48,"gold_loss":0}],"is_beta":false,"boss_relics":[{"not_picked":["Runic Pyramid","Tiny House"],"picked":"Busted Crown"},{"not_picked":["bronze:MakeshiftBattery","SacredBark"],"picked":"Calling Bell"}],"items_purged_floors":[],"is_endless":false,"potions_floor_spawned":[11,12,13,15,19,32,33,44,45,46],"killed_by":"IC_BLOCK_ARCHETYPE","ascension_level":1}}