{"host":"c97twqu0op5dg8i4","time":1612826906,"event":{"mods":["AchievementEnabler","BaseMod","Colored Map","Minty Spire (QoL Compilation)","Permanent Neow"],"gold_per_floor":[113,34,44,144,159,191,191,203,280,280,310,332,407,439,451,566,578,602,539,464,464,464,464,496,506,533,533,548,548,9,9,9,108,108,123,142,17,34,52,78,90,90,90,90,90,90],"floor_reached":45,"language":"ENG","playtime":1217,"items_purged":["Strike_R","Strike_R","Bash"],"score":707,"play_id":"03a8d665-626f-4686-a79e-d5768e6b8464","local_time":"20210208182826","is_ascension_mode":true,"campfire_choices":[{"data":"Immolate","floor":7,"key":"SMITH"},{"floor":10,"key":"REST"},{"data":"Flame Barrier","floor":15,"key":"SMITH"},{"data":"Fire Breathing","floor":23,"key":"SMITH"},{"floor":27,"key":"REST"},{"data":"Evolve","floor":29,"key":"SMITH"},{"data":"Shrug It Off","floor":32,"key":"SMITH"},{"floor":42,"key":"REST"},{"floor":44,"key":"RECALL"}],"circlet_count":0,"master_deck":["AscendersBane","Defend_R","Defend_R","Defend_R","Immolate+1","Evolve+1","Fire Breathing+1","Wild Strike","Flame Barrier+1","Shrug It Off+1","Spot Weakness","Reckless Charge","Fire Breathing","Reckless Charge","Wild Strike+1","Fiend Fire+1","Second Wind","Wild Strike+1","Double Tap"],"relics":["Burning Blood","Torii","Gremlin Horn","MawBank","Sundial","Odd Mushroom","Empty Cage","Shuriken","Vajra","Molten Egg 2","HandDrill","Paper Frog","Black Star","Matryoshka","Dream Catcher","Potion Belt"],"acts_visited":["Exordium","TheCity","TheBeyond"],"potions_floor_usage":[24,35,36],"damage_taken":[{"damage":0,"enemies":"Small Slimes","floor":1,"turns":2},{"damage":1,"enemies":"Cultist","floor":3,"turns":3},{"damage":8,"enemies":"Jaw Worm","floor":5,"turns":4},{"damage":38,"enemies":"Gremlin Nob","floor":6,"turns":5},{"damage":15,"enemies":"3 Louse","floor":8,"turns":2},{"damage":32,"enemies":"Lagavulin","floor":11,"turns":5},{"damage":16,"enemies":"Blue Slaver","floor":12,"turns":3},{"damage":32,"enemies":"Lagavulin Event","floor":13,"turns":5},{"damage":0,"enemies":"The Mushroom Lair","floor":14,"turns":1},{"damage":34,"enemies":"Slime Boss","floor":16,"turns":7},{"damage":7,"enemies":"Chosen","floor":18,"turns":4},{"damage":30,"enemies":"Slavers","floor":24,"turns":3},{"damage":19,"enemies":"Spheric Guardian","floor":25,"turns":5},{"damage":6,"enemies":"Cultist and Chosen","floor":28,"turns":4},{"damage":22,"enemies":"Collector","floor":33,"turns":7},{"damage":31,"enemies":"3 Shapes","floor":35,"turns":2},{"damage":4,"enemies":"3 Darklings","floor":36,"turns":3},{"damage":52,"enemies":"Transient","floor":38,"turns":5},{"damage":18,"enemies":"Maw","floor":39,"turns":7},{"damage":78,"enemies":"Giant Head","floor":40,"turns":8},{"damage":32,"enemies":"Jaw Worm Horde","floor":41,"turns":3},{"damage":38,"enemies":"Spire Growth","floor":45,"turns":3}],"seed_played":"-7143723928667707393","potions_obtained":[{"floor":8,"key":"BlessingOfTheForge"},{"floor":12,"key":"BlessingOfTheForge"},{"floor":13,"key":"SkillPotion"},{"floor":28,"key":"GamblersBrew"},{"floor":35,"key":"BloodPotion"},{"floor":41,"key":"ElixirPotion"}],"is_trial":false,"path_per_floor":["M","$","M","?","M","E","R","M","T","R","E","M","?","?","R","B",null,"M","$","?","?","?","R","E","M","T","R","M","R","$","?","R","B",null,"M","M","$","M","M","E","M","R","T","R","M"],"character_chosen":"IRONCLAD","items_purchased":["Fire Breathing","Molten Egg 2","Wild Strike+1","HandDrill"],"campfire_rested":3,"item_purchase_floors":[2,30,30,30],"current_hp_per_floor":[78,78,80,80,78,46,46,37,37,61,35,25,49,55,55,27,67,66,66,66,66,66,66,42,29,29,53,53,53,53,53,53,37,69,60,62,62,16,54,35,9,33,33,33,0,0],"gold":90,"neow_bonus":"TRANSFORM_CARD","is_daily":false,"chose_seed":false,"campfire_upgraded":5,"win_rate":0.0,"timestamp":1612826906,"path_taken":["M","$","M","?","M","E","R","?","T","R","E","M","?","?","R","BOSS","M","$","?","?","?","R","E","M","T","R","M","R","$","?","R","BOSS","M","M","$","M","M","E","M","R","T","R","M"],"items_purchased_type":["Card","Relic","Card","Relic"],"build_version":"2020-12-22","purchased_purges":3,"victory":false,"max_hp_per_floor":[80,80,80,80,80,80,80,80,80,80,80,80,80,80,80,80,80,80,80,80,80,80,80,80,80,80,80,80,80,80,80,80,80,80,80,80,80,80,80,80,80,80,80,80,80,80],"card_choices":[{"not_picked":["Flex","Heavy Blade"],"picked":"Evolve","floor":1},{"not_picked":["Whirlwind","Sword Boomerang","Searing Blow"],"picked":"SKIP","floor":3},{"not_picked":["Perfected Strike","Hemokinesis"],"picked":"Wild Strike","floor":5},{"not_picked":["Rupture","Anger","Flex"],"picked":"SKIP","floor":6},{"not_picked":["Clash","Pommel Strike","Headbutt"],"picked":"SKIP","floor":8},{"not_picked":["Pummel","Berserk","Anger"],"picked":"SKIP","floor":11},{"not_picked":["Metallicize","Iron Wave"],"picked":"Flame Barrier","floor":12},{"not_picked":["Rampage","Flex"],"picked":"Shrug It Off","floor":14},{"not_picked":["Rampage","Iron Wave+1"],"picked":"Spot Weakness","floor":18},{"not_picked":["Spot Weakness","Evolve"],"picked":"Fire Breathing","floor":24},{"not_picked":["Clash","Whirlwind"],"picked":"Reckless Charge","floor":25},{"not_picked":["Sword Boomerang","Havoc","Armaments"],"picked":"SKIP","floor":28},{"not_picked":["Juggernaut","Demon Form"],"picked":"Fiend Fire+1","floor":33},{"not_picked":["Uppercut+1","Sword Boomerang+1","Cleave+1"],"picked":"SKIP","floor":35},{"not_picked":["Clash+1","Cleave+1","Twin Strike+1"],"picked":"SKIP","floor":36},{"not_picked":["Shrug It Off+1","Clothesline+1"],"picked":"Second Wind","floor":38},{"not_picked":["Twin Strike+1","Entrench+1"],"picked":"Wild Strike+1","floor":39},{"not_picked":["Clash+1","Dual Wield"],"picked":"Double Tap","floor":40},{"not_picked":["Havoc","Shockwave","Headbutt+1"],"picked":"SKIP","floor":41}],"player_experience":347733,"relics_obtained":[{"floor":6,"key":"Torii"},{"floor":9,"key":"Gremlin Horn"},{"floor":11,"key":"MawBank"},{"floor":13,"key":"Sundial"},{"floor":14,"key":"Odd Mushroom"},{"floor":24,"key":"Shuriken"},{"floor":26,"key":"Vajra"},{"floor":40,"key":"Matryoshka"},{"floor":40,"key":"Dream Catcher"},{"floor":43,"key":"Potion Belt"}],"event_choices":[{"damage_healed":0,"gold_gain":100,"player_choice":"Gold","damage_taken":0,"max_hp_gain":0,"max_hp_loss":0,"event_name":"Wheel of Change","floor":4,"gold_loss":0},{"damage_healed":0,"gold_gain":30,"player_choice":"Searched \u00273\u0027 times","damage_taken":0,"max_hp_gain":0,"max_hp_loss":0,"event_name":"Dead Adventurer","floor":13,"gold_loss":0},{"damage_healed":0,"gold_gain":0,"player_choice":"Fought Mushrooms","damage_taken":0,"max_hp_gain":0,"max_hp_loss":0,"event_name":"Mushrooms","floor":14,"gold_loss":0},{"cards_removed":["Defend_R"],"damage_healed":0,"gold_gain":0,"player_choice":"Gave Gold","damage_taken":0,"max_hp_gain":0,"max_hp_loss":0,"event_name":"Beggar","floor":20,"gold_loss":75},{"damage_healed":0,"gold_gain":0,"player_choice":"Read","damage_taken":0,"max_hp_gain":0,"max_hp_loss":0,"event_name":"The Library","floor":21,"gold_loss":0,"cards_obtained":["Reckless Charge"]},{"damage_healed":0,"gold_gain":0,"player_choice":"Ignored","damage_taken":0,"max_hp_gain":0,"max_hp_loss":0,"event_name":"Vampires","floor":22,"gold_loss":0},{"damage_healed":0,"gold_gain":0,"player_choice":"Opened","damage_taken":0,"relics_obtained":["Paper Frog"],"max_hp_gain":0,"max_hp_loss":0,"event_name":"The Mausoleum","floor":31,"gold_loss":0}],"is_beta":false,"boss_relics":[{"not_picked":["Fusion Hammer","Astrolabe"],"picked":"Empty Cage"},{"not_picked":["Calling Bell","SacredBark"],"picked":"Black Star"}],"items_purged_floors":[19,30,37],"is_endless":false,"potions_floor_spawned":[8,12,13,18,28,33,35,41],"killed_by":"Spire Growth","ascension_level":10}}