{"host":"n7gt2lywuauec2nz","time":1612772295,"event":{"mods":["100% Spire Juice","2.2 Compatiblity","Act Like it!","Aspiration","BaseMod","Better Third Choice","Colored Powertips","DeckTracker","GifTheSpireLib","Highlight Path","HololiveMod","Hubris","Infinite Spire","Minty Spire (QoL Compilation)","Quick Restart","Random Character Button","Relic Sorter","Replay The Spire","Retaliation","StSLib","Synergy Search","The IronCluck"],"gold_per_floor":[117,192,122,141,141,141,174,174,174,174,190,30,40,58,58,155,35,53,53,65,65,65],"floor_reached":21,"language":"ENG","playtime":737,"items_purged":["Amnesia"],"score":179,"play_id":"4f790894-130c-4608-9b85-bfe8f5e9e2dc","local_time":"20210208001815","is_ascension_mode":false,"campfire_choices":[{"floor":6,"key":"REST"},{"floor":15,"key":"REST"}],"circlet_count":0,"master_deck":["Moonworks:Strike","Moonworks:Strike","Moonworks:Strike","Moonworks:Strike","Moonworks:Defend","Moonworks:Defend","Moonworks:Defend","Moonworks:Ambush","Moonworks:LongDistanceShot","Moonworks:EvilSpyWorkPreparation","Moonworks:SakisCookie","Moonworks:AngelHand","Moonworks:ReflectiveShell","Moonworks:PlushieMaster","Moonworks:CompletionReward","Moonworks:CookingTime","Moonworks:HolyNight","Moonworks:EvilSpyWorkPreparation","Moonworks:EvilSpyWorkPreparation"],"relics":["Moonworks:Homemark","Runic Pyramid","ReplayTheSpireMod:CursedCoin","Pen Nib","Bag of Preparation","Replay:Bottled Steam","Black Star"],"acts_visited":["Exordium","TheCity"],"potions_floor_usage":[16,21],"damage_taken":[{"damage":0,"enemies":"2 Louse","floor":1,"turns":2},{"damage":8,"enemies":"Small Slimes","floor":4,"turns":3},{"damage":15,"enemies":"Gremlin Nob","floor":7,"turns":4},{"damage":11,"enemies":"Jaw Worm","floor":11,"turns":2},{"damage":10,"enemies":"Looter","floor":13,"turns":3},{"damage":13,"enemies":"Exordium Thugs","floor":14,"turns":4},{"damage":19,"enemies":"Hexaghost","floor":16,"turns":8},{"damage":10,"enemies":"3 Byrds","floor":18,"turns":6},{"damage":21,"enemies":"Shell Parasite","floor":20,"turns":5},{"damage":9,"enemies":"Cultist and Chosen","floor":21,"turns":4}],"seed_played":"4425210680932275140","potions_obtained":[{"floor":13,"key":"Cursed Concoction"},{"floor":14,"key":"DDmod:CleansePotion"},{"floor":20,"key":"AttackPotion"}],"is_trial":false,"path_per_floor":["M","?","$","M","?","R","E","T","T","?","M","$","M","M","R","B",null,"M","?","M","M"],"character_chosen":"THE_STARBREAKER","items_purchased":["ReplayTheSpireMod:CursedCoin","Pen Nib","Moonworks:PlushieMaster"],"campfire_rested":2,"item_purchase_floors":[3,3,12],"current_hp_per_floor":[60,49,49,41,41,59,44,44,44,44,33,33,25,12,30,14,60,50,40,21,15,15],"gold":65,"neow_bonus":"BOSS_RELIC","is_daily":false,"chose_seed":false,"campfire_upgraded":0,"win_rate":0.0,"timestamp":1612772295,"path_taken":["M","?","$","M","?","R","E","?","T","?","M","$","?","M","R","BOSS","M","?","M","M"],"items_purchased_type":["Relic","Relic","Card"],"build_version":"2020-12-22","purchased_purges":1,"victory":false,"max_hp_per_floor":[60,60,60,60,60,60,60,60,60,60,60,60,60,60,60,60,60,60,65,65,65,65],"card_choices":[{"not_picked":["Moonworks:CastOff","Moonworks:DeployBits"],"picked":"Moonworks:EvilSpyWorkPreparation","floor":1},{"not_picked":["Moonworks:BindingChains","Moonworks:LulusLuckyEgg"],"picked":"Moonworks:SakisCookie","floor":4},{"not_picked":["Moonworks:DeployBits","Moonworks:Assault","Moonworks:IndiscriminateFireSupport"],"picked":"SKIP","floor":7},{"not_picked":["Moonworks:AwakeningOfTalent","Moonworks:SakisCookie"],"picked":"Moonworks:ReflectiveShell","floor":11},{"not_picked":["Moonworks:SakisCookie","Moonworks:BigMagnum"],"picked":"Moonworks:CompletionReward","floor":13},{"not_picked":["Moonworks:BigMagnum","Moonworks:Bloodlust"],"picked":"Moonworks:CookingTime","floor":14},{"not_picked":["Moonworks:ShieldCounter","Moonworks:FinalBattle"],"picked":"Moonworks:HolyNight","floor":16},{"not_picked":["Moonworks:MixPhenomenon","Moonworks:CloudOfSeagulls"],"picked":"Moonworks:EvilSpyWorkPreparation","floor":18},{"not_picked":["Moonworks:IndiscriminateFireSupport+1","Moonworks:JonathanRush+1"],"picked":"Moonworks:EvilSpyWorkPreparation","floor":20}],"player_experience":131231,"relics_obtained":[{"floor":7,"key":"Bag of Preparation"},{"floor":9,"key":"Replay:Bottled Steam"}],"event_choices":[{"damage_healed":0,"gold_gain":75,"player_choice":"Gold","damage_taken":11,"max_hp_gain":0,"max_hp_loss":0,"event_name":"betterThird:BetterGoop","floor":2,"gold_loss":0},{"damage_healed":0,"gold_gain":0,"cards_transformed":["Moonworks:Defend"],"player_choice":"Change","damage_taken":0,"max_hp_gain":0,"max_hp_loss":0,"event_name":"Living Wall","floor":5,"gold_loss":0,"cards_obtained":["Moonworks:AngelHand"]},{"damage_healed":0,"gold_gain":0,"player_choice":"Shed Blood","damage_taken":15,"max_hp_gain":5,"max_hp_loss":0,"event_name":"Forgotten Altar","floor":19,"gold_loss":0}],"is_beta":false,"boss_relics":[{"not_picked":["SlaversCollar","Tiny House"],"picked":"Black Star"}],"items_purged_floors":[3],"is_endless":false,"potions_floor_spawned":[13,14,20],"killed_by":"Cultist and Chosen","ascension_level":0}}