{"host":"4u4xibnmtqpdl4qa","time":1612806158,"event":{"mods":["2.2 Compatiblity","AchievementEnabler","BaseMod","Colored Map","Colored Powertips","Curses Come First","DeckTracker","Highlight Path","Minty Spire (QoL Compilation)","Quick Restart","Rare Cards Sparkle","Relic Stats","Slay-I","StSLib","SuperFastMode","Waifu the Spire"],"gold_per_floor":[111,111,111,125,148,148,171,171,171,215,215,70,70,91,91,215,215,228,228,306,325,325,325,356,371,445,11,29,70,70,93,93,223,223,237,237,237,255,122,122,122,122],"floor_reached":41,"language":"ENG","playtime":2664,"items_purged":["Normality","Strike_R"],"score":522,"play_id":"946de4fc-8e15-42cf-96dd-17da4274d857","local_time":"20210208184238","is_ascension_mode":true,"campfire_choices":[{"data":"Combust","floor":6.0,"key":"SMITH"},{"data":"1","floor":11.0,"key":"LIFT"},{"data":"Barricade","floor":13.0,"key":"SMITH"},{"data":"True Grit","floor":15.0,"key":"SMITH"},{"data":"Feed","floor":23.0,"key":"SMITH"},{"data":"Reaper","floor":30.0,"key":"SMITH"},{"floor":32.0,"key":"REST"},{"data":"Limit Break","floor":40,"key":"SMITH"}],"circlet_count":0,"master_deck":["Strike_R","Strike_R","Strike_R","Defend_R","Defend_R","Defend_R","Defend_R","Bash","Shrug It Off","Combust+1","Wild Strike","Cleave","Pummel","Barricade+1","Ghostly Armor","Shrug It Off","Shrug It Off","True Grit+1","Feed+1","Carnage+1","Warcry","Power Through+1","Rupture","Limit Break+1","Warcry","Hemokinesis","Heavy Blade","Evolve+1","Reaper+1","Second Wind+1","Juggernaut","Fire Breathing+1","Panache","Feel No Pain"],"relics":["Burning Blood","Golden Idol","Girya","Charon\u0027s Ashes","Orrery","Cursed Key","Oddly Smooth Stone","Gremlin Horn","GremlinMask","Red Skull","Mercury Hourglass","Anchor","Empty Cage"],"acts_visited":["Exordium","TheCity","TheBeyond"],"potions_floor_usage":[35],"damage_taken":[{"damage":0.0,"enemies":"Small Slimes","floor":1.0,"turns":3.0},{"damage":6.0,"enemies":"Cultist","floor":4.0,"turns":3.0},{"damage":7.0,"enemies":"2 Louse","floor":5.0,"turns":3.0},{"damage":11.0,"enemies":"Red Slaver","floor":7.0,"turns":4.0},{"damage":29.0,"enemies":"3 Sentries","floor":10.0,"turns":5.0},{"damage":3.0,"enemies":"Exordium Thugs","floor":14.0,"turns":4.0},{"damage":34.0,"enemies":"Hexaghost","floor":16.0,"turns":13.0},{"damage":4.0,"enemies":"Chosen","floor":18.0,"turns":5.0},{"damage":8.0,"enemies":"Shell Parasite","floor":21.0,"turns":6.0},{"damage":5.0,"enemies":"Gremlin Leader","floor":24.0,"turns":8.0},{"damage":38.0,"enemies":"Shelled Parasite and Fungi","floor":25.0,"turns":7.0},{"damage":12.0,"enemies":"Snecko","floor":28.0,"turns":5.0},{"damage":32.0,"enemies":"Book of Stabbing","floor":29.0,"turns":7.0},{"damage":17.0,"enemies":"Snake Plant","floor":31.0,"turns":4.0},{"damage":46.0,"enemies":"Collector","floor":33.0,"turns":9.0},{"damage":46,"enemies":"3 Darklings","floor":35,"turns":7},{"damage":6,"enemies":"Orb Walker","floor":38,"turns":5},{"damage":73,"enemies":"Nemesis","floor":41,"turns":5}],"seed_played":"-622124469346541340","potions_obtained":[{"floor":4.0,"key":"SkillPotion"},{"floor":5.0,"key":"Dexterity Potion"},{"floor":7.0,"key":"Energy Potion"},{"floor":16.0,"key":"SteroidPotion"},{"floor":21.0,"key":"AttackPotion"},{"floor":28.0,"key":"Block Potion"},{"floor":31.0,"key":"Swift Potion"},{"floor":33.0,"key":"Block Potion"}],"is_trial":false,"path_per_floor":["M","?","?","M","M","R","M","?","T","E","R","$","R","M","R","B",null,"M","?","T","M","?","R","E","M","T","$","M","E","R","M","R","B",null,"M","?","?","M","$","R","E"],"character_chosen":"IRONCLAD","items_purchased":["Orrery","Rupture","Limit Break","Warcry","Hemokinesis","Heavy Blade","Feel No Pain"],"campfire_rested":1,"item_purchase_floors":[12,27,27,27,27,27,39],"current_hp_per_floor":[88,88,88,88,87,87,82,82,82,59,59,59,59,62,62,34,88,88,88,88,89,89,89,90,62,62,62,56,30,30,19,47,99,96,67,67,67,67,67,67,0,0],"gold":122,"neow_bonus":"TEN_PERCENT_HP_BONUS","is_daily":false,"chose_seed":false,"campfire_upgraded":6,"win_rate":0.0,"timestamp":1612806158,"path_taken":["M","?","?","?","?","R","M","?","T","E","R","$","R","M","R","BOSS","M","?","?","M","?","R","E","M","T","$","?","E","R","M","R","BOSS","M","?","?","M","$","R","E"],"items_purchased_type":["Relic","Card","Card","Card","Card","Card","Card"],"build_version":"2020-12-22","purchased_purges":2,"victory":false,"max_hp_per_floor":[88,88,88,88,88,88,88,88,88,88,88,88,88,88,88,88,88,88,88,88,91,91,91,91,95,95,95,95,95,95,95,95,99,96,96,96,91,91,91,91,91,91],"relic_stats":{"Gremlin Horn":[15,15],"counters":[18,103],"Golden Idol":117,"Charon\u0027s Ashes":[215],"Cursed Key":2,"obtain_stats":[{"Girya":9,"Gremlin Horn":20,"Golden Idol":2,"Oddly Smooth Stone":19,"GremlinMask":22,"Charon\u0027s Ashes":10,"Cursed Key":17,"Empty Cage":34,"Burning Blood":0,"Mercury Hourglass":26,"Anchor":29,"Orrery":12,"Red Skull":24},{"Girya":4,"Gremlin Horn":8,"Golden Idol":1,"Oddly Smooth Stone":8,"GremlinMask":9,"Charon\u0027s Ashes":5,"Cursed Key":7,"Empty Cage":15,"Burning Blood":0,"Mercury Hourglass":11,"Anchor":13,"Orrery":5,"Red Skull":10},{"Girya":13,"Gremlin Horn":40,"Golden Idol":3,"Oddly Smooth Stone":40,"GremlinMask":46,"Charon\u0027s Ashes":18,"Cursed Key":35,"Empty Cage":86,"Burning Blood":0,"Mercury Hourglass":61,"Anchor":73,"Orrery":18,"Red Skull":54}],"Burning Blood":88,"Mercury Hourglass":[158]},"card_choices":[{"not_picked":["Flex","Clash"],"picked":"Shrug It Off","floor":1.0},{"not_picked":["Body Slam","Wild Strike"],"picked":"Combust","floor":4.0},{"not_picked":["Cleave","Headbutt"],"picked":"Wild Strike","floor":5.0},{"not_picked":["Clash","Infernal Blade"],"picked":"Cleave","floor":7.0},{"not_picked":["Cleave","Sentinel"],"picked":"Pummel","floor":10.0},{"not_picked":["Uppercut","Wild Strike"],"picked":"Barricade","floor":12.0},{"not_picked":["Flex","Dropkick"],"picked":"Ghostly Armor","floor":12.0},{"not_picked":["Reckless Charge","Rampage"],"picked":"Shrug It Off","floor":12.0},{"not_picked":["Bludgeon","Heavy Blade"],"picked":"Shrug It Off","floor":12.0},{"not_picked":["Inflame","Havoc"],"picked":"True Grit","floor":14.0},{"not_picked":["Limit Break","Barricade"],"picked":"Feed","floor":16.0},{"not_picked":["Reckless Charge","Clothesline"],"picked":"Carnage+1","floor":18.0},{"not_picked":["True Grit","Wild Strike"],"picked":"Warcry","floor":21.0},{"not_picked":["Wild Strike","Pommel Strike","Dual Wield"],"picked":"SKIP","floor":24.0},{"not_picked":["Headbutt","Clothesline"],"picked":"Power Through+1","floor":25.0},{"not_picked":["Pummel","Flex"],"picked":"Evolve+1","floor":28.0},{"not_picked":["Burning Pact","Clash"],"picked":"Reaper","floor":29.0},{"not_picked":["Iron Wave","Carnage"],"picked":"Second Wind+1","floor":31.0},{"not_picked":["Immolate","Feed"],"picked":"Juggernaut","floor":33.0},{"not_picked":["Havoc+1","Anger"],"picked":"Fire Breathing+1","floor":35},{"not_picked":["Deep Breath","Magnetism"],"picked":"Panache","floor":36},{"not_picked":["Thunderclap+1","Carnage","Havoc+1"],"picked":"SKIP","floor":38}],"player_experience":161528,"relics_obtained":[{"floor":9.0,"key":"Girya"},{"floor":10.0,"key":"Charon\u0027s Ashes"},{"floor":20.0,"key":"Gremlin Horn"},{"floor":24.0,"key":"Red Skull"},{"floor":26.0,"key":"Mercury Hourglass"},{"floor":29.0,"key":"Anchor"}],"event_choices":[{"damage_healed":0.0,"max_hp_gain":0.0,"max_hp_loss":0.0,"gold_gain":0.0,"event_name":"Golden Idol","player_choice":"Take Wound","floor":2.0,"gold_loss":0.0,"damage_taken":0.0,"relics_obtained":["Golden Idol"],"cards_obtained":["Injury"]},{"cards_removed":["Injury"],"damage_healed":0.0,"max_hp_gain":0.0,"max_hp_loss":0.0,"gold_gain":0.0,"event_name":"Purifier","player_choice":"Purged","floor":3.0,"gold_loss":0.0,"damage_taken":0.0},{"damage_healed":0.0,"max_hp_gain":0.0,"max_hp_loss":0.0,"gold_gain":0.0,"event_name":"The Woman in Blue","player_choice":"Bought 0 Potions","floor":8.0,"gold_loss":0.0,"damage_taken":0.0},{"damage_healed":0.0,"max_hp_gain":0.0,"max_hp_loss":0.0,"gold_gain":0.0,"event_name":"The Mausoleum","player_choice":"Opened","floor":19.0,"gold_loss":0.0,"damage_taken":0.0,"relics_obtained":["Oddly Smooth Stone"]},{"damage_healed":0.0,"max_hp_gain":0.0,"max_hp_loss":0.0,"gold_gain":0.0,"event_name":"FaceTrader","player_choice":"Trade","floor":22.0,"gold_loss":0.0,"damage_taken":0.0,"relics_obtained":["GremlinMask"]},{"damage_healed":0,"gold_gain":0,"player_choice":"Memory 1","damage_taken":0,"max_hp_gain":0,"max_hp_loss":0,"event_name":"SensoryStone","floor":36,"gold_loss":0},{"damage_healed":0,"gold_gain":0,"player_choice":"Max HP","damage_taken":0,"max_hp_gain":0,"max_hp_loss":5,"event_name":"Winding Halls","floor":37,"gold_loss":0}],"is_beta":false,"boss_relics":[{"not_picked":["Busted Crown","Velvet Choker"],"picked":"Cursed Key"},{"not_picked":["SlaversCollar","Pandora\u0027s Box"],"picked":"Empty Cage"}],"items_purged_floors":[27,39],"is_endless":false,"potions_floor_spawned":[4,5,7,16,21,28,31,33],"killed_by":"Nemesis","ascension_level":3}}