{"host":"awrw1gk2acwismlg","time":1612778341,"event":{"mods":["ATMod(阿瑾Mod)","Aspiration","BaseMod","Bestiary","Challenge The Spire","Conspire","Downfall","Energized Spire","Hermit","Jedi Mod","Marked Mod","Minty Spire (QoL Compilation)","Morshu Shopkeeper","Morshu Shopkeeper - ENHANCED","Quarter Circle Forward PUNCH!","Reliquary","Remilia_Scarlet Moed（蕾米莉亚・斯卡雷特）3.3.5","Replay The Spire","SIMod","Shop Mod","Small Relic Pack","StSLib","The Bug Knight","The Cursed","Warlord Emblem","Wide Potions","Yakumo Yukari mod","【遗物卡牌】REMEMod","篝火指南"],"gold_per_floor":[109,123,23,38,38,38,75,112,139,139,196,196,70,106,106,127,127],"floor_reached":16,"language":"ZHS","playtime":1161,"items_purged":["Strike_B"],"score":116,"play_id":"0a1c849c-0afd-47be-8e89-4cffb582e783","local_time":"20210208175901","is_ascension_mode":true,"campfire_choices":[{"data":"AT_ThreeBodyProblem","floor":6,"key":"SMITH"},{"data":"Multi-Cast","floor":10,"key":"SMITH"},{"floor":15,"key":"REST"}],"circlet_count":0,"master_deck":["Strike_B","Strike_B","Strike_B","Defend_B","Defend_B","Defend_B","Defend_B","Zap","Dualcast","AT_ThreeBodyProblem+1","jedi:unlimitedpower","conspire:SpireCoStock","conspire:SpireCoStock","Reinforced Body","Rebound","Multi-Cast+1","Pot Of Greed","Pot Of Greed","Ball Lightning"],"relics":["Cracked Core","REME_ComplimentaryCards","AT_ATBox","NeowsBlessing","Lantern","Grinning Jar"],"acts_visited":["Exordium"],"potions_floor_usage":[7,11,16],"damage_taken":[{"damage":0,"enemies":"Cultist","floor":1,"turns":1},{"damage":0,"enemies":"2 Louse","floor":2,"turns":1},{"damage":0,"enemies":"Jaw Worm","floor":4,"turns":1},{"damage":13,"enemies":"Lagavulin","floor":7,"turns":7},{"damage":2,"enemies":"2 Fungi Beasts","floor":8,"turns":4},{"damage":41,"enemies":"3 Sentries","floor":11,"turns":10},{"damage":5,"enemies":"Exordium Thugs","floor":14,"turns":4},{"damage":46,"enemies":"Hexaghost","floor":16,"turns":9}],"seed_played":"4487909090914012975","potions_obtained":[{"floor":1,"key":"Dexterity Potion"},{"floor":2,"key":"jedi:coolantleak"},{"floor":11,"key":"Fruit Juice"}],"is_trial":false,"path_per_floor":["M","M","?","M","$","R","E","M","T","R","E","?","$","M","R","B"],"character_chosen":"DEFECT","items_purchased":["Ball Lightning"],"campfire_rested":1,"item_purchase_floors":[13],"current_hp_per_floor":[75,75,75,75,75,75,62,60,60,60,24,24,24,19,43,0,0],"gold":127,"neow_bonus":"THREE_ENEMY_KILL","is_daily":false,"chose_seed":false,"campfire_upgraded":2,"win_rate":0.0,"timestamp":1612778341,"path_taken":["M","?","?","M","$","R","E","M","T","R","E","?","$","?","R","BOSS"],"items_purchased_type":["Card"],"build_version":"2020-12-22","purchased_purges":1,"victory":false,"max_hp_per_floor":[75,75,75,75,75,75,75,75,75,75,80,80,80,80,80,80,80],"card_choices":[{"not_picked":["Blizzard","Stack","Barrage"],"picked":"SKIP","floor":1},{"not_picked":["Barrage","Fusion","Conserve Battery"],"picked":"SKIP","floor":2},{"not_picked":["Leap","AT_HeatAcrobatics"],"picked":"Reinforced Body","floor":4},{"not_picked":["ReplaySort","Loop"],"picked":"Rebound","floor":7},{"not_picked":["Streamline","FTL"],"picked":"Multi-Cast","floor":8},{"not_picked":["Gash","ReplayTheSpireMod:Repulse","ReplayTheSpireMod:Dual Polarity"],"picked":"SKIP","floor":11},{"not_picked":["ReplaySolidLightProjector","BasicCrystalCard","Beam Cell"],"picked":"SKIP","floor":14}],"player_experience":87385,"relics_obtained":[{"floor":7,"key":"Lantern"},{"floor":9,"key":"Tiny Chest"},{"floor":11,"key":"Grinning Jar"}],"event_choices":[{"damage_healed":0,"gold_gain":0,"player_choice":"Invest 2","damage_taken":0,"max_hp_gain":0,"max_hp_loss":0,"event_name":"conspire:Investor","floor":3,"gold_loss":0}],"is_beta":false,"boss_relics":[],"items_purged_floors":[13],"is_endless":false,"potions_floor_spawned":[1,2,11],"killed_by":"Hexaghost","ascension_level":1}}