{"host":"lnnm69al9x392px5","time":1612750185,"event":{"mods":["BaseMod","Downfall","Minty Spire (QoL Compilation)","Replay The Spire","StSLib"],"gold_per_floor":[159,170,182,284,295,325,371,402,232,250,266,5,5,33,44,141,141,41,58,69,54,54,71,71,81,111,111,141,160,172,182,200,296,296,296,315,331,331,331,331,379,179,197,247,322,340,43,43,43,43,43],"floor_reached":49,"language":"ENG","playtime":3272,"items_purged":[],"score":576,"play_id":"3495e27d-7b80-41ac-9b81-7c481f416150","local_time":"20210207180945","is_ascension_mode":true,"campfire_choices":[{"floor":13,"key":"REST"},{"floor":35,"key":"REST"},{"floor":40,"key":"RECALL"},{"data":"Guardian:BaubleBeam","floor":42,"key":"SMITH"}],"circlet_count":0,"master_deck":["Guardian:Strike_Guardian","Guardian:Strike_Guardian","Guardian:Strike_Guardian","Guardian:Defend_Guardian","Guardian:Defend_Guardian","Guardian:Defend_Guardian","Guardian:CurlUp","Guardian:TwinSlam+1","Guardian:FuturePlans","Guardian:PolyBeam+1","Guardian:Recover","Guardian:Incinerate+1","Guardian:PiercingHide","Guardian:SentryBeam","Guardian:TemporalStrike","Guardian:MultiBeam","Guardian:FloatingOrbs","Guardian:ShieldCharger","Guardian:SpikerProtocol","Guardian:CompilePackage+1","Guardian:BaubleBeam+1","Guardian:BodySlam+1","Guardian:TemporalShield+1","downfall:Malfunctioning","Guardian:BronzeArmor+1","Guardian:Repulse","Guardian:PolyBeam+1","Pain","Guardian:ChargeCore","Guardian:GatlingBeam+1","expansioncontent:StudyTheSpire+1","Guardian:BaubleBeam+1"],"relics":["Guardian:ModeShifter","Art of War","Simple Rune","ReplayTheSpireMod:Lightbulb","Pen Nib","Gremlin Food","Meat on the Bone","Lantern","Cursed Key","downfall:HeartBlessingGreen","Calipers","Whetstone","Dream Catcher","Snecko Heart","downfall:HeartBlessingRed","downfall:HeartBlessingBlue","CaptainsWheel","Blood Vial","Guide Book"],"acts_visited":["Exordium","TheCity","TheBeyond"],"potions_floor_usage":[21,33,33,45],"damage_taken":[{"damage":0,"enemies":"2 Louse","floor":2,"turns":3},{"damage":5,"enemies":"Cultist","floor":3,"turns":4},{"damage":3,"enemies":"Jaw Worm","floor":5,"turns":4},{"damage":14,"enemies":"Gremlin Nob","floor":6,"turns":5},{"damage":25,"enemies":"Replay:BlueRogue","floor":8,"turns":7},{"damage":5,"enemies":"downfall:FleeingMerchant","floor":9,"turns":4},{"damage":3,"enemies":"Lots of Slimes","floor":10,"turns":4},{"damage":3,"enemies":"Blue Slaver","floor":11,"turns":4},{"damage":0,"enemies":"downfall:FleeingMerchant","floor":12,"turns":4},{"damage":6,"enemies":"Gremlin Nob","floor":14,"turns":5},{"damage":1,"enemies":"2 Fungi Beasts","floor":15,"turns":3},{"damage":7,"enemies":"SI_SHIV_ARCHETYPE","floor":16,"turns":7},{"damage":0,"enemies":"3 Byrds","floor":19,"turns":5},{"damage":0,"enemies":"Spheric Guardian","floor":20,"turns":4},{"damage":3,"enemies":"downfall:FleeingMerchant","floor":21,"turns":4},{"damage":6,"enemies":"Cultist and Chosen","floor":23,"turns":6},{"damage":11,"enemies":"Snecko","floor":25,"turns":4},{"damage":4,"enemies":"Book of Stabbing","floor":26,"turns":5},{"damage":9,"enemies":"Replay:Snechameleon","floor":28,"turns":4},{"damage":5,"enemies":"Centurion and Healer","floor":29,"turns":7},{"damage":6,"enemies":"Cultist and Chosen","floor":30,"turns":4},{"damage":0,"enemies":"3 Cultists","floor":31,"turns":4},{"damage":20,"enemies":"Sentry and Sphere","floor":32,"turns":4},{"damage":14,"enemies":"IC_MUSHROOM_ARCHETYPE","floor":33,"turns":8},{"damage":14,"enemies":"Orb Walker","floor":36,"turns":3},{"damage":19,"enemies":"3 Darklings","floor":37,"turns":4},{"damage":39,"enemies":"4 Shapes","floor":43,"turns":2},{"damage":0,"enemies":"4 Shapes","floor":44,"turns":6},{"damage":20,"enemies":"downfall:FleeingMerchant","floor":45,"turns":4},{"damage":28,"enemies":"Writhing Mass","floor":46,"turns":5},{"damage":22,"enemies":"Sphere and 2 Shapes","floor":49,"turns":3}],"seed_played":"-5614803191667456401","potions_obtained":[{"floor":2,"key":"Reflective Coating"},{"floor":6,"key":"AttackPotion"},{"floor":14,"key":"Cursed Concoction"},{"floor":23,"key":"Weak Potion"},{"floor":26,"key":"SkillPotion"},{"floor":28,"key":"Guardian:StasisDiscoveryPotion"},{"floor":30,"key":"CultistPotion"},{"floor":44,"key":"GamblersBrew"},{"floor":46,"key":"Weak Potion"}],"is_trial":false,"path_per_floor":["R","M","M","?","M","E","T","E","$","M","M","$","R","E","M","B",null,"R","M","M","$","?","M","T","M","E","?","E","M","M","M","M","B",null,"R","M","M","?","?","R","T","R","M","?","$","M","$","?","M"],"character_chosen":"GUARDIAN","items_purchased":["Gremlin Food","Meat on the Bone","Guardian:GatlingBeam","expansioncontent:StudyTheSpire","Blood Vial","Guide Book"],"campfire_rested":2,"item_purchase_floors":[9,12,45,45,47,47],"current_hp_per_floor":[80,80,75,75,72,58,58,33,28,25,22,22,46,52,51,44,80,80,80,80,77,77,71,71,60,56,56,47,42,48,48,40,38,80,80,66,47,47,47,47,47,57,30,42,34,18,18,18,0,0,0],"gold":43,"neow_bonus":"RANDOM_COMMON_RELIC","is_daily":false,"chose_seed":false,"campfire_upgraded":1,"win_rate":0.0,"timestamp":1612750185,"path_taken":["R","M","M","?","M","E","T","E","?","M","M","$","R","E","M","BOSS","R","M","M","$","?","?","T","M","E","?","E","M","?","M","M","BOSS","R","M","M","?","?","R","T","R","M","?","?","?","$","?","M"],"items_purchased_type":["Relic","Relic","Card","Card","Relic","Relic"],"build_version":"2020-12-22","purchased_purges":0,"victory":false,"max_hp_per_floor":[80,80,80,80,80,80,80,80,80,80,80,80,80,80,80,80,80,80,80,80,80,80,80,80,80,80,80,80,80,80,80,80,80,80,80,80,80,80,80,80,80,90,90,90,90,90,90,90,90,90,90],"card_choices":[{"not_picked":["Guardian:WalkerClaw","Guardian:Gem_Lightblue"],"picked":"Guardian:FuturePlans","floor":2},{"not_picked":["Guardian:PrismaticBeam","Guardian:ShieldCharger"],"picked":"Guardian:PolyBeam","floor":3},{"not_picked":["Guardian:WalkerClaw","Guardian:FuturePlans"],"picked":"Guardian:Recover","floor":4},{"not_picked":["Guardian:ShieldSpikes","Guardian:Gem_Lightblue"],"picked":"Guardian:Incinerate","floor":4},{"not_picked":["Guardian:CrystalBeam","Guardian:Gem_Green"],"picked":"Guardian:PiercingHide","floor":4},{"not_picked":["Guardian:ChargeCore","Guardian:PiercingHide"],"picked":"Guardian:SentryBeam","floor":5},{"not_picked":["Guardian:Repulse","Guardian:DecasProtection"],"picked":"Guardian:Gem_Synthetic","floor":6},{"not_picked":["Guardian:VentSteam","Guardian:PrimingBeam"],"picked":"Guardian:TemporalStrike","floor":8},{"not_picked":["Guardian:TemporalStrike","Guardian:CrystalBeam"],"picked":"Guardian:Gem_Crimson","floor":9},{"not_picked":["Guardian:GemFire","Guardian:VentSteam"],"picked":"Guardian:MultiBeam","floor":10},{"not_picked":["Guardian:CrystalBeam","Guardian:Clone"],"picked":"Guardian:FloatingOrbs","floor":11},{"not_picked":["Guardian:RollAttack","Guardian:TemporalStrike"],"picked":"Guardian:ShieldCharger","floor":12},{"not_picked":["Guardian:Clone","Guardian:ArmoredProtocol","Guardian:MultiBeam"],"picked":"SKIP","floor":14},{"not_picked":["Guardian:TimeCapacitor","Guardian:Gem_Green"],"picked":"Guardian:SpikerProtocol","floor":15},{"not_picked":["Guardian:HyperBeam_Guardian","Guardian:Gem_Synthetic"],"picked":"Guardian:CompilePackage","floor":16},{"not_picked":["Guardian:Planning","Guardian:Recover"],"picked":"Guardian:BodySlam+1","floor":19},{"not_picked":["Guardian:FuturePlans","Guardian:FloatingOrbs","Guardian:CrystalBeam"],"picked":"SKIP","floor":20},{"not_picked":["Guardian:CrystalBeam+1","Guardian:RollAttack+1"],"picked":"Guardian:Gem_Red","floor":21},{"not_picked":["Guardian:Incinerate+1","Guardian:FuturePlans"],"picked":"Guardian:TemporalShield+1","floor":23},{"not_picked":["Guardian:Repulse","Guardian:Recover"],"picked":"Guardian:Gem_Crimson","floor":25},{"not_picked":["Guardian:TimeCapacitor","Guardian:Gem_Green"],"picked":"Guardian:BronzeArmor+1","floor":26},{"not_picked":["Guardian:Harden","Guardian:ShieldCharger","Guardian:RollAttack"],"picked":"SKIP","floor":28},{"not_picked":["Guardian:Reroute","Guardian:Recover","Guardian:TemporalStrike"],"picked":"SKIP","floor":29},{"not_picked":["Guardian:Recover","Guardian:FloatingOrbs"],"picked":"Guardian:Repulse","floor":30},{"not_picked":["Guardian:Repulse","Guardian:Harden"],"picked":"Guardian:Gem_Cyan","floor":31},{"not_picked":["Guardian:CrystalBeam","Guardian:BaubleBeam"],"picked":"Guardian:Gem_Fragmented","floor":32},{"not_picked":["Guardian:StasisEngine","Guardian:GatlingBeam"],"picked":"Guardian:Gem_Orange","floor":33},{"not_picked":["Guardian:TimeBomb","Guardian:Reroute+1","Guardian:BodySlam+1"],"picked":"SKIP","floor":36},{"not_picked":["Guardian:TemporalStrike","Guardian:GuardianWhirl"],"picked":"Guardian:PolyBeam+1","floor":37},{"not_picked":["Guardian:Gem_Lightblue","Guardian:Reroute"],"picked":"Guardian:ChargeCore","floor":43},{"not_picked":["Guardian:Gem_Green","Guardian:Reroute+1","Guardian:Suspension"],"picked":"SKIP","floor":45},{"not_picked":["Guardian:TimeCapacitor+1","Guardian:ChargeCore+1","Guardian:Emergency"],"picked":"SKIP","floor":46}],"player_experience":281078,"relics_obtained":[{"floor":6,"key":"Simple Rune"},{"floor":7,"key":"ReplayTheSpireMod:Lightbulb"},{"floor":8,"key":"Pen Nib"},{"floor":14,"key":"Lantern"},{"floor":24,"key":"Calipers"},{"floor":26,"key":"Whetstone"},{"floor":28,"key":"Dream Catcher"},{"floor":44,"key":"CaptainsWheel"}],"event_choices":[{"damage_healed":0,"gold_gain":0,"player_choice":"Leave","damage_taken":0,"max_hp_gain":0,"max_hp_loss":0,"event_name":"FaceTrader","floor":27,"gold_loss":0},{"cards_removed":["Guardian:Defend_Guardian"],"damage_healed":0,"gold_gain":0,"player_choice":"Removed Skill","damage_taken":0,"max_hp_gain":0,"max_hp_loss":0,"event_name":"Falling","floor":38,"gold_loss":0}],"is_beta":false,"boss_relics":[{"not_picked":["ReplayTheSpireMod:DimensionalGlitch","Coffee Dripper"],"picked":"Cursed Key"},{"not_picked":["Painkiller Herb","Abe\u0027s Treasure"],"picked":"Snecko Heart"}],"items_purged_floors":[],"is_endless":false,"potions_floor_spawned":[2,6,14,16,23,26,28,30,31,32,44,46],"killed_by":"Sphere and 2 Shapes","ascension_level":2}}