{"host":"tetq3wi5anb97imq","time":1612828486,"event":{"mods":["BaseMod","Block Reminder","Minty Spire (QoL Compilation)","Quick Restart","StSLib","SuperFastMode"],"gold_per_floor":[118,118,137,59,72,72,97,97,97,116,116,116],"floor_reached":11,"language":"ENG","playtime":236,"items_purged":[],"score":146,"play_id":"071f74c8-e28b-4125-b299-63d7b5ea3875","local_time":"20210208215446","is_ascension_mode":true,"campfire_choices":[{"data":"Terror","floor":6.0,"key":"SMITH"},{"data":"Footwork","floor":8.0,"key":"SMITH"}],"circlet_count":0,"master_deck":["AscendersBane","Strike_G","Strike_G","Strike_G","Strike_G","Strike_G","Defend_G","Defend_G","Defend_G","Defend_G","Defend_G","Survivor","Neutralize","PiercingWail","Dagger Spray","Footwork+1","Terror+1","After Image","Dagger Spray"],"relics":["Ring of the Snake","Ginger","The Specimen"],"acts_visited":["Exordium"],"potions_floor_usage":[],"damage_taken":[{"damage":11.0,"enemies":"Small Slimes","floor":1.0,"turns":4.0},{"damage":3.0,"enemies":"Cultist","floor":3.0,"turns":4.0},{"damage":2.0,"enemies":"2 Louse","floor":5.0,"turns":4.0},{"damage":35.0,"enemies":"3 Sentries","floor":7.0,"turns":12.0},{"damage":0.0,"enemies":"2 Fungi Beasts","floor":10.0,"turns":5.0},{"damage":0,"enemies":"Gremlin Nob","floor":11,"turns":1}],"seed_played":"-2616030819424138776","potions_obtained":[{"floor":5.0,"key":"Block Potion"},{"floor":10.0,"key":"BlessingOfTheForge"}],"is_trial":false,"path_per_floor":["M","?","M","$","M","R","E","R","T","M","E"],"character_chosen":"THE_SILENT","items_purchased":["Footwork"],"campfire_rested":0,"item_purchase_floors":[4],"current_hp_per_floor":[33,76,73,73,71,71,36,36,36,36,36,36],"gold":116,"neow_bonus":"THREE_RARE_CARDS","is_daily":false,"chose_seed":false,"campfire_upgraded":2,"win_rate":0.0,"timestamp":1612828486,"path_taken":["M","?","?","$","M","R","E","R","T","M","E"],"items_purchased_type":["Card"],"build_version":"2020-12-22","purchased_purges":0,"victory":false,"max_hp_per_floor":[66,76,76,76,76,76,76,76,76,76,76,76],"card_choices":[{"not_picked":["Die Die Die","Tools of the Trade"],"picked":"A Thousand Cuts","floor":0.0},{"not_picked":["Underhanded Strike","Prepared"],"picked":"PiercingWail","floor":1.0},{"not_picked":["Underhanded Strike","Flying Knee"],"picked":"Dagger Spray","floor":3.0},{"not_picked":["Grand Finale","Acrobatics"],"picked":"Terror","floor":5.0},{"not_picked":["Tactician","Calculated Gamble"],"picked":"After Image","floor":7.0},{"not_picked":["Underhanded Strike","Expertise"],"picked":"Dagger Spray","floor":10.0}],"player_experience":1654064,"relics_obtained":[{"floor":7.0,"key":"Ginger"},{"floor":9.0,"key":"The Specimen"}],"event_choices":[{"cards_removed":["A Thousand Cuts"],"damage_healed":33.0,"max_hp_gain":10.0,"max_hp_loss":0.0,"gold_gain":0.0,"event_name":"Bonfire Elementals","player_choice":"Offered Rare","floor":2.0,"gold_loss":0.0,"damage_taken":0.0}],"is_beta":false,"boss_relics":[],"items_purged_floors":[],"is_endless":false,"potions_floor_spawned":[5,10],"killed_by":"Gremlin Nob","ascension_level":20}}