{"host":"v3qphhcqhwfpabne","time":1612809930,"event":{"mods":["100% Spire Juice","2.2 Compatiblity","AchievementEnabler","BaseMod","CapriCore","DeckTracker","KinomotoSakuraMod(ÙÊñýÜâ?)","Koishi","Marisa£¨Ùöéë¡¡Øª×âÞÞ£©","Minty Spire (QoL Compilation)","Permanent Neow","Prisma Mod","StSLib","Td1madao Mod","The Bug Knight","The Cursed","The Immortal","The Runesmith","WarShipGirlsR/??á´Ò³R mod"],"gold_per_floor":[16,26,39,51,64,98,98,156,183,194,33,33,52,69,69,168,168,153,173,208,24,24,24,37,53,53,53,64,64,17,51,51,147,147,158,169,26,40,57,57,279,279,329,329,329],"floor_reached":44,"language":"KOR","playtime":1900,"items_purged":["Strike_R"],"score":477,"play_id":"4eee720b-228d-4fb3-88d1-6ff3878715c9","local_time":"20210209034530","is_ascension_mode":true,"campfire_choices":[{"floor":15,"key":"REST"},{"floor":23,"key":"REST"},{"floor":27,"key":"REST"},{"floor":29,"key":"REST"},{"floor":32,"key":"REST"},{"data":"Apotheosis","floor":40,"key":"SMITH"},{"data":"Fire Breathing","floor":42,"key":"SMITH"}],"circlet_count":0,"master_deck":["Strike_R","Strike_R","Strike_R","Defend_R","Defend_R","Defend_R","Defend_R","Bash","Apotheosis+1","Cleave","Warcry","Evolve","Seeing Red","Thunderclap","Reaper","Intimidate","Spot Weakness","Immolate","Wild Strike","Infernal Blade","Reckless Charge","Fire Breathing+1","Shrug It Off","Impervious","Reckless Charge+1","Ghostly Armor","Ghostly Armor"],"relics":["Burning Blood","Omamori","Bronze Scales","Red Skull","Tiny Chest","SacredBark","Red Mask","Toolbox","Singing Bowl","Regal Pillow","Calling Bell","Orichalcum","Letter Opener","Turnip","Dream Catcher"],"acts_visited":["Exordium","TheCity","TheBeyond"],"potions_floor_usage":[8,8,16,24,33,33,33,44,44],"damage_taken":[{"damage":0,"enemies":"Small Slimes","floor":1,"turns":5},{"damage":0,"enemies":"Cultist","floor":2,"turns":3},{"damage":0,"enemies":"2 Louse","floor":3,"turns":3},{"damage":16,"enemies":"Blue Slaver","floor":4,"turns":5},{"damage":14,"enemies":"Exordium Wildlife","floor":5,"turns":4},{"damage":29,"enemies":"3 Sentries","floor":6,"turns":6},{"damage":19,"enemies":"3 Sentries","floor":8,"turns":5},{"damage":18,"enemies":"Lots of Slimes","floor":10,"turns":2},{"damage":0,"enemies":"2 Fungi Beasts","floor":13,"turns":2},{"damage":21,"enemies":"Large Slime","floor":14,"turns":5},{"damage":14,"enemies":"Hexaghost","floor":16,"turns":11},{"damage":39,"enemies":"2 Thieves","floor":18,"turns":4},{"damage":24,"enemies":"Chosen","floor":19,"turns":6},{"damage":34,"enemies":"Masked Bandits","floor":20,"turns":3},{"damage":18,"enemies":"3 Cultists","floor":24,"turns":3},{"damage":36,"enemies":"Sentry and Sphere","floor":25,"turns":5},{"damage":25,"enemies":"Snecko","floor":28,"turns":4},{"damage":20,"enemies":"Gremlin Leader","floor":31,"turns":6},{"damage":80,"enemies":"Automaton","floor":33,"turns":12},{"damage":19,"enemies":"3 Shapes","floor":35,"turns":4},{"damage":20,"enemies":"Orb Walker","floor":36,"turns":5},{"damage":13,"enemies":"Sphere and 2 Shapes","floor":38,"turns":4},{"damage":38,"enemies":"4 Shapes","floor":39,"turns":3},{"damage":51,"enemies":"Writhing Mass","floor":44,"turns":6}],"seed_played":"2819580385395487707","potions_obtained":[{"floor":2,"key":"DuplicationPotion"},{"floor":4,"key":"PowerPotion"},{"floor":6,"key":"LiquidMemories"},{"floor":8,"key":"BloodPotion"},{"floor":10,"key":"Strength Potion"},{"floor":19,"key":"SneckoOil"},{"floor":28,"key":"FearPotion"},{"floor":31,"key":"EssenceOfSteel"},{"floor":33,"key":"Dexterity Potion"},{"floor":36,"key":"Block Potion"}],"is_trial":false,"path_per_floor":["M","M","M","M","M","E","?","?","T","M","$","?","M","M","R","B",null,"M","M","?","$","T","R","M","M","T","R","M","R","$","E","R","B",null,"M","M","$","M","M","R","?","R","T","M"],"character_chosen":"IRONCLAD","items_purchased":["Reaper","Fire Breathing","Toolbox","Shrug It Off","Ghostly Armor"],"campfire_rested":5,"item_purchase_floors":[11,21,21,30,37],"current_hp_per_floor":[80,80,80,70,62,39,21,24,24,12,12,12,32,24,48,52,80,52,38,10,10,10,34,46,16,16,40,23,47,47,33,72,12,84,73,64,64,57,43,43,43,43,43,0,0],"gold":329,"neow_bonus":"RANDOM_COLORLESS_2","is_daily":false,"chose_seed":false,"campfire_upgraded":2,"win_rate":0.0,"timestamp":1612809930,"path_taken":["M","M","M","M","M","E","?","?","T","M","$","?","M","?","R","BOSS","M","M","?","$","?","R","M","M","T","R","M","R","?","E","R","BOSS","M","M","$","?","M","R","?","R","T","M"],"items_purchased_type":["Card","Card","Relic","Card","Card"],"build_version":"2020-12-22","purchased_purges":1,"victory":false,"max_hp_per_floor":[80,80,80,80,80,80,80,80,80,80,80,80,80,80,80,80,80,80,80,80,80,80,80,80,80,80,80,82,82,82,82,82,84,84,86,86,86,86,88,88,88,88,88,88,88],"card_choices":[{"not_picked":["Panache","Thinking Ahead"],"picked":"Apotheosis","floor":0},{"not_picked":["Pummel","Flex","Carnage"],"picked":"SKIP","floor":1},{"not_picked":["Dropkick","Clothesline"],"picked":"Cleave","floor":2},{"not_picked":["Anger","Cleave","Combust"],"picked":"SKIP","floor":3},{"not_picked":["Sever Soul","Twin Strike"],"picked":"Warcry","floor":4},{"not_picked":["Heavy Blade","Feel No Pain"],"picked":"Evolve","floor":5},{"not_picked":["Havoc","Rage"],"picked":"Seeing Red","floor":6},{"not_picked":["Havoc","Rampage"],"picked":"Thunderclap","floor":8},{"not_picked":["Thunderclap","Havoc","Heavy Blade"],"picked":"SKIP","floor":10},{"not_picked":["Twin Strike","Cleave"],"picked":"Intimidate","floor":13},{"not_picked":["Offering","True Grit"],"picked":"Spot Weakness","floor":14},{"not_picked":["Offering","Brutality"],"picked":"Immolate","floor":16},{"not_picked":["Clothesline","Armaments"],"picked":"Wild Strike","floor":18},{"not_picked":["Havoc","Warcry"],"picked":"Infernal Blade","floor":19},{"not_picked":["Clothesline","Iron Wave+1"],"picked":"Reckless Charge","floor":20},{"not_picked":["Perfected Strike","Iron Wave+1","Heavy Blade"],"picked":"SKIP","floor":24},{"not_picked":["Bloodletting","Searing Blow+1","Anger"],"picked":"SKIP","floor":25},{"not_picked":["Havoc","Flex","Body Slam"],"picked":"Singing Bowl","floor":28},{"not_picked":["Hemokinesis","Warcry"],"picked":"Impervious","floor":31},{"not_picked":["Bludgeon","Brutality","Juggernaut"],"picked":"Singing Bowl","floor":33},{"not_picked":["Heavy Blade","Havoc+1","Armaments"],"picked":"Singing Bowl","floor":35},{"not_picked":["Headbutt","Shrug It Off"],"picked":"Reckless Charge+1","floor":36},{"not_picked":["Iron Wave","Flex"],"picked":"Ghostly Armor","floor":38},{"not_picked":["Dual Wield+1","Wild Strike","Seeing Red"],"picked":"Singing Bowl","floor":39}],"player_experience":125062,"relics_obtained":[{"floor":6,"key":"Omamori"},{"floor":8,"key":"Red Skull"},{"floor":9,"key":"Tiny Chest"},{"floor":20,"key":"Red Mask"},{"floor":26,"key":"Singing Bowl"},{"floor":31,"key":"Regal Pillow"},{"floor":34,"key":"Orichalcum"},{"floor":34,"key":"Letter Opener"},{"floor":34,"key":"Turnip"},{"floor":43,"key":"Dream Catcher"}],"event_choices":[{"damage_healed":0,"gold_gain":0,"player_choice":"Success","damage_taken":18,"relics_obtained":["Bronze Scales"],"max_hp_gain":0,"max_hp_loss":0,"event_name":"Scrap Ooze","floor":7,"gold_loss":0},{"damage_healed":0,"gold_gain":0,"player_choice":"Searched \u00271\u0027 times","damage_taken":0,"max_hp_gain":0,"max_hp_loss":0,"event_name":"Dead Adventurer","floor":8,"gold_loss":0},{"cards_removed":["Strike_R"],"damage_healed":0,"gold_gain":0,"player_choice":"Purged","damage_taken":0,"max_hp_gain":0,"max_hp_loss":0,"event_name":"Purifier","floor":12,"gold_loss":0},{"damage_healed":0,"gold_gain":0,"player_choice":"Fought Bandits","damage_taken":0,"max_hp_gain":0,"max_hp_loss":0,"event_name":"Masked Bandits","floor":20,"gold_loss":0},{"damage_healed":0,"gold_gain":222,"player_choice":"Wore Mask","damage_taken":0,"max_hp_gain":0,"max_hp_loss":0,"event_name":"Tomb of Lord Red Mask","floor":41,"gold_loss":0}],"is_beta":false,"boss_relics":[{"not_picked":["Astrolabe","Runic Dome"],"picked":"SacredBark"},{"not_picked":["Tiny House","Empty Cage"],"picked":"Calling Bell"}],"items_purged_floors":[37],"is_endless":false,"potions_floor_spawned":[2,4,6,8,10,14,19,28,31,33,36],"killed_by":"Writhing Mass","ascension_level":2}}