{"host":"okvf2hy7r209l3k2","time":1612824697,"event":{"mods":["BaseMod","Block Reminder","Colored Map","Colored Powertips","Downfall","Hermit","Highlight Path","Minty Spire (QoL Compilation)","Permanent Neow","Quick Restart","StSLib","The Cursed","The Disciple","The Hierophant","The Necromancer","The Runesmith","The Servant 0.9.4"],"gold_per_floor":[117,42,57,57,67,67,81,81,133,143,159,159,174,199,199,199,199],"floor_reached":16,"language":"ENG","playtime":1747,"items_purged":["Strike_Br"],"score":96,"play_id":"df3ef31e-4467-41d4-bd7f-447650f9c150","local_time":"20210208135137","is_ascension_mode":false,"campfire_choices":[{"data":"AlternateTimeline","floor":6,"key":"SMITH"},{"data":"LockedMercury","floor":8,"key":"SMITH"},{"floor":15,"key":"REST"}],"circlet_count":0,"master_deck":["Strike_Br","Strike_Br","Strike_Br","Defend_Br","Defend_Br","Defend_Br","Defend_Br","SecondHand","PatternShift","Accruing","Backlash","Regret","AlternateTimeline+1","LockedMercury+1","LockedMedicine","LockedScales","BlueShift","HandsUpC","ExoVibe"],"relics":["Chronometer","Oddly Smooth Stone","Centennial Puzzle","Dream Catcher","Golden Idol"],"acts_visited":["Exordium"],"potions_floor_usage":[7,14,14,16],"damage_taken":[{"damage":0,"enemies":"Jaw Worm","floor":1,"turns":6},{"damage":0,"enemies":"2 Louse","floor":3,"turns":3},{"damage":3,"enemies":"Cultist","floor":5,"turns":3},{"damage":14,"enemies":"Exordium Wildlife","floor":7,"turns":4},{"damage":5,"enemies":"3 Louse","floor":10,"turns":3},{"damage":1,"enemies":"Gremlin Gang","floor":11,"turns":3},{"damage":12,"enemies":"Red Slaver","floor":13,"turns":5},{"damage":13,"enemies":"Exordium Thugs","floor":14,"turns":4},{"damage":23,"enemies":"Slime Boss","floor":16,"turns":9}],"seed_played":"-6266638606303704438","potions_obtained":[{"floor":1,"key":"Regen Potion"},{"floor":3,"key":"Fire Potion"},{"floor":5,"key":"BlessingOfTheForge"},{"floor":11,"key":"sneckomod:MuddlingPotion"}],"is_trial":false,"path_per_floor":["M","$","M","?","M","R","M","R","T","M","M","?","M","M","R","B"],"character_chosen":"CHRONO_CLASS","items_purchased":[],"campfire_rested":1,"item_purchase_floors":[],"current_hp_per_floor":[65,65,65,65,62,62,48,48,48,43,42,26,14,10,29,6,6],"gold":199,"neow_bonus":"RANDOM_COMMON_RELIC","is_daily":false,"chose_seed":false,"campfire_upgraded":2,"win_rate":0.0,"timestamp":1612824697,"path_taken":["M","$","M","?","M","R","M","R","T","M","M","?","M","M","R","BOSS"],"items_purchased_type":[],"build_version":"2020-12-22","purchased_purges":1,"victory":false,"max_hp_per_floor":[65,65,65,65,65,65,65,65,65,65,65,65,65,65,65,65,65],"card_choices":[{"not_picked":["ShortSighted","Engulf"],"picked":"Accruing","floor":1},{"not_picked":["Echoward","VestedLegacy"],"picked":"Backlash","floor":3},{"not_picked":["Echoward","Stagnate"],"picked":"AlternateTimeline","floor":5},{"not_picked":["ExoVibe","WindUp"],"picked":"LockedMercury","floor":7},{"not_picked":["Tempo","Stagnate"],"picked":"LockedMedicine","floor":10},{"not_picked":["BiteCommand","Tempo"],"picked":"LockedScales","floor":11},{"not_picked":["PrimeTime","Goo"],"picked":"BlueShift","floor":13},{"not_picked":["Chronoelasticity","Echoward"],"picked":"HandsUpC","floor":14},{"not_picked":["DaylightSavings","BeatsPerMinute"],"picked":"ExoVibe","floor":15}],"player_experience":211511,"relics_obtained":[{"floor":9,"key":"Dream Catcher"}],"event_choices":[{"damage_healed":0,"gold_gain":0,"player_choice":"Box","damage_taken":0,"relics_obtained":["Centennial Puzzle"],"max_hp_gain":0,"max_hp_loss":0,"event_name":"Big Fish","floor":4,"gold_loss":0,"cards_obtained":["Regret"]},{"damage_healed":0,"gold_gain":0,"player_choice":"Take Damage","damage_taken":16,"relics_obtained":["Golden Idol"],"max_hp_gain":0,"max_hp_loss":0,"event_name":"Golden Idol","floor":12,"gold_loss":0}],"is_beta":false,"boss_relics":[],"items_purged_floors":[2],"is_endless":false,"potions_floor_spawned":[1,3,5,11],"killed_by":"Slime Boss","ascension_level":0}}