{"host":"tpbmol9dayg75a5s","time":1612804206,"event":{"mods":["BaseMod","Bestiary","Block Reminder","Colored Powertips","Dark Map","Downfall","Minty Spire (QoL Compilation)","Quick Restart","Relic Stats","Spire Arcade","StSLib"],"gold_per_floor":[99,118,128,128,145,45,71,103,103,103,118,136,39,56,68,173,173,173,188,202,218,238,272,320,405,205,234,252,262,262,293,306,404,404,404,418,434,46,55,105,131,144,173,173,192,221,221,238,251,251,251,277,7,7,7,7,7,7],"floor_reached":56,"language":"ENG","playtime":5217,"items_purged":["hexamod:Strike","hexamod:Strike","Normality"],"score":1418,"play_id":"9e7e359c-efad-4316-88f3-e8a5f3c2bf90","local_time":"20210208141006","is_ascension_mode":true,"campfire_choices":[{"floor":1,"key":"RECALL"},{"data":"hexamod:PowerFromBeyond","floor":6,"key":"SMITH"},{"data":"hexamod:FlamesFromBeyond","floor":10,"key":"SMITH"},{"data":"hexamod:Float","floor":18,"key":"SMITH"},{"floor":26,"key":"REST"},{"floor":30,"key":"REST"},{"data":"hexamod:ParanormalForm","floor":35,"key":"SMITH"},{"floor":47,"key":"REST"},{"floor":54,"key":"REST"}],"circlet_count":0,"master_deck":["AscendersBane","hexamod:Defend","hexamod:Defend","hexamod:Defend+1","hexamod:Sear+1","hexamod:Float+1","Trip","hexamod:PowerFromBeyond+1","hexamod:PowerFromBeyond+1","hexamod:Haunt","hexamod:FlamesFromBeyond+1","hexamod:ShieldOfDarkness","hexamod:Hexaguard+1","hexamod:RecurringNightmare","hexamod:HeatCrush","hexamod:InspiringFlames+1","hexamod:DynamicBlow+1","hexamod:SuperheatedStrike+1","hexamod:ParanormalForm+1","hexamod:HeatMetal+1","hexamod:EtherealExpedition+1","hexamod:SpectersWail+1","hexamod:FlamesFromBeyond+1","hexamod:TimeOfNeed","hexamod:ThermalTransfer+1","hexamod:FlamesFromBeyond+1","hexamod:SixthSeal","hexamod:FlamesFromBeyond","hexamod:Hexaguard+1","hexamod:SearingWound+1","hexamod:PhantomCloak+1","Sadistic Nature","hexamod:SuperheatedStrike+1","hexamod:VolcanoVisage","hexamod:FirstSeal","hexamod:Rewind+1"],"relics":["hexamod:SpiritBrand","Guardian:PocketSentry","downfall:HeartBlessingRed","sneckomod:BlankCard","Meat on the Bone","bronze:MakeshiftBattery","Pantograph","downfall:HeartBlessingGreen","downfall:HeartBlessingBlue","Centennial Puzzle","Gremlin Horn","sneckomod:SneckoTalon","Medical Kit","Turnip","Orichalcum","Du-Vu Doll","Potion Belt","Lantern"],"acts_visited":["Exordium","TheCity","TheBeyond","TheEnding"],"potions_floor_usage":[16,23,23,31,40,49,50,52,52,56,56],"damage_taken":[{"damage":2,"enemies":"2 Louse","floor":2,"turns":3},{"damage":0,"enemies":"Small Slimes","floor":3,"turns":4},{"damage":4,"enemies":"Jaw Worm","floor":5,"turns":3},{"damage":8,"enemies":"Gremlin Nob","floor":8,"turns":3},{"damage":8,"enemies":"Gremlin Gang","floor":11,"turns":4},{"damage":0,"enemies":"Blue Slaver","floor":12,"turns":3},{"damage":0,"enemies":"downfall:FleeingMerchant","floor":13,"turns":4},{"damage":2,"enemies":"3 Louse","floor":14,"turns":3},{"damage":4,"enemies":"Large Slime","floor":15,"turns":3},{"damage":15,"enemies":"WA_ARCHETYPE_RETAIN","floor":16,"turns":5},{"damage":0,"enemies":"Chosen","floor":19,"turns":3},{"damage":18,"enemies":"Snake Plant","floor":20,"turns":3},{"damage":2,"enemies":"3 Cultists","floor":21,"turns":4},{"damage":5,"enemies":"Shelled Parasite and Fungi","floor":22,"turns":4},{"damage":24,"enemies":"Book of Stabbing","floor":23,"turns":4},{"damage":22,"enemies":"Slavers","floor":27,"turns":3},{"damage":0,"enemies":"Snecko","floor":28,"turns":3},{"damage":0,"enemies":"Snake Plant","floor":29,"turns":2},{"damage":0,"enemies":"Gremlin Leader","floor":31,"turns":4},{"damage":0,"enemies":"Cultist and Chosen","floor":32,"turns":4},{"damage":0,"enemies":"IC_MUSHROOM_ARCHETYPE","floor":33,"turns":7},{"damage":8,"enemies":"3 Shapes","floor":36,"turns":3},{"damage":1,"enemies":"Orb Walker","floor":37,"turns":3},{"damage":5,"enemies":"downfall:FleeingMerchant","floor":38,"turns":4},{"damage":0,"enemies":"downfall:FleeingMerchant","floor":39,"turns":3},{"damage":16,"enemies":"downfall:FleeingMerchant","floor":40,"turns":4},{"damage":0,"enemies":"3 Darklings","floor":42,"turns":2},{"damage":20,"enemies":"Reptomancer","floor":43,"turns":3},{"damage":4,"enemies":"Jaw Worm Horde","floor":45,"turns":3},{"damage":18,"enemies":"Giant Head","floor":46,"turns":6},{"damage":12,"enemies":"Maw","floor":48,"turns":5},{"damage":3,"enemies":"Transient","floor":49,"turns":5},{"damage":34,"enemies":"DF_ARCHETYPE_ORBS","floor":50,"turns":6},{"damage":62,"enemies":"downfall:CharBossMerchant","floor":52,"turns":7},{"damage":36,"enemies":"downfall:NeowBoss","floor":55,"turns":16},{"damage":96,"enemies":"downfall:NeowBossFinal","floor":56,"turns":8}],"seed_played":"-3448273610867068174","potions_obtained":[{"floor":3,"key":"AttackPotion"},{"floor":5,"key":"BlessingOfTheForge"},{"floor":8,"key":"PowerPotion"},{"floor":19,"key":"Regen Potion"},{"floor":23,"key":"Explosive Potion"},{"floor":28,"key":"Explosive Potion"},{"floor":33,"key":"GamblersBrew"},{"floor":40,"key":"Slimebound:ThreeZeroPotion"},{"floor":46,"key":"EssenceOfSteel"},{"floor":52,"key":"Fruit Juice"}],"is_trial":false,"path_per_floor":["R","M","M","?","M","R","T","E","?","R","M","M","$","M","M","B",null,"R","M","M","M","M","E","T","?","R","E","M","M","R","E","M","B",null,"R","M","M","?","$","?","T","M","E","?","M","E","R","M","M","B",null,"E","$","R","B","B"],"character_chosen":"THE_SPIRIT","items_purchased":["hexamod:HeatCrush","hexamod:InspiringFlames","Medical Kit","hexamod:SearingWound","Sadistic Nature","hexamod:SuperheatedStrike","SneckoOil","SkillPotion"],"campfire_rested":4,"item_purchase_floors":[13,13,38,38,39,39,53,53],"current_hp_per_floor":[63,61,61,58,54,54,54,46,69,69,61,61,61,59,55,40,63,63,63,45,43,38,35,35,21,55,45,45,45,69,69,69,80,80,80,72,71,66,66,64,64,64,44,44,52,46,70,65,62,53,73,35,35,60,56,0,0,0],"gold":7,"neow_bonus":"RANDOM_COLORLESS","is_daily":false,"chose_seed":false,"campfire_upgraded":4,"win_rate":0.0,"timestamp":1612804206,"path_taken":["R","M","M","?","M","R","T","E","?","R","M","M","?","M","M","BOSS","R","M","M","?","M","E","T","?","R","E","M","M","R","E","M","BOSS","R","M","M","?","$","?","T","M","E","?","M","E","R","?","M","BOSS","E","$","R","BOSS","BOSS"],"items_purchased_type":["Card","Card","Relic","Card","Card","Card","Potion","Potion"],"build_version":"2020-12-22","purchased_purges":3,"victory":false,"max_hp_per_floor":[70,70,70,70,70,70,70,70,70,70,70,70,70,70,70,70,70,70,70,70,70,70,70,70,70,80,80,80,80,80,80,80,80,80,80,80,80,80,80,80,80,80,80,80,80,80,80,80,80,80,80,85,85,85,85,85,85,85],"relic_stats":{"Centennial Puzzle":[39],"Gremlin Horn":[15,15],"counters":[36,153],"Pantograph":93,"Turnip":[13],"Orichalcum":[12],"Medical Kit":[18],"obtain_stats":[{"Potion Belt":46,"Lantern":52,"downfall:HeartBlessingRed":6,"Gremlin Horn":31,"sneckomod:BlankCard":7,"downfall:HeartBlessingGreen":26,"Guardian:PocketSentry":4,"Orichalcum":41,"sneckomod:SneckoTalon":34,"Medical Kit":38,"Du-Vu Doll":43,"Centennial Puzzle":27,"downfall:HeartBlessingBlue":26,"Pantograph":23,"Turnip":40,"hexamod:SpiritBrand":0,"bronze:MakeshiftBattery":17,"Meat on the Bone":8},{"Potion Belt":30,"Lantern":34,"downfall:HeartBlessingRed":3,"Gremlin Horn":19,"sneckomod:BlankCard":3,"downfall:HeartBlessingGreen":15,"Guardian:PocketSentry":2,"Orichalcum":26,"sneckomod:SneckoTalon":21,"Medical Kit":24,"Du-Vu Doll":28,"Centennial Puzzle":16,"downfall:HeartBlessingBlue":15,"Pantograph":15,"Turnip":26,"hexamod:SpiritBrand":0,"bronze:MakeshiftBattery":10,"Meat on the Bone":4},{"Potion Belt":106,"Lantern":129,"downfall:HeartBlessingRed":10,"Gremlin Horn":64,"sneckomod:BlankCard":10,"downfall:HeartBlessingGreen":52,"Guardian:PocketSentry":7,"Orichalcum":92,"sneckomod:SneckoTalon":75,"Medical Kit":85,"Du-Vu Doll":97,"Centennial Puzzle":55,"downfall:HeartBlessingBlue":52,"Pantograph":52,"Turnip":92,"hexamod:SpiritBrand":0,"bronze:MakeshiftBattery":34,"Meat on the Bone":13}],"Meat on the Bone":60},"card_choices":[{"not_picked":["Panacea","Purity"],"picked":"Trip","floor":0},{"not_picked":["hexamod:Again","hexamod:RainOfEmbers"],"picked":"hexamod:PowerFromBeyond","floor":2},{"not_picked":["hexamod:AdvancingGuard","hexamod:HauntingEcho"],"picked":"hexamod:PowerFromBeyond","floor":3},{"not_picked":["hexamod:GhostOfSpirePast","hexamod:Firestarter"],"picked":"hexamod:Haunt","floor":5},{"not_picked":["hexamod:Incineration","hexamod:BacktrackSmack"],"picked":"hexamod:FlamesFromBeyond","floor":8},{"not_picked":["hexamod:SkipABeat","hexamod:PhantomCloak"],"picked":"hexamod:ShieldOfDarkness","floor":11},{"not_picked":["hexamod:SpectralSpark","hexamod:ShieldOfDarkness"],"picked":"hexamod:Hexaguard","floor":12},{"not_picked":["hexamod:TurnItUp","hexamod:HeatMetal"],"picked":"hexamod:RecurringNightmare","floor":13},{"not_picked":["hexamod:BurningTouch","hexamod:EmpoweredFlame"],"picked":"hexamod:DynamicBlow","floor":14},{"not_picked":["hexamod:CatchUp","hexamod:SkipABeat"],"picked":"hexamod:SuperheatedStrike","floor":15},{"not_picked":["hexamod:UnlimitedPower","hexamod:WildfireWeapon"],"picked":"hexamod:ParanormalForm","floor":16},{"not_picked":["hexamod:GhostShield","hexamod:SpectersWail"],"picked":"hexamod:HeatMetal+1","floor":19},{"not_picked":["hexamod:SoulSteal","hexamod:RetreatToShadows+1"],"picked":"hexamod:EtherealExpedition+1","floor":20},{"not_picked":["hexamod:NightmareStrike","hexamod:FourthSeal"],"picked":"hexamod:SpectersWail","floor":21},{"not_picked":["hexamod:GhostOfSpireFuture","hexamod:GhostflameBarrier"],"picked":"hexamod:FlamesFromBeyond+1","floor":22},{"not_picked":["hexamod:SkipABeat+1","hexamod:ThirdSeal"],"picked":"hexamod:TimeOfNeed","floor":23},{"not_picked":["hexamod:Firestarter","hexamod:RadiantFlame","hexamod:SecondSeal"],"picked":"SKIP","floor":27},{"not_picked":["hexamod:EmpoweredFlame","hexamod:AdvancingGuard+1"],"picked":"hexamod:ThermalTransfer+1","floor":28},{"not_picked":["hexamod:SpectralSpark","hexamod:ShieldOfDarkness+1"],"picked":"hexamod:FlamesFromBeyond+1","floor":29},{"not_picked":["hexamod:GhostOfSpirePast+1","hexamod:Firestarter+1","hexamod:CatchUp"],"picked":"SKIP","floor":31},{"not_picked":["hexamod:Again","hexamod:GhostShield","hexamod:NightmareGuise"],"picked":"SKIP","floor":32},{"not_picked":["hexamod:ApocalypseNow","hexamod:ForkedFlame"],"picked":"hexamod:SixthSeal","floor":33},{"not_picked":["hexamod:FastForward","hexamod:ChargedBarrage+1"],"picked":"hexamod:FlamesFromBeyond","floor":36},{"not_picked":["hexamod:AdvancingGuard+1","hexamod:SuperheatedStrike","hexamod:NightmareStrike+1"],"picked":"SKIP","floor":37},{"not_picked":["hexamod:FlamesFromBeyond","hexamod:HeatMetal+1"],"picked":"hexamod:Hexaguard+1","floor":38},{"not_picked":["hexamod:SoulSteal+1","hexamod:EtherealExpedition+1"],"picked":"hexamod:PhantomCloak+1","floor":39},{"not_picked":["hexamod:GhostOfSpirePast+1","hexamod:ChargedBarrage+1"],"picked":"hexamod:VolcanoVisage","floor":42},{"not_picked":["hexamod:Firestarter","hexamod:RadiantFlame+1","hexamod:Hexaguard+1"],"picked":"SKIP","floor":43},{"not_picked":["hexamod:FastForward+1","hexamod:BacktrackSmack","hexamod:NightmareStrike"],"picked":"SKIP","floor":45},{"not_picked":["hexamod:CatchUp+1","hexamod:HauntingEcho"],"picked":"hexamod:FirstSeal","floor":46},{"not_picked":["hexamod:SuperheatedStrike","hexamod:GhostShield","hexamod:UnlimitedPower"],"picked":"SKIP","floor":48},{"not_picked":["hexamod:DynamicBlow","hexamod:ShieldOfDarkness+1","hexamod:BurningTouch"],"picked":"SKIP","floor":49},{"not_picked":["hexamod:RadiantFlame","hexamod:ForkedFlame"],"picked":"hexamod:Rewind+1","floor":52}],"player_experience":1116492,"relics_obtained":[{"floor":7,"key":"sneckomod:BlankCard"},{"floor":8,"key":"Meat on the Bone"},{"floor":23,"key":"Pantograph"},{"floor":27,"key":"Centennial Puzzle"},{"floor":31,"key":"Gremlin Horn"},{"floor":40,"key":"Turnip"},{"floor":41,"key":"Orichalcum"},{"floor":43,"key":"Du-Vu Doll"},{"floor":46,"key":"Potion Belt"},{"floor":52,"key":"Lantern"}],"event_choices":[{"damage_healed":0,"gold_gain":0,"player_choice":"Success","damage_taken":3,"relics_obtained":["Guardian:PocketSentry"],"max_hp_gain":0,"max_hp_loss":0,"event_name":"Scrap Ooze","floor":4,"gold_loss":0},{"damage_healed":23,"gold_gain":0,"player_choice":"Banana","damage_taken":0,"max_hp_gain":0,"max_hp_loss":0,"event_name":"Big Fish","floor":9,"gold_loss":0}],"is_beta":false,"boss_relics":[{"not_picked":["Velvet Choker","Sozu"],"picked":"bronze:MakeshiftBattery"},{"not_picked":["hexamod:IceCube","Black Star"],"picked":"sneckomod:SneckoTalon"}],"items_purged_floors":[38,39,53],"is_endless":false,"potions_floor_spawned":[3,5,8,11,15,19,23,28,29,33,36,40,46,52],"killed_by":"downfall:NeowBossFinal","ascension_level":11}}