{"host":"qwb18rbrg3wnmsho","time":1612791460,"event":{"mods":["ATMod(°¢èªMod)","Act Like it!","BaseMod","BetterRewards","Gensokyo","Minty Spire (QoL Compilation)","Potion Indicator Mod","Quarter Circle Forward PUNCH!","Reliquary","Remilia£¨ÀÙÃ×ÀòÑÇ£©","Replay The Spire","StSLib","Wide Potions","[IsaacMod]ÒÔÈö¼âËþ"],"gold_per_floor":[114,114,114,39,58,58,126,145,145,164,183,183,202,254,254,435,435,461,461,494,501,527,527,593,93,143,183,216,249,249,289,289,442,442,482,557,557,590,65,117,117,143,143,183,8,8,34,86,98,131],"floor_reached":51,"language":"ZHS","playtime":3030,"items_purged":["CurseOfVladTepes","ChaoticDestiny","BatForm","CeilingFear","BloodRain"],"score":678,"play_id":"e0cf116f-3759-4864-a489-9f73f1de3a1c","local_time":"20210208213740","daily_mods":["Shiny","Uncertain Future","Terminal"],"is_ascension_mode":false,"campfire_choices":[{"data":"QueenOfMidnight","floor":6.0,"key":"SMITH"},{"data":"BloodyMagicSquare","floor":12.0,"key":"SMITH"},{"data":"ScarletCoffin","floor":15.0,"key":"SMITH"},{"data":"BloodyHallows","floor":23.0,"key":"SMITH"},{"data":"BloodAndWine","floor":32.0,"key":"SMITH"},{"data":"BloodHunter","floor":41.0,"key":"SMITH"},{"data":"BloodyCatastrophe","floor":46.0,"key":"SMITH"},{"data":"HeartBreak","floor":49,"key":"SMITH"}],"circlet_count":0,"master_deck":["ScarletCoffin+1","TricksterDevil","ForecastOfChange+1","TransientEternity","EquivalentExchange+1","ScarletMeister","QueenOfMidnight+1","KillingBlow+1","BloodyHallows+1","BloodyCatastrophe+1","BloodySeventeenLaser","HellCatastrophe","HeartBreak+1","AT_DarkMatter+1","NightDance","BloodAndWine","BloodyMagicSquare+1","BloodHunter+1","BloodAndWine+1","BlasphemousPunishment","VampireClaw+1","Judgement","DiffusionOfMisfortune+1","BloodAndWine+1","RedMagic+1","EternalNight+1"],"relics":["ScarletHat","HushsDoor","GuppysHead","Golden Idol","D6","Void","SalivaCoin","AT_BladeRuinedKing","APieceOfRedMist","AT_Kusabimaru","Darkstone Periapt","reliquary:Knoch","AT_SpeedBoots","reliquary:RedCape","Bronze Scales","Oddly Smooth Stone","reliquary:QuartzCube","HowToJump","SharpPlug","MawBank","Ancient Tea Set"],"acts_visited":["Exordium","TheCity","TheBeyond"],"potions_floor_usage":[48],"damage_taken":[{"damage":19.0,"enemies":"Small Slimes","floor":1.0,"turns":4.0},{"damage":0.0,"enemies":"2 Louse","floor":5.0,"turns":2.0},{"damage":16.0,"enemies":"Jaw Worm","floor":8.0,"turns":2.0},{"damage":4.0,"enemies":"Gremlin Gang","floor":10.0,"turns":3.0},{"damage":28.0,"enemies":"Large Slime","floor":11.0,"turns":2.0},{"damage":28.0,"enemies":"Blue Slaver","floor":13.0,"turns":3.0},{"damage":28.0,"enemies":"Lagavulin","floor":14.0,"turns":4.0},{"damage":112.0,"enemies":"Fading Forest","floor":16.0,"turns":9.0},{"damage":31.0,"enemies":"Chosen","floor":18.0,"turns":3.0},{"damage":38.0,"enemies":"3 Byrds","floor":20.0,"turns":4.0},{"damage":22.0,"enemies":"Centurion and Healer","floor":22.0,"turns":2.0},{"damage":48.0,"enemies":"Slavers","floor":24.0,"turns":1.0},{"damage":41.0,"enemies":"Snake Plant","floor":27.0,"turns":2.0},{"damage":30.0,"enemies":"Snecko","floor":28.0,"turns":2.0},{"damage":30.0,"enemies":"Shelled Parasite and Fungi","floor":29.0,"turns":1.0},{"damage":43.0,"enemies":"Centurion and Healer","floor":31.0,"turns":1.0},{"damage":41.0,"enemies":"Champ","floor":33.0,"turns":2.0},{"damage":37.0,"enemies":"3 Darklings","floor":35.0,"turns":2.0},{"damage":25.0,"enemies":"3 Shapes","floor":38.0,"turns":1.0},{"damage":10.0,"enemies":"Nemesis","floor":40.0,"turns":1.0},{"damage":19.0,"enemies":"Spire Growth","floor":42.0,"turns":1.0},{"damage":26.0,"enemies":"4 Shapes","floor":44.0,"turns":2.0},{"damage":17,"enemies":"Jaw Worm Horde","floor":47,"turns":3},{"damage":25,"enemies":"Sphere and 2 Shapes","floor":48,"turns":3},{"damage":31,"enemies":"Replay:Hell Engine","floor":50,"turns":3}],"seed_played":"-2425098010432476902","potions_obtained":[{"floor":1.0,"key":"Elixir"},{"floor":8.0,"key":"DuplicationPotion"},{"floor":11.0,"key":"FairyPotion"},{"floor":11.0,"key":"SpeedPotion"},{"floor":11.0,"key":"SkillPotion"},{"floor":13.0,"key":"DuplicationPotion"},{"floor":24.0,"key":"GamblersBrew"},{"floor":31.0,"key":"Reflective Coating"},{"floor":33.0,"key":"Milkshake"},{"floor":35.0,"key":"Elixir"},{"floor":36.0,"key":"EssenceOfSteel"},{"floor":44.0,"key":"DistilledChaos"},{"floor":47,"key":"Energy Potion"},{"floor":48,"key":"Block Potion"}],"is_trial":false,"path_per_floor":["M","?","?","$","M","R","?","M","T","M","M","R","M","E","R","B",null,"M","?","M","?","M","R","E","$","T","M","M","M","?","M","R","B",null,"M","?","T","M","$","E","R","M","T","M","$","R","M","M","R","B",null],"character_chosen":"REMILIA","items_purchased":["Darkstone Periapt","reliquary:Knoch","reliquary:QuartzCube"],"campfire_rested":0,"item_purchase_floors":[25,25,39],"current_hp_per_floor":[73,55,60,60,60,60,45,45,45,45,47,47,47,51,51,63,62,61,60,59,44,50,50,55,54,53,52,51,50,49,48,47,46,45,44,43,42,41,40,39,38,41,40,34,34,34,36,35,34,33],"gold":143,"neow_bonus":"","is_daily":true,"chose_seed":false,"campfire_upgraded":8,"win_rate":0.0,"timestamp":1612791460,"path_taken":["M","?","?","$","M","R","?","M","T","M","M","R","M","E","R","BOSS","M","?","M","?","M","R","E","$","T","M","M","M","?","M","R","BOSS","M","?","?","M","$","E","R","M","T","M","?","R","M","M","R","BOSS"],"items_purchased_type":["Relic","Relic","Relic"],"build_version":"2020-12-22","purchased_purges":5,"victory":true,"max_hp_per_floor":[73,72,76,75,74,73,72,71,70,69,68,67,66,65,64,63,62,61,60,59,58,57,56,55,54,53,52,51,50,49,48,47,46,45,44,43,42,41,40,39,38,41,40,39,38,37,36,35,34,33],"card_choices":[{"not_picked":["EndlessAdversity","LeisurelyOfLord"],"picked":"NightDance","floor":1.0},{"not_picked":["RedRainbow","StarOfDavid","UnderTheZenith"],"picked":"SKIP","floor":5.0},{"not_picked":["FavorOfDestiny","Ultimatum","ScarletDevil"],"picked":"SKIP","floor":8.0},{"not_picked":["CharismaGuard","DevilSight"],"picked":"BloodAndWine","floor":10.0},{"not_picked":["FavorOfDestiny","VampireKiss"],"picked":"BloodyMagicSquare","floor":11.0},{"not_picked":["LeisurelyOfLord","BloodyHallows","UnstableMagic"],"picked":"SKIP","floor":13.0},{"not_picked":["MastersStateliness","EndlessAdversity"],"picked":"Bomb","floor":14.0},{"not_picked":["TwelveNightmare","FitfulNightmare"],"picked":"BloodHunter","floor":18.0},{"not_picked":["StarOfDavid","FavorOfDestiny+1"],"picked":"BlasphemousPunishment","floor":20.0},{"not_picked":["RedRainbow+1","Stigmanizer","BlasphemousPunishment"],"picked":"SKIP","floor":22.0},{"not_picked":["NightDance","UnstableMagic"],"picked":"VampireClaw+1","floor":24.0},{"not_picked":["VampireKiss+1","CurseOfVladTepes","NightDance"],"picked":"SKIP","floor":27.0},{"not_picked":["Bane","Underhanded Strike","Poisoned Stab"],"picked":"SKIP","floor":28.0},{"not_picked":["UnderTheZenith+1","HeartBreak","FavorOfDestiny"],"picked":"SKIP","floor":28.0},{"not_picked":["Stack","Hello World","Barrage"],"picked":"SKIP","floor":29.0},{"not_picked":["ScarletImprint","KillingBlow","ReincarnationDial"],"picked":"SKIP","floor":29.0},{"not_picked":["AT_WomanClash","Dodge and Roll","Backflip"],"picked":"SKIP","floor":31.0},{"not_picked":["VampireKiss","GlobalNightmare","NightDance"],"picked":"SKIP","floor":31.0},{"not_picked":["Alpha","LessonLearned"],"picked":"Judgement","floor":33.0},{"not_picked":["StarOfDavid+1","MastersStateliness"],"picked":"DiffusionOfMisfortune+1","floor":35.0},{"not_picked":["MastersStateliness+1","FavorOfDestiny+1"],"picked":"BloodAndWine+1","floor":38.0},{"not_picked":["HellCatastrophe","BloodHunter+1"],"picked":"RedMagic+1","floor":40.0},{"not_picked":["EmergencyRegeneration+1","DiffusionOfMisfortune","Maim+1"],"picked":"SKIP","floor":42.0},{"not_picked":["StarOfDavid","BloodHunter","ScarletDevilSign+1"],"picked":"SKIP","floor":44.0},{"not_picked":["CeilingFear","EmergencyRegeneration","VampireKiss"],"picked":"SKIP","floor":47},{"not_picked":["NightDance","ScarletGensokyo+1"],"picked":"EternalNight+1","floor":48}],"player_experience":297140,"relics_obtained":[{"floor":9.0,"key":"D6"},{"floor":10.0,"key":"Void"},{"floor":13.0,"key":"SalivaCoin"},{"floor":14.0,"key":"AT_BladeRuinedKing"},{"floor":24.0,"key":"AT_Kusabimaru"},{"floor":24.0,"key":"qcfpunch:School_Backpack"},{"floor":26.0,"key":"AT_SpeedBoots"},{"floor":36.0,"key":"Bronze Scales"},{"floor":37.0,"key":"Oddly Smooth Stone"},{"floor":40.0,"key":"HowToJump"},{"floor":43.0,"key":"SharpPlug"},{"floor":47,"key":"MawBank"},{"floor":48,"key":"Ancient Tea Set"}],"event_choices":[{"damage_healed":0.0,"max_hp_gain":0.0,"max_hp_loss":0.0,"gold_gain":0.0,"event_name":"Golden Idol","player_choice":"Take Damage","floor":2.0,"gold_loss":0.0,"damage_taken":18.0,"relics_obtained":["Golden Idol"]},{"damage_healed":0.0,"max_hp_gain":5.0,"max_hp_loss":0.0,"gold_gain":0.0,"event_name":"Big Fish","player_choice":"Donut","floor":3.0,"gold_loss":0.0,"damage_taken":0.0},{"damage_healed":0.0,"max_hp_gain":0.0,"max_hp_loss":0.0,"gold_gain":0.0,"event_name":"Duplicator","player_choice":"Copied","floor":19.0,"gold_loss":0.0,"damage_taken":0.0,"cards_obtained":["BloodAndWine"]},{"cards_removed":["DemonKingCradle"],"damage_healed":0.0,"max_hp_gain":0.0,"max_hp_loss":0.0,"gold_gain":0.0,"event_name":"Back to Basics","player_choice":"Elegance","floor":30.0,"gold_loss":0.0,"damage_taken":0.0}],"is_beta":false,"boss_relics":[{"not_picked":["Replay:Grab Bag","Runic Dome"],"picked":"APieceOfRedMist"},{"not_picked":[]},{"not_picked":["qcfpunch:Killian_Engine_Alpha","qcfpunch:Crimson_Sash"],"picked":"reliquary:RedCape"},{"not_picked":[]}],"items_purged_floors":[4,25,39,39,45],"is_endless":false,"potions_floor_spawned":[1,8,14,24,28,33,35,40,44],"ascension_level":0}}