{"host":"8is2j71l4wmybkoi","time":1612803228,"event":{"mods":["AchievementEnabler","BaseMod","Colored Map","Minty Spire (QoL Compilation)","Rare Cards Sparkle","StSLib","SuperFastMode"],"gold_per_floor":[114,132,143,160,16,16,41,41,41,72,72,72,90,101,101,101,101],"floor_reached":16,"language":"KOR","playtime":455,"items_purged":["Strike_R"],"score":196,"play_id":"ed23ba20-92bf-49f4-8c09-8b18056c0e0b","local_time":"20210209015348","is_ascension_mode":true,"campfire_choices":[{"data":"Uppercut","floor":6,"key":"SMITH"},{"data":"Bludgeon","floor":8,"key":"SMITH"},{"data":"Shockwave","floor":15,"key":"SMITH"}],"circlet_count":0,"master_deck":["AscendersBane","Strike_R","Strike_R","Defend_R","Defend_R","Defend_R","Defend_R","Bash","Wild Strike","Shockwave+1","Uppercut+1","Bludgeon+1"],"relics":["Burning Blood","MealTicket","Mummified Hand","Charon\u0027s Ashes"],"acts_visited":["Exordium"],"potions_floor_usage":[7,16,16],"damage_taken":[{"damage":6,"enemies":"Cultist","floor":1,"turns":3},{"damage":8,"enemies":"Jaw Worm","floor":2,"turns":4},{"damage":3,"enemies":"Small Slimes","floor":3,"turns":3},{"damage":18,"enemies":"3 Louse","floor":4,"turns":4},{"damage":30,"enemies":"3 Sentries","floor":7,"turns":9},{"damage":25,"enemies":"Lagavulin","floor":10,"turns":6},{"damage":6,"enemies":"Looter","floor":13,"turns":3},{"damage":10,"enemies":"Large Slime","floor":14,"turns":4},{"damage":20,"enemies":"Hexaghost","floor":16,"turns":8}],"seed_played":"3862193083517866614","potions_obtained":[{"floor":1,"key":"BlessingOfTheForge"},{"floor":3,"key":"DistilledChaos"},{"floor":14,"key":"Weak Potion"}],"is_trial":false,"path_per_floor":["M","M","M","M","$","R","E","R","T","E","?","?","M","M","R","B"],"character_chosen":"IRONCLAD","items_purchased":["Uppercut"],"campfire_rested":0,"item_purchase_floors":[5],"current_hp_per_floor":[68,66,69,57,57,57,33,33,33,14,14,19,19,15,15,0,0],"gold":101,"neow_bonus":"REMOVE_CARD","is_daily":false,"chose_seed":false,"campfire_upgraded":3,"win_rate":0.0,"timestamp":1612803228,"path_taken":["M","M","M","M","?","R","E","R","T","E","?","?","M","M","R","BOSS"],"items_purchased_type":["Card"],"build_version":"2020-12-22","purchased_purges":1,"victory":false,"max_hp_per_floor":[75,75,75,75,75,75,75,75,75,75,75,80,80,80,80,80,80],"card_choices":[{"not_picked":["Entrench","Feel No Pain"],"picked":"Wild Strike","floor":1},{"not_picked":["Combust","Infernal Blade","Clash"],"picked":"SKIP","floor":2},{"not_picked":["Pummel","Battle Trance"],"picked":"Shockwave","floor":3},{"not_picked":["Flex","Body Slam","Burning Pact"],"picked":"SKIP","floor":4},{"not_picked":["Armaments","Cleave"],"picked":"Bludgeon","floor":7},{"not_picked":["Headbutt","Cleave","Infernal Blade"],"picked":"SKIP","floor":10},{"not_picked":["Body Slam","Cleave","Infernal Blade"],"picked":"SKIP","floor":13},{"not_picked":["Flex","Searing Blow","Clash"],"picked":"SKIP","floor":14}],"player_experience":1077335,"relics_obtained":[{"floor":7,"key":"MealTicket"},{"floor":9,"key":"Mummified Hand"},{"floor":10,"key":"Charon\u0027s Ashes"}],"event_choices":[{"cards_removed":["Strike_R"],"damage_healed":0,"gold_gain":0,"player_choice":"Forget","damage_taken":0,"max_hp_gain":0,"max_hp_loss":0,"event_name":"Living Wall","floor":11,"gold_loss":0},{"damage_healed":0,"gold_gain":0,"player_choice":"Donut","damage_taken":0,"max_hp_gain":5,"max_hp_loss":0,"event_name":"Big Fish","floor":12,"gold_loss":0}],"is_beta":false,"boss_relics":[],"items_purged_floors":[5],"is_endless":false,"potions_floor_spawned":[1,3,14],"killed_by":"Hexaghost","ascension_level":15}}