{"host":"8pl220r0zqtv6uof","time":1612768412,"event":{"mods":["BaseMod","Colored Map","DeckTracker","Highlight Path","Keyboard Shortcuts","Minty Spire (QoL Compilation)","Quick Restart","SuperFastMode"],"gold_per_floor":[111,129,148,162,162,187,10735,10735,10758,10758,10774,9998,10032,10047,10047,10150,10150,10165,10183,10193,10207,10207,10234,9560,9589,9615,9632,9646,9662,9681,9716,9716,9716,9716],"floor_reached":33,"language":"KOR","playtime":2512,"items_purged":["Strike_P","Defend_P","Strike_P"],"score":403,"play_id":"f325ce12-88a2-495d-9f08-8093badb5809","local_time":"20210208161332","is_ascension_mode":false,"campfire_choices":[{"data":"Adaptation","floor":8.0,"key":"SMITH"},{"data":"DeusExMachina","floor":10.0,"key":"SMITH"},{"floor":15.0,"key":"REST"},{"floor":32,"key":"REST"}],"circlet_count":0,"master_deck":["Strike_P","Defend_P","Defend_P","Defend_P","Eruption","Vigilance","SashWhip","CrushJoints","EmptyBody","DeusExMachina","BowlingBash+1","Tantrum+1","Protect","Adaptation+1","DeusExMachina+1","ThirdEye","EmptyMind","Mayhem","Scrawl","Adaptation","ConjureBlade","BattleHymn+1","Pray","Evaluate","FlurryOfBlows+1","Pray","Vengeance+1","Nirvana","Vault","Study+1","FollowUp+1","Perseverance","Wallop+1","ClearTheMind+1","Evaluate+1"],"relics":["PureWater","Toy Ornithopter","Prayer Wheel","Orrery","Boot","Whetstone","Regal Pillow","Medical Kit","Juzu Bracelet","Sozu","Anchor","Molten Egg 2","Bag of Marbles","Lee\u0027s Waffle","Red Mask","Nunchaku","Toxic Egg 2"],"acts_visited":["Exordium","TheCity"],"potions_floor_usage":[23],"damage_taken":[{"damage":2.0,"enemies":"Small Slimes","floor":1.0,"turns":6.0},{"damage":0.0,"enemies":"Cultist","floor":2.0,"turns":3.0},{"damage":1.0,"enemies":"Jaw Worm","floor":3.0,"turns":3.0},{"damage":3.0,"enemies":"Large Slime","floor":4.0,"turns":6.0},{"damage":34.0,"enemies":"3 Sentries","floor":6.0,"turns":8.0},{"damage":0.0,"enemies":"2 Fungi Beasts","floor":11.0,"turns":4.0},{"damage":0.0,"enemies":"Lagavulin","floor":13.0,"turns":5.0},{"damage":11.0,"enemies":"Blue Slaver","floor":14.0,"turns":3.0},{"damage":0.0,"enemies":"Slime Boss","floor":16.0,"turns":5.0},{"damage":0.0,"enemies":"3 Byrds","floor":18.0,"turns":2.0},{"damage":0.0,"enemies":"Spheric Guardian","floor":19.0,"turns":3.0},{"damage":0.0,"enemies":"Snake Plant","floor":20.0,"turns":2.0},{"damage":7.0,"enemies":"Centurion and Healer","floor":21.0,"turns":5.0},{"damage":13,"enemies":"Book of Stabbing","floor":23,"turns":4},{"damage":3,"enemies":"Masked Bandits","floor":25,"turns":4},{"damage":14,"enemies":"Snecko","floor":27,"turns":4},{"damage":0,"enemies":"Cultist and Chosen","floor":28,"turns":5},{"damage":4,"enemies":"Snake Plant","floor":29,"turns":4},{"damage":12,"enemies":"Shelled Parasite and Fungi","floor":30,"turns":4},{"damage":24,"enemies":"Gremlin Leader","floor":31,"turns":5},{"damage":112,"enemies":"Champ","floor":33,"turns":8}],"seed_played":"135769806953461689","potions_obtained":[{"floor":2.0,"key":"GamblersBrew"},{"floor":4.0,"key":"SpeedPotion"},{"floor":11.0,"key":"BottledMiracle"},{"floor":13.0,"key":"BlessingOfTheForge"},{"floor":14.0,"key":"GamblersBrew"}],"is_trial":false,"path_per_floor":["M","M","M","M","?","E","$","R","T","R","M","$","E","M","R","B",null,"M","M","M","M","?","E","$","?","T","M","M","M","M","E","R","B"],"character_chosen":"WATCHER","items_purchased":["Prayer Wheel","Orrery","Whetstone","Mayhem","Regal Pillow","Medical Kit","SpeedPotion","Molten Egg 2","Bag of Marbles","Lee\u0027s Waffle"],"campfire_rested":2,"item_purchase_floors":[7,7,12,12,12,12,12,24,24,24],"current_hp_per_floor":[70,70,69,66,71,37,37,37,37,37,37,37,47,36,74,77,77,77,77,77,70,70,62,84,81,81,67,67,63,51,27,67,0,0],"gold":9716,"neow_bonus":"REMOVE_CARD","is_daily":false,"chose_seed":false,"campfire_upgraded":2,"win_rate":0.0,"timestamp":1612768412,"path_taken":["M","M","M","M","?","E","$","R","T","R","M","$","E","M","R","BOSS","M","M","M","M","?","E","$","?","T","M","M","M","M","E","R","BOSS"],"items_purchased_type":["Relic","Relic","Relic","Card","Relic","Relic","Potion","Relic","Relic","Relic"],"build_version":"2020-12-22","purchased_purges":3,"victory":false,"max_hp_per_floor":[72,72,72,72,77,77,77,77,77,77,77,77,77,77,77,77,77,77,77,77,77,77,77,84,84,84,84,84,84,84,84,84,84,84],"card_choices":[{"not_picked":["CutThroughFate","PathToVictory"],"picked":"SashWhip","floor":1.0},{"not_picked":["Crescendo","Fasting2"],"picked":"CrushJoints","floor":2.0},{"not_picked":["Fasting2","Evaluate"],"picked":"EmptyBody","floor":3.0},{"not_picked":["EmptyBody","EmptyMind"],"picked":"DeusExMachina","floor":4.0},{"not_picked":["FlurryOfBlows","Evaluate"],"picked":"BowlingBash","floor":6.0},{"not_picked":["EmptyBody","Collect"],"picked":"Tantrum","floor":7.0},{"not_picked":["BowlingBash","Vengeance"],"picked":"Protect","floor":7.0},{"not_picked":["SashWhip","Sanctity"],"picked":"Adaptation","floor":7.0},{"not_picked":["Indignation","DeceiveReality"],"picked":"DeusExMachina","floor":7.0},{"not_picked":["EmptyFist","Swivel"],"picked":"ThirdEye","floor":7.0},{"not_picked":["JustLucky","CarveReality"],"picked":"EmptyMind","floor":11.0},{"not_picked":["CrushJoints","EmptyBody","Crescendo"],"picked":"SKIP","floor":11.0},{"not_picked":["EmptyFist","FlurryOfBlows"],"picked":"Scrawl","floor":13.0},{"not_picked":["WaveOfTheHand","Perseverance"],"picked":"Adaptation","floor":14.0},{"not_picked":["EmptyMind","EmptyBody","CutThroughFate"],"picked":"SKIP","floor":14.0},{"not_picked":["Brilliance","Ragnarok"],"picked":"ConjureBlade","floor":16.0},{"not_picked":["PathToVictory","EmptyFist"],"picked":"BattleHymn+1","floor":18.0},{"not_picked":["Worship+1","CarveReality","ClearTheMind"],"picked":"SKIP","floor":18.0},{"not_picked":["FollowUp","WheelKick"],"picked":"Pray","floor":19.0},{"not_picked":["Protect","EmptyMind"],"picked":"Evaluate","floor":19.0},{"not_picked":["WindmillStrike","ThirdEye"],"picked":"FlurryOfBlows+1","floor":20.0},{"not_picked":["SignatureMove","Evaluate"],"picked":"Pray","floor":20.0},{"not_picked":["Weave","SignatureMove"],"picked":"Vengeance+1","floor":21.0},{"not_picked":["JustLucky","FollowUp"],"picked":"Nirvana","floor":21.0},{"not_picked":["Conclude","PathToVictory+1"],"picked":"Vault","floor":23},{"not_picked":["Conclude+1","Weave+1"],"picked":"Study+1","floor":27},{"not_picked":["CrushJoints+1","ThirdEye","CarveReality+1"],"picked":"SKIP","floor":27},{"not_picked":["EmptyBody+1","Halt"],"picked":"FollowUp+1","floor":28},{"not_picked":["WreathOfFlame","EmptyBody"],"picked":"Perseverance","floor":28},{"not_picked":["DeceiveReality","BowlingBash+1"],"picked":"Wallop+1","floor":29},{"not_picked":["Wallop+1","Halt","CrushJoints+1"],"picked":"SKIP","floor":29},{"not_picked":["WreathOfFlame+1","CutThroughFate+1"],"picked":"ClearTheMind+1","floor":30},{"not_picked":["FollowUp+1","ThirdEye","ReachHeaven+1"],"picked":"SKIP","floor":30},{"not_picked":["Crescendo+1","Protect+1"],"picked":"Evaluate+1","floor":31}],"player_experience":134255,"relics_obtained":[{"floor":6.0,"key":"Toy Ornithopter"},{"floor":9.0,"key":"Boot"},{"floor":13.0,"key":"Juzu Bracelet"},{"floor":23,"key":"Anchor"},{"floor":25,"key":"Red Mask"},{"floor":26,"key":"Nunchaku"},{"floor":31,"key":"Toxic Egg 2"}],"event_choices":[{"damage_healed":0.0,"max_hp_gain":5.0,"max_hp_loss":0.0,"gold_gain":0.0,"event_name":"Big Fish","player_choice":"Donut","floor":5.0,"gold_loss":0.0,"damage_taken":0.0},{"damage_healed":0.0,"max_hp_gain":0.0,"max_hp_loss":0.0,"gold_gain":0.0,"event_name":"Lab","player_choice":"Got Potions","floor":22.0,"gold_loss":0.0,"damage_taken":0.0},{"damage_healed":0,"gold_gain":0,"player_choice":"Fought Bandits","damage_taken":0,"max_hp_gain":0,"max_hp_loss":0,"event_name":"Masked Bandits","floor":25,"gold_loss":0}],"is_beta":false,"boss_relics":[{"not_picked":["Calling Bell","Pandora\u0027s Box"],"picked":"Sozu"}],"items_purged_floors":[7,12,24],"is_endless":false,"potions_floor_spawned":[2,4,11,13,14,18,27,28,29,30],"killed_by":"Champ","ascension_level":0}}