{"host":"n7gt2lywuauec2nz","time":1612771556,"event":{"mods":["100% Spire Juice","2.2 Compatiblity","Act Like it!","Aspiration","BaseMod","Better Third Choice","Colored Powertips","DeckTracker","GifTheSpireLib","Highlight Path","HololiveMod","Hubris","Infinite Spire","Minty Spire (QoL Compilation)","Quick Restart","Random Character Button","Relic Sorter","Replay The Spire","Retaliation","StSLib","Synergy Search","The IronCluck"],"gold_per_floor":[7,24,40,51,51,51,78,78,103,62,77,77,77,88,88,191,71,86,86,97,113,1,1,20,20,45,45,45,45,45,64,64,164,164,164,164],"floor_reached":35,"language":"ENG","playtime":1508,"items_purged":["Parasite","Moonworks:Defend"],"score":307,"play_id":"8d73abc2-d61c-4291-b30c-ce243fcd7326","local_time":"20210208000556","is_ascension_mode":false,"campfire_choices":[{"data":"Moonworks:TreasureThief","floor":6,"key":"SMITH"},{"floor":8,"key":"REST"},{"floor":12,"key":"REST"},{"data":"Moonworks:EvilSpyWorkPreparation","floor":15,"key":"SMITH"},{"floor":23,"key":"REST"},{"floor":27,"key":"REST"},{"floor":29,"key":"REST"},{"floor":32,"key":"RECALL"}],"circlet_count":0,"master_deck":["Moonworks:Strike","Moonworks:Strike","Moonworks:Strike","Moonworks:Strike","Moonworks:Ambush","Moonworks:LongDistanceShot","Moonworks:TreasureThief+1","Moonworks:BigMagnum","Moonworks:ImOnFire","Moonworks:EvilSpyWorkPreparation+1","Moonworks:RagingMadness+1","Moonworks:RagingMadness+1","Moonworks:SakisCookie","Moonworks:Dinner","Moonworks:EvilMastermind","Moonworks:EvilSpyWorkPreparation","Moonworks:ImOnFire+1","Moonworks:DeployBits","Moonworks:RagingMadness+1","Moonworks:TacticalRetreat","Moonworks:CloudOfSeagulls","Moonworks:RocketCannon"],"relics":["Moonworks:BrokenBomb","Moonworks:Homemark","Frozen Egg 2","Orichalcum","Sozu","Blood Vial","Eternal Feather","Replay:Drink Me"],"acts_visited":["Exordium","TheCity","TheBeyond"],"potions_floor_usage":[4,7,16,16],"damage_taken":[{"damage":6,"enemies":"Cultist","floor":1,"turns":3},{"damage":4,"enemies":"Jaw Worm","floor":2,"turns":3},{"damage":5,"enemies":"Small Slimes","floor":3,"turns":2},{"damage":12,"enemies":"3 Louse","floor":4,"turns":2},{"damage":32,"enemies":"Lagavulin","floor":7,"turns":3},{"damage":12,"enemies":"Lots of Slimes","floor":11,"turns":4},{"damage":5,"enemies":"Blue Slaver","floor":14,"turns":3},{"damage":5,"enemies":"Slime Boss","floor":16,"turns":3},{"damage":15,"enemies":"Shell Parasite","floor":18,"turns":3},{"damage":9,"enemies":"3 Byrds","floor":20,"turns":3},{"damage":25,"enemies":"Snake Plant","floor":21,"turns":3},{"damage":23,"enemies":"Snecko","floor":24,"turns":5},{"damage":16,"enemies":"Sentry and Sphere","floor":31,"turns":4},{"damage":0,"enemies":"Collector","floor":33,"turns":2},{"damage":47,"enemies":"3 Darklings","floor":35,"turns":2}],"seed_played":"8624083984831700079","potions_obtained":[{"floor":2,"key":"Swift Potion"},{"floor":3,"key":"Venom Potion"},{"floor":4,"key":"FearPotion"},{"floor":14,"key":"ColorlessPotion"}],"is_trial":false,"path_per_floor":["M","M","M","M","?","R","E","R","T","$","M","R","?","M","R","B",null,"M","?","M","M","$","R","M","?","T","R","AVR","R","?","M","R","B",null,"M"],"character_chosen":"THE_STARBREAKER","items_purchased":["Moonworks:RagingMadness+1","Moonworks:RagingMadness+1"],"campfire_rested":5,"item_purchase_floors":[10,22],"current_hp_per_floor":[54,50,45,33,53,53,21,39,39,39,27,45,45,40,40,35,60,45,51,45,22,22,39,19,19,19,36,36,57,57,44,57,57,43,0,0],"gold":164,"neow_bonus":"TWO_FIFTY_GOLD","is_daily":false,"chose_seed":false,"campfire_upgraded":2,"win_rate":0.0,"timestamp":1612771556,"path_taken":["M","?","M","?","?","R","E","R","T","$","M","R","?","M","R","BOSS","M","?","M","?","$","R","M","?","T","R","AVR","R","?","M","R","BOSS","M"],"items_purchased_type":["Card","Card"],"build_version":"2020-12-22","purchased_purges":2,"victory":false,"max_hp_per_floor":[60,60,60,60,60,60,60,60,60,60,60,60,60,60,60,60,60,60,60,60,60,57,57,57,57,57,57,57,57,57,57,57,57,43,43,43],"card_choices":[{"not_picked":["Moonworks:BigMagnum","Moonworks:LulusLuckyEgg"],"picked":"Moonworks:TreasureThief","floor":1},{"not_picked":["Moonworks:MixPhenomenon","Moonworks:SakisCookie"],"picked":"Moonworks:BigMagnum","floor":2},{"not_picked":["Moonworks:EvilSpyWorkPreparation","Moonworks:DeployBits"],"picked":"Moonworks:ImOnFire","floor":3},{"not_picked":["Moonworks:CastOff","Moonworks:Assault"],"picked":"Moonworks:EvilSpyWorkPreparation","floor":4},{"not_picked":["Moonworks:ImOnFire","Moonworks:EvilSpyWorkPreparation"],"picked":"Moonworks:RagingMadness+1","floor":7},{"not_picked":["Moonworks:SealedMemories","Moonworks:UnluckyCharm"],"picked":"Moonworks:SakisCookie","floor":11},{"not_picked":["Moonworks:BigMagnum","Moonworks:EvilSpyWorkPreparation"],"picked":"Moonworks:Dinner","floor":14},{"not_picked":["Moonworks:FinalBattle+1","Moonworks:AccelHyper"],"picked":"Moonworks:EvilMastermind","floor":16},{"not_picked":["Moonworks:ReproductionOfRecords","Moonworks:NicePresent"],"picked":"Moonworks:EvilSpyWorkPreparation","floor":18},{"not_picked":["Moonworks:Heat300Percent+1","Moonworks:Assault"],"picked":"Moonworks:ImOnFire+1","floor":20},{"not_picked":["Moonworks:BigMagnum","Moonworks:Assault"],"picked":"Moonworks:DeployBits","floor":21},{"not_picked":["Moonworks:SakisCookie","Moonworks:SelfDestruct"],"picked":"Moonworks:TacticalRetreat","floor":24},{"not_picked":["Moonworks:IndiscriminateFireSupport","Moonworks:JonathanRush"],"picked":"Moonworks:CloudOfSeagulls","floor":31},{"not_picked":["Moonworks:FinalBattle+1","Moonworks:StarBlastingFuse"],"picked":"Moonworks:RocketCannon","floor":33}],"player_experience":131231,"relics_obtained":[{"floor":7,"key":"Frozen Egg 2"},{"floor":9,"key":"Orichalcum"},{"floor":26,"key":"Blood Vial"}],"event_choices":[{"damage_healed":20,"gold_gain":0,"player_choice":"Banana","damage_taken":0,"max_hp_gain":0,"max_hp_loss":0,"event_name":"Big Fish","floor":5,"gold_loss":0},{"damage_healed":0,"gold_gain":0,"player_choice":"Ignored","damage_taken":0,"max_hp_gain":0,"max_hp_loss":0,"event_name":"Vampires","floor":30,"gold_loss":0}],"is_beta":false,"boss_relics":[{"not_picked":["aspiration:PoetsPen_weak","Honey Jar"],"picked":"Sozu"},{"not_picked":["Snecko Eye","ChewingGum"],"picked":"Replay:Drink Me"}],"items_purged_floors":[22,28],"is_endless":false,"potions_floor_spawned":[2,3,4,14,21,31,33],"killed_by":"3 Darklings","ascension_level":0}}