{"host":"n4f6h2mlrt4e12he","time":1612751642,"event":{"mods":["2.2 Compatiblity","AchievementEnabler","BaseMod","Colored Map","Highlight Path","Minty Spire (QoL Compilation)","Shop Mod","StSLib"],"gold_per_floor":[119,84,84,102,120,145,164,7,7,7,7,7],"floor_reached":11,"language":"ENG","playtime":522,"items_purged":[],"score":113,"play_id":"34bb3ed4-0d67-431e-ad9d-21137a7c1c52","local_time":"20210207213402","is_ascension_mode":true,"campfire_choices":[],"circlet_count":0,"master_deck":["AscendersBane","Strike_R","Strike_R","Strike_R","Strike_R","Strike_R","Defend_R","Defend_R","Defend_R","Defend_R","Bash+1","Seeing Red","Anger","Body Slam+1","Spot Weakness"],"relics":["Black Star","CaptainsWheel","Turnip","Whetstone","Bronze Scales","Mummified Hand","White Beast Statue"],"acts_visited":["Exordium"],"potions_floor_usage":[6],"damage_taken":[{"damage":9,"enemies":"2 Louse","floor":1,"turns":4},{"damage":12,"enemies":"Jaw Worm","floor":4,"turns":4},{"damage":0,"enemies":"Small Slimes","floor":5,"turns":3},{"damage":16,"enemies":"Gremlin Nob","floor":6,"turns":4},{"damage":21,"enemies":"Exordium Wildlife","floor":7,"turns":6},{"damage":26,"enemies":"3 Sentries","floor":11,"turns":2}],"seed_played":"-2304496188576094852","potions_obtained":[{"floor":1,"key":"Fire Potion"},{"floor":7,"key":"ElixirPotion"}],"is_trial":false,"path_per_floor":["M","?","T","M","M","E","M","$","T","?","E"],"character_chosen":"IRONCLAD","items_purchased":["Bronze Scales"],"campfire_rested":0,"item_purchase_floors":[8],"current_hp_per_floor":[63,80,80,68,68,52,31,31,31,24,0,0],"gold":7,"neow_bonus":"BOSS_RELIC","is_daily":false,"chose_seed":false,"campfire_upgraded":0,"win_rate":0.0,"timestamp":1612751642,"path_taken":["M","?","?","M","M","E","M","$","T","?","E"],"items_purchased_type":["Relic"],"build_version":"2020-12-22","purchased_purges":0,"victory":false,"max_hp_per_floor":[80,80,80,80,80,80,80,80,80,80,80,80],"card_choices":[{"not_picked":["Burning Pact","Wild Strike","Havoc"],"picked":"SKIP","floor":1},{"not_picked":["Sword Boomerang","Flex"],"picked":"Seeing Red","floor":4},{"not_picked":["Dark Embrace","Sever Soul"],"picked":"Anger","floor":5},{"not_picked":["Battle Trance","Evolve"],"picked":"Body Slam","floor":6},{"not_picked":["Feel No Pain","Dropkick"],"picked":"Spot Weakness","floor":7}],"player_experience":1321200,"relics_obtained":[{"floor":3,"key":"CaptainsWheel"},{"floor":6,"key":"Turnip"},{"floor":6,"key":"Whetstone"},{"floor":9,"key":"Mummified Hand"}],"event_choices":[{"damage_healed":20,"gold_gain":0,"player_choice":"Healed","damage_taken":0,"max_hp_gain":0,"max_hp_loss":0,"event_name":"The Cleric","floor":2,"gold_loss":35},{"damage_healed":0,"gold_gain":0,"player_choice":"Success","damage_taken":7,"relics_obtained":["White Beast Statue"],"max_hp_gain":0,"max_hp_loss":0,"event_name":"Scrap Ooze","floor":10,"gold_loss":0}],"is_beta":false,"boss_relics":[],"items_purged_floors":[],"is_endless":false,"potions_floor_spawned":[1,7],"killed_by":"3 Sentries","ascension_level":11}}