{"host":"dn2xyj3kd3d9cfyb","time":1612764728,"event":{"mods":["BaseMod","Conspire","Hero for Fun","Hubris","Marisa£®ÏF”Í°°ƒß¿Ì…≥£©","Minty Spire (QoL Compilation)","Remilia£®¿Ÿ√◊¿Ú—«£©","Replay The Spire","Shop Mod","StSLib","The Animator","The Construct","The Cursed","The Mystic","Youmu£®ªÍ∆«—˝√Œ£©","Yuri Mod","Yuyuko"],"gold_per_floor":[115,36,46,46,121,121,152,152,152,152,167,167,183,203,203,203,203],"floor_reached":16,"language":"ZHS","playtime":461,"items_purged":[],"score":110,"play_id":"3a1e67bf-7420-4a1e-9688-b0b7b2aab656","local_time":"20210208141208","is_ascension_mode":true,"campfire_choices":[{"data":"construct:ClockworkEgg","floor":6,"key":"SMITH"},{"floor":10,"key":"REST"},{"data":"construct:ClockworkEgg+1","floor":12,"key":"SMITH"},{"data":"construct:ClockworkEgg+2","floor":15,"key":"SMITH"}],"circlet_count":0,"master_deck":["construct:Strike_Gold","construct:Strike_Gold","construct:Strike_Gold","construct:Strike_Gold","construct:Strike_Gold","construct:Defend_Gold","construct:Defend_Gold","construct:Defend_Gold","construct:Defend_Gold","construct:Defend_Gold","construct:AttackMode","construct:DefenseMode","construct:Enhance","construct:BlazingSpeed","construct:Reinforce","construct:Dampening"],"relics":["construct:Cogwheel","ReplayTheSpireMod:Ring of Exchange","Ring of Misfortune","conspire:TopHat","hubris:Towel","Molten Egg 2","Toxic Egg 2","Frozen Egg 2","construct:ClockworkPhoenix"],"acts_visited":["Exordium"],"potions_floor_usage":[],"damage_taken":[{"damage":3.0,"enemies":"Small Slimes","floor":1.0,"turns":4.0},{"damage":11,"enemies":"2 Louse","floor":3,"turns":3},{"damage":28,"enemies":"Gremlin Nob","floor":7,"turns":4},{"damage":7,"enemies":"Jaw Worm","floor":11,"turns":3},{"damage":14,"enemies":"Large Slime","floor":13,"turns":7},{"damage":4,"enemies":"Looter","floor":14,"turns":4},{"damage":32,"enemies":"The Guardian","floor":16,"turns":2}],"seed_played":"7445954529357786562","potions_obtained":[],"is_trial":false,"path_per_floor":["M","$","M","?","?","R","E","?","T","R","M","R","M","M","R","B"],"character_chosen":"THE_CONSTRUCT_MOD","items_purchased":["construct:Enhance"],"campfire_rested":1,"item_purchase_floors":[2],"current_hp_per_floor":[58,58,47,47,36,36,8,8,8,33,26,26,12,8,8,0,0],"gold":203,"neow_bonus":"THREE_RARE_CARDS","is_daily":false,"chose_seed":false,"campfire_upgraded":3,"win_rate":0.0,"timestamp":1612764728,"path_taken":["M","$","M","?","?","R","E","?","T","R","M","R","M","M","R","BOSS"],"items_purchased_type":["Card"],"build_version":"2020-12-22","purchased_purges":0,"victory":false,"max_hp_per_floor":[85,85,85,85,85,85,85,85,85,85,85,85,85,85,85,85,85],"card_choices":[{"not_picked":["construct:BatteryCore","construct:PanicFire"],"picked":"construct:ClockworkEgg","floor":0.0},{"not_picked":["construct:Forcefield","construct:ShiftStrike","construct:Accumulate"],"picked":"SKIP","floor":1.0},{"not_picked":["construct:FierceBash","construct:Boost"],"picked":"construct:BlazingSpeed","floor":3},{"not_picked":["construct:HeavyBolt","construct:PhosphorStorm","construct:ModeShift"],"picked":"SKIP","floor":7},{"not_picked":["construct:CriticalHit","construct:Chainstrike","construct:SyphonStrike"],"picked":"SKIP","floor":11},{"not_picked":["construct:Construct_Overclock","construct:Hazardproof"],"picked":"construct:Reinforce","floor":13},{"not_picked":["construct:MoltenSmash","construct:QuickAttack"],"picked":"construct:Dampening","floor":14}],"player_experience":635186,"relics_obtained":[{"floor":4,"key":"ReplayTheSpireMod:Ring of Exchange"},{"floor":4,"key":"Ring of Misfortune"},{"floor":7,"key":"conspire:TopHat"}],"event_choices":[{"damage_healed":0,"gold_gain":75,"player_choice":"Gather Gold","damage_taken":11,"max_hp_gain":0,"max_hp_loss":0,"event_name":"World of Goop","floor":5,"gold_loss":0}],"is_beta":false,"boss_relics":[],"items_purged_floors":[],"is_endless":false,"potions_floor_spawned":[],"killed_by":"The Guardian","ascension_level":2}}