{"host":"ly20tmf9be7b85hl","time":1612800261,"event":{"mods":["BaseMod","Colored Map","Keyboard Shortcuts","Minty Spire (QoL Compilation)","Permanent Neow","Quick Restart","SuperFastMode"],"gold_per_floor":[118,137,149,164,164,164,164,164],"floor_reached":7,"language":"KOR","playtime":180,"items_purged":[],"score":86,"play_id":"9e3ac5b0-cabe-4f39-94b7-b76c8edc1a9b","local_time":"20210209010421","is_ascension_mode":true,"campfire_choices":[{"data":"Cloak And Dagger","floor":6.0,"key":"SMITH"}],"circlet_count":0,"master_deck":["AscendersBane","Strike_G","Strike_G","Strike_G","Strike_G","Strike_G","Defend_G","Defend_G","Defend_G","Defend_G","Defend_G","Survivor","Neutralize","Burst","Underhanded Strike","Expertise","Cloak And Dagger+1"],"relics":["Ring of the Snake","Toy Ornithopter"],"acts_visited":["Exordium"],"potions_floor_usage":[7],"damage_taken":[{"damage":4.0,"enemies":"Cultist","floor":1.0,"turns":5.0},{"damage":1.0,"enemies":"Jaw Worm","floor":2.0,"turns":6.0},{"damage":7.0,"enemies":"Small Slimes","floor":3.0,"turns":4.0},{"damage":11.0,"enemies":"Exordium Wildlife","floor":4.0,"turns":6.0},{"damage":36,"enemies":"3 Sentries","floor":7,"turns":13}],"seed_played":"681711681566834458","potions_obtained":[{"floor":1.0,"key":"SteroidPotion"},{"floor":3.0,"key":"Weak Potion"}],"is_trial":false,"path_per_floor":["M","M","M","M","?","R","E"],"character_chosen":"THE_SILENT","items_purchased":[],"campfire_rested":0,"item_purchase_floors":[],"current_hp_per_floor":[55,54,47,36,36,36,5,5],"gold":164,"neow_bonus":"ONE_RANDOM_RARE_CARD","is_daily":false,"chose_seed":false,"campfire_upgraded":1,"win_rate":0.0,"timestamp":1612800261,"path_taken":["M","M","M","?","?","R","E"],"items_purchased_type":[],"build_version":"2020-12-22","purchased_purges":0,"victory":false,"max_hp_per_floor":[66,66,66,66,66,66,66,66],"card_choices":[{"not_picked":["Endless Agony","Terror","Quick Slash"],"picked":"SKIP","floor":1.0},{"not_picked":["Sucker Punch","PiercingWail"],"picked":"Underhanded Strike","floor":2.0},{"not_picked":["Deflect","Leg Sweep"],"picked":"Expertise","floor":3.0},{"not_picked":["Predator","Sucker Punch"],"picked":"Cloak And Dagger","floor":4.0}],"player_experience":851253,"relics_obtained":[],"event_choices":[{"damage_healed":0.0,"max_hp_gain":0.0,"max_hp_loss":0.0,"gold_gain":0.0,"event_name":"WeMeetAgain","player_choice":"Gave Potion","floor":5.0,"gold_loss":0.0,"damage_taken":0.0,"relics_obtained":["Toy Ornithopter"]}],"is_beta":false,"boss_relics":[],"items_purged_floors":[],"is_endless":false,"potions_floor_spawned":[1,3],"killed_by":"3 Sentries","ascension_level":20}}