{"host":"5f8ute538gzudddu","time":1612745798,"event":{"mods":["BaseMod","Highlight Path","Minty Spire (QoL Compilation)","Relic Stats","StSLib"],"gold_per_floor":[116,126,126,140,152,184,184,247,247,259,276,310,310,67,67,139,139,155,255,317,367,378,378,413,430,430,430,430],"floor_reached":27,"language":"ENG","playtime":1158,"items_purged":["Defend_P"],"score":544,"play_id":"13ff9096-7451-4c5b-ae93-97989cdb32d4","local_time":"20210207165638","is_ascension_mode":true,"campfire_choices":[{"data":"EmptyFist","floor":7.0,"key":"SMITH"},{"data":"WaveOfTheHand","floor":13.0,"key":"SMITH"},{"data":"TalkToTheHand","floor":15.0,"key":"SMITH"},{"floor":23.0,"key":"REST"}],"circlet_count":0,"master_deck":["AscendersBane","Strike_P","Strike_P","Strike_P","Strike_P","Defend_P","Defend_P","Defend_P","Eruption","Vigilance","FlurryOfBlows","Halt","EmptyFist+1","TalkToTheHand+1","WaveOfTheHand+1","FearNoEvil","ThirdEye","Omniscience","CutThroughFate+1","Conclude","Weave","FlurryOfBlows","TalkToTheHand+1","CrushJoints"],"relics":["Runic Pyramid","SsserpentHead","Akabeko","Shuriken","Nunchaku","Lee\u0027s Waffle","Black Star","White Beast Statue","Potion Belt"],"acts_visited":["Exordium","TheCity"],"potions_floor_usage":[27],"damage_taken":[{"damage":10.0,"enemies":"Small Slimes","floor":1.0,"turns":2.0},{"damage":0.0,"enemies":"Cultist","floor":2.0,"turns":4.0},{"damage":0.0,"enemies":"2 Louse","floor":4.0,"turns":2.0},{"damage":5.0,"enemies":"Lots of Slimes","floor":5.0,"turns":3.0},{"damage":7.0,"enemies":"3 Sentries","floor":6.0,"turns":7.0},{"damage":0.0,"enemies":"Exordium Wildlife","floor":8.0,"turns":2.0},{"damage":0.0,"enemies":"Looter","floor":10.0,"turns":2.0},{"damage":4.0,"enemies":"Blue Slaver","floor":11.0,"turns":2.0},{"damage":0.0,"enemies":"Gremlin Nob","floor":12.0,"turns":3.0},{"damage":20.0,"enemies":"Hexaghost","floor":16.0,"turns":6.0},{"damage":10.0,"enemies":"3 Byrds","floor":18.0,"turns":5.0},{"damage":7.0,"enemies":"2 Thieves","floor":20.0,"turns":3.0},{"damage":28.0,"enemies":"Snake Plant","floor":22.0,"turns":4.0},{"damage":8.0,"enemies":"Gremlin Leader","floor":24.0,"turns":4.0},{"damage":7.0,"enemies":"Chosen and Byrds","floor":25.0,"turns":5.0},{"damage":35,"enemies":"Slavers","floor":27,"turns":2}],"seed_played":"-4431683690744547507","potions_obtained":[{"floor":1.0,"key":"LiquidMemories"},{"floor":4.0,"key":"Explosive Potion"},{"floor":6.0,"key":"DuplicationPotion"},{"floor":20.0,"key":"LiquidBronze"},{"floor":25.0,"key":"CultistPotion"}],"is_trial":false,"path_per_floor":["M","M","?","M","M","E","R","M","T","M","M","E","R","$","R","B",null,"M","?","M","?","M","R","E","M","T","E"],"character_chosen":"WATCHER","items_purchased":["Lee\u0027s Waffle"],"campfire_rested":1,"item_purchase_floors":[14],"current_hp_per_floor":[51,51,51,51,46,39,39,39,39,39,35,35,35,75,75,55,70,60,60,53,53,25,47,39,32,32,0,0],"gold":430,"neow_bonus":"BOSS_RELIC","is_daily":false,"chose_seed":false,"campfire_upgraded":3,"win_rate":0.0,"timestamp":1612745798,"path_taken":["M","M","?","M","M","E","R","?","T","M","M","E","R","$","R","BOSS","M","?","?","?","M","R","E","M","T","E"],"items_purchased_type":["Relic"],"build_version":"2020-12-22","purchased_purges":1,"victory":false,"max_hp_per_floor":[68,68,68,68,68,68,68,68,68,68,68,68,68,75,75,75,75,75,75,75,75,75,75,75,75,75,75,75],"relic_stats":{"SsserpentHead":200,"Nunchaku":[9],"Lee\u0027s Waffle":40,"counters":[16,56],"Shuriken":[26],"Black Star":1,"obtain_stats":[{"Potion Belt":24,"SsserpentHead":3,"Nunchaku":12,"Lee\u0027s Waffle":14,"Shuriken":9,"Black Star":17,"PureWater":0,"Akabeko":6,"White Beast Statue":24,"Runic Pyramid":0},{"Potion Belt":14,"SsserpentHead":2,"Nunchaku":9,"Lee\u0027s Waffle":9,"Shuriken":6,"Black Star":10,"PureWater":0,"Akabeko":5,"White Beast Statue":14,"Runic Pyramid":0},{"Potion Belt":49,"SsserpentHead":6,"Nunchaku":27,"Lee\u0027s Waffle":27,"Shuriken":20,"Black Star":33,"PureWater":0,"Akabeko":18,"White Beast Statue":49,"Runic Pyramid":0}]},"card_choices":[{"not_picked":["Sanctity","WreathOfFlame"],"picked":"FlurryOfBlows","floor":1.0},{"not_picked":["EmptyFist","CrushJoints"],"picked":"Halt","floor":2.0},{"not_picked":["ThirdEye","Crescendo"],"picked":"EmptyFist","floor":4.0},{"not_picked":["ClearTheMind","EmptyBody"],"picked":"TalkToTheHand","floor":5.0},{"not_picked":["FollowUp","DevaForm"],"picked":"WaveOfTheHand","floor":6.0},{"not_picked":["Protect","WindmillStrike","Study"],"picked":"SKIP","floor":8.0},{"not_picked":["CarveReality","Protect"],"picked":"FearNoEvil","floor":10.0},{"not_picked":["Study","DeceiveReality","Protect"],"picked":"SKIP","floor":11.0},{"not_picked":["EmptyFist","Protect"],"picked":"ThirdEye","floor":12.0},{"not_picked":["Alpha","DeusExMachina"],"picked":"Omniscience","floor":16.0},{"not_picked":["CrushJoints","FollowUp"],"picked":"CutThroughFate+1","floor":18.0},{"not_picked":["CutThroughFate","WindmillStrike"],"picked":"Conclude","floor":20.0},{"not_picked":["Pray","CutThroughFate"],"picked":"FlurryOfBlows","floor":22.0},{"not_picked":["Crescendo","ForeignInfluence"],"picked":"TalkToTheHand+1","floor":24.0},{"not_picked":["Evaluate","DeusExMachina"],"picked":"CrushJoints","floor":25.0}],"player_experience":947912,"relics_obtained":[{"floor":6.0,"key":"Akabeko"},{"floor":9.0,"key":"Shuriken"},{"floor":12.0,"key":"Nunchaku"},{"floor":24.0,"key":"White Beast Statue"},{"floor":24.0,"key":"Potion Belt"}],"event_choices":[{"damage_healed":0.0,"max_hp_gain":0.0,"max_hp_loss":0.0,"gold_gain":0.0,"event_name":"FaceTrader","player_choice":"Trade","floor":3.0,"gold_loss":0.0,"damage_taken":0.0,"relics_obtained":["SsserpentHead"]},{"damage_healed":0.0,"max_hp_gain":0.0,"max_hp_loss":0.0,"gold_gain":50.0,"event_name":"Golden Shrine","player_choice":"Pray","floor":19.0,"gold_loss":0.0,"damage_taken":0.0},{"damage_healed":0.0,"max_hp_gain":0.0,"max_hp_loss":0.0,"gold_gain":0.0,"event_name":"The Library","player_choice":"Read","floor":21.0,"gold_loss":0.0,"damage_taken":0.0,"cards_obtained":["Weave"]}],"is_beta":false,"boss_relics":[{"not_picked":["Runic Dome","Calling Bell"],"picked":"Black Star"}],"items_purged_floors":[14],"is_endless":false,"potions_floor_spawned":[1,4,6,10,11,20,22,25],"killed_by":"Slavers","ascension_level":20}}