{"host":"rygl6lff02urotq6","time":1612825918,"event":{"mods":["AchievementEnabler","BaseMod","Bestiary","Better Altar","Better Match","Better Note","Better Sensory Stone","Better Skull","Better Third Choice","BetterRewards","Colored Map","Colored Powertips","Curses Come First","DeckTracker","Minty Spire (QoL Compilation)","Quick Restart","Spicy Shops","StSLib","SuperFastMode","The Bug Knight","Transform Curses"],"gold_per_floor":[110,120,120,138,157,187,187,41,96,171,171,185,197,216,216,312,312,329,349,349,369,44,44,79,79,105,122,134,153,153,153],"floor_reached":30,"language":"ENG","playtime":1231,"items_purged":[],"score":256,"play_id":"7332c91e-a41a-44be-b1c8-68b65953618c","local_time":"20210208181158","is_ascension_mode":false,"campfire_choices":[{"floor":11,"key":"RECALL"},{"floor":15,"key":"REST"},{"floor":23,"key":"REST"},{"floor":25,"key":"REST"}],"circlet_count":0,"master_deck":["HollowMod:NailStrikeStart","HollowMod:NailStrikeStart","HollowMod:NailStrikeStart","HollowMod:NailStrikeStart","HollowMod:QuickDashStart","HollowMod:QuickDashStart","HollowMod:QuickDashStart","HollowMod:QuickDashStart","HollowMod:FocusHealStart","HollowMod:PogoStrike","HollowMod:DescendingDark+1","HollowMod:SharpenedShadows","Apotheosis+1","HollowMod:DescendingDark","HollowMod:VengefulVoid","HollowMod:HornetsHelp","HollowMod:HeavyBlow","HollowMod:VengefulVoid","HollowMod:ShadowDash","HollowMod:VoidDash","HollowMod:SiblingsSouls","HollowMod:BlackTendrils+1","HollowMod:DesolateDive","HollowMod:WraithStrike+1","Pain","HollowMod:AbyssShriek","HollowMod:DashSlash","HollowMod:WraithStrike"],"relics":["HollowMod:VesselMask","Bottled Tornado","HollowMod:PaleOreRelic","Nunchaku","Pantograph","Cursed Key","Bronze Scales","Blood Vial","Vajra"],"acts_visited":["Exordium","TheCity"],"potions_floor_usage":[13,16,18,21,21,24,29,30,30],"damage_taken":[{"damage":4,"enemies":"Jaw Worm","floor":1,"turns":4},{"damage":5,"enemies":"Small Slimes","floor":2,"turns":3},{"damage":2,"enemies":"2 Louse","floor":4,"turns":2},{"damage":0,"enemies":"2 Fungi Beasts","floor":5,"turns":1},{"damage":10,"enemies":"Gremlin Nob","floor":6,"turns":3},{"damage":8,"enemies":"Red Slaver","floor":12,"turns":5},{"damage":11,"enemies":"Exordium Thugs","floor":13,"turns":3},{"damage":18,"enemies":"Blue Slaver","floor":14,"turns":4},{"damage":33,"enemies":"Hexaghost","floor":16,"turns":9},{"damage":23,"enemies":"2 Thieves","floor":18,"turns":3},{"damage":0,"enemies":"Spheric Guardian","floor":19,"turns":3},{"damage":32,"enemies":"Shelled Parasite and Fungi","floor":21,"turns":4},{"damage":47,"enemies":"Book of Stabbing","floor":24,"turns":4},{"damage":32,"enemies":"Sentry and Sphere","floor":27,"turns":4},{"damage":14,"enemies":"Cultist and Chosen","floor":28,"turns":3},{"damage":11,"enemies":"Chosen and Byrds","floor":29,"turns":4},{"damage":27,"enemies":"Shelled Parasite and Fungi","floor":30,"turns":1}],"seed_played":"8026095383820623376","potions_obtained":[{"floor":1,"key":"DuplicationPotion"},{"floor":2,"key":"GamblersBrew"},{"floor":4,"key":"Energy Potion"},{"floor":13,"key":"DistilledChaos"},{"floor":16,"key":"Weak Potion"},{"floor":18,"key":"Explosive Potion"},{"floor":21,"key":"Fruit Juice"},{"floor":28,"key":"Energy Potion"},{"floor":29,"key":"DuplicationPotion"}],"is_trial":false,"path_per_floor":["M","M","?","M","M","E","?","$","T","T","R","M","M","M","R","B",null,"M","M","?","M","$","R","E","R","T","M","M","M","M"],"character_chosen":"THE_BUGKNIGHT","items_purchased":["HollowMod:PaleOreRelic","Bronze Scales","HollowMod:DesolateDive","Blood Vial"],"campfire_rested":3,"item_purchase_floors":[8,22,22,22],"current_hp_per_floor":[82,77,77,75,75,65,65,65,65,65,65,57,46,28,52,44,82,59,59,59,36,36,62,20,46,46,22,15,8,0,0],"gold":153,"neow_bonus":"TEN_PERCENT_HP_BONUS","is_daily":false,"chose_seed":false,"campfire_upgraded":0,"win_rate":0.0,"timestamp":1612825918,"path_taken":["M","M","?","M","M","E","?","?","T","?","R","M","M","M","R","BOSS","M","M","?","M","$","R","E","R","T","M","M","M","M"],"items_purchased_type":["Relic","Relic","Card","Relic"],"build_version":"2020-12-22","purchased_purges":0,"victory":false,"max_hp_per_floor":[82,82,82,82,82,82,82,82,82,82,82,82,82,82,82,82,82,82,82,82,87,87,87,87,87,87,87,87,87,87,87],"card_choices":[{"not_picked":["HollowMod:BlackTendrils","HollowMod:LifebloodCocoon"],"picked":"HollowMod:DescendingDark","floor":1},{"not_picked":["HollowMod:HuntersJournal","HollowMod:VengefulVoid"],"picked":"HollowMod:SharpenedShadows","floor":2},{"not_picked":["Dark Shackles","Mayhem"],"picked":"Apotheosis","floor":3},{"not_picked":["HollowMod:VengefulSpirit","HollowMod:ChannelNail"],"picked":"HollowMod:DescendingDark","floor":4},{"not_picked":["HollowMod:VengefulSpirit","HollowMod:LifebloodCocoon"],"picked":"HollowMod:VengefulVoid","floor":5},{"not_picked":["HollowMod:InfectedAttack","HollowMod:Grubsong"],"picked":"HollowMod:HornetsHelp","floor":6},{"not_picked":["HollowMod:SharpenedNail","HollowMod:CornifersMapStart"],"picked":"HollowMod:HeavyBlow","floor":12},{"not_picked":["HollowMod:CycloneSlash","HollowMod:SharpenedShadows"],"picked":"HollowMod:VengefulVoid","floor":13},{"not_picked":["HollowMod:FastStrike","HollowMod:RecoilStrike"],"picked":"HollowMod:ShadowDash","floor":14},{"not_picked":["HollowMod:Weaversong","HollowMod:LifebloodCore"],"picked":"HollowMod:VoidDash","floor":16},{"not_picked":["HollowMod:InfectedAttack","HollowMod:PureNailStrike"],"picked":"HollowMod:SiblingsSouls","floor":18},{"not_picked":["HollowMod:SharpenedNail+1","HollowMod:NewLittleFool"],"picked":"HollowMod:BlackTendrils+1","floor":19},{"not_picked":["HollowMod:NewGlowingWomb","HollowMod:ChannelNail","HollowMod:BaldurShell"],"picked":"SKIP","floor":21},{"not_picked":["HollowMod:SoulSplash","HollowMod:SoulEater"],"picked":"HollowMod:WraithStrike+1","floor":24},{"not_picked":["HollowMod:GoodIntentions","HollowMod:SoulStrike"],"picked":"HollowMod:AbyssShriek","floor":27},{"not_picked":["HollowMod:SoulShaman","HollowMod:HornetsHelp"],"picked":"HollowMod:DashSlash","floor":28},{"not_picked":["HollowMod:MothsMistake","HollowMod:ShadowDash+1"],"picked":"HollowMod:WraithStrike","floor":29}],"player_experience":317542,"relics_obtained":[{"floor":6,"key":"Bottled Tornado"},{"floor":9,"key":"Nunchaku"},{"floor":10,"key":"Pantograph"},{"floor":24,"key":"Vajra"}],"event_choices":[{"damage_healed":0,"gold_gain":1,"player_choice":"1","damage_taken":0,"max_hp_gain":0,"max_hp_loss":0,"event_name":"betterStone:BetterStone","floor":3,"gold_loss":0},{"damage_healed":0,"gold_gain":0,"player_choice":"Grow","damage_taken":0,"max_hp_gain":0,"max_hp_loss":0,"event_name":"Living Wall","floor":7,"gold_loss":0,"cards_upgraded":["Apotheosis"]},{"damage_healed":0,"gold_gain":0,"player_choice":"Forge","damage_taken":0,"max_hp_gain":0,"max_hp_loss":0,"event_name":"Accursed Blacksmith","floor":20,"gold_loss":0,"cards_upgraded":["HollowMod:DescendingDark"]}],"is_beta":false,"boss_relics":[{"not_picked":["Sozu","Runic Dome"],"picked":"Cursed Key"}],"items_purged_floors":[],"is_endless":false,"potions_floor_spawned":[1,2,4,13,16,18,21,28,29],"killed_by":"Shelled Parasite and Fungi","ascension_level":0}}