{"host":"zwezhz46a5cjkxff","time":1612771677,"event":{"mods":["AchievementEnabler","BaseMod","Colored Map","Colored Powertips","DeckTracker","Minty Spire (QoL Compilation)","Permanent Neow","Quick Restart","Rare Cards Sparkle","Relic Stats","StSLib","SuperFastMode"],"gold_per_floor":[112,127,127,202,215,244,272,303,326,336,363,363,376,406,406,406,406],"floor_reached":16,"language":"ENG","playtime":376,"items_purged":[],"score":132,"play_id":"db31d9a9-4321-4247-8b7c-3ea0dcc2d908","local_time":"20210208020757","is_ascension_mode":true,"campfire_choices":[{"floor":12,"key":"REST"},{"floor":15,"key":"RECALL"}],"circlet_count":0,"master_deck":["Strike_B","Strike_B","Strike_B","Strike_B","Defend_B","Defend_B","Defend_B","Defend_B","Zap","Dualcast","Regret","Electrodynamics","Cold Snap","Multi-Cast","Self Repair","Steam","BootSequence","Seek"],"relics":["Cracked Core","Blood Vial","Anchor","Odd Mushroom","Eternal Feather","Oddly Smooth Stone","Kunai"],"acts_visited":["Exordium"],"potions_floor_usage":[6,7,14],"damage_taken":[{"damage":1,"enemies":"Cultist","floor":1,"turns":3},{"damage":0,"enemies":"Small Slimes","floor":2,"turns":2},{"damage":7,"enemies":"Jaw Worm","floor":5,"turns":3},{"damage":17,"enemies":"3 Sentries","floor":6,"turns":3},{"damage":5,"enemies":"The Mushroom Lair","floor":7,"turns":3},{"damage":29,"enemies":"Gremlin Nob","floor":8,"turns":4},{"damage":9,"enemies":"Exordium Thugs","floor":10,"turns":3},{"damage":6,"enemies":"Blue Slaver","floor":13,"turns":4},{"damage":19,"enemies":"Lagavulin","floor":14,"turns":6},{"damage":47,"enemies":"Slime Boss","floor":16,"turns":7}],"seed_played":"-346362102023127456","potions_obtained":[{"floor":5,"key":"GamblersBrew"},{"floor":6,"key":"Block Potion"},{"floor":13,"key":"DistilledChaos"}],"is_trial":false,"path_per_floor":["M","M","?","?","M","E","?","E","T","M","T","R","M","E","R","B"],"character_chosen":"DEFECT","items_purchased":[],"campfire_rested":1,"item_purchase_floors":[],"current_hp_per_floor":[74,74,62,51,46,31,28,8,8,8,8,39,42,32,41,0,0],"gold":406,"neow_bonus":"THREE_RARE_CARDS","is_daily":false,"chose_seed":false,"campfire_upgraded":0,"win_rate":0.0,"timestamp":1612771677,"path_taken":["M","M","?","?","M","E","?","E","T","?","?","R","M","E","R","BOSS"],"items_purchased_type":[],"build_version":"2020-12-22","purchased_purges":0,"victory":false,"max_hp_per_floor":[75,75,75,75,75,75,75,75,75,75,75,75,75,75,75,75,75],"relic_stats":{"Blood Vial":16,"counters":[10,38],"Eternal Feather":18,"Kunai":[0],"obtain_stats":[{"Blood Vial":3,"Anchor":6,"Oddly Smooth Stone":11,"Eternal Feather":8,"Kunai":14,"Odd Mushroom":7,"Cracked Core":0},{"Blood Vial":2,"Anchor":4,"Oddly Smooth Stone":7,"Eternal Feather":6,"Kunai":9,"Odd Mushroom":5,"Cracked Core":0},{"Blood Vial":5,"Anchor":11,"Oddly Smooth Stone":21,"Eternal Feather":18,"Kunai":31,"Odd Mushroom":14,"Cracked Core":0}]},"card_choices":[{"not_picked":["Seek","Meteor Strike"],"picked":"Electrodynamics","floor":0},{"not_picked":["Go for the Eyes","Melter"],"picked":"Cold Snap","floor":1},{"not_picked":["Go for the Eyes","Stack","Leap"],"picked":"SKIP","floor":2},{"not_picked":["Redo","Fusion"],"picked":"Multi-Cast","floor":5},{"not_picked":["Aggregate","Hologram"],"picked":"Self Repair","floor":6},{"not_picked":["Scrape","Self Repair"],"picked":"Steam","floor":8},{"not_picked":["Barrage","Beam Cell"],"picked":"BootSequence","floor":10},{"not_picked":["Turbo","Auto Shields","Force Field"],"picked":"SKIP","floor":13},{"not_picked":["Skim","Steam"],"picked":"Seek","floor":14}],"player_experience":81701,"relics_obtained":[{"floor":6,"key":"Anchor"},{"floor":7,"key":"Odd Mushroom"},{"floor":8,"key":"Eternal Feather"},{"floor":11,"key":"Oddly Smooth Stone"},{"floor":14,"key":"Kunai"}],"event_choices":[{"damage_healed":0,"gold_gain":0,"player_choice":"Success","damage_taken":12,"relics_obtained":["Blood Vial"],"max_hp_gain":0,"max_hp_loss":0,"event_name":"Scrap Ooze","floor":3,"gold_loss":0},{"damage_healed":0,"gold_gain":75,"player_choice":"Gather Gold","damage_taken":11,"max_hp_gain":0,"max_hp_loss":0,"event_name":"World of Goop","floor":4,"gold_loss":0},{"damage_healed":0,"gold_gain":0,"player_choice":"Fought Mushrooms","damage_taken":0,"max_hp_gain":0,"max_hp_loss":0,"event_name":"Mushrooms","floor":7,"gold_loss":0}],"is_beta":false,"boss_relics":[],"items_purged_floors":[],"is_endless":false,"potions_floor_spawned":[5,6,13],"killed_by":"Slime Boss","ascension_level":2}}