{"host":"1hzg86ju9fvxh562","time":1612816742,"event":{"mods":["AchievementEnabler","Act Like it!","AlwaysNeverKeys","BaseMod","Bestiary","Better Altar","Better Match","Better Note","Better Sensory Stone","Better Skull","Better Third Choice","Colored Map","Colored Powertips","Curses Come First","Displayed Cursed Tome","Filter the Spire","Highlight Path","Keyboard Shortcuts","Minty Spire (QoL Compilation)","Rare Cards Sparkle","Relic Sorter","Relic Stats","ShortenTheSpire","Spicy Shops","StSLib","everything is the same but u backflip on backflip","slay the spire mod where everything is the same but ironclad has a cowboy hat"],"gold_per_floor":[110,385,396,416,416,451,466,493,493,510,510,536,536,161,161,237,237,255,13,13,24,24,50,50,50,76,94,124,149,149,149,149],"floor_reached":31,"language":"ENG","playtime":2277,"items_purged":["Regret"],"score":549,"play_id":"c6e49e35-14fb-4dd4-8a1a-fca8587be38f","local_time":"20210208183902","is_ascension_mode":true,"campfire_choices":[{"floor":11.0,"key":"REST"},{"floor":15,"key":"REST"},{"floor":25,"key":"REST"}],"circlet_count":0,"master_deck":["AscendersBane","Zap","Dualcast","Loop","Double Energy","White Noise","Undo","Thunder Strike","Core Surge","Darkness","Sunder","Ball Lightning","Steam","Rebound","Redo","Steam Power","Recycle","Multi-Cast","Stack","Stack","Doom and Gloom","Echo Form","Leap","Writhe","Steam","Bite","Bite","Bite","Bite","Bite","Self Repair","Amplify","Turbo","Trip"],"relics":["Pandora\u0027s Box","Mercury Hourglass","Pear","Darkstone Periapt","Pocketwatch","Regal Pillow","Pantograph","SlaversCollar","Chemical X","Turnip","Eternal Feather","Orichalcum","Bronze Scales","Red Mask"],"acts_visited":["Exordium","TheCity"],"potions_floor_usage":[12,16,13021,21,28,29],"damage_taken":[{"damage":0.0,"enemies":"Small Slimes","floor":1.0,"turns":3.0},{"damage":7.0,"enemies":"Cultist","floor":3.0,"turns":3.0},{"damage":0.0,"enemies":"2 Louse","floor":4.0,"turns":2.0},{"damage":28.0,"enemies":"Gremlin Nob","floor":6.0,"turns":4.0},{"damage":4.0,"enemies":"2 Fungi Beasts","floor":7.0,"turns":3.0},{"damage":18.0,"enemies":"Lagavulin","floor":8.0,"turns":5.0},{"damage":8.0,"enemies":"3 Louse","floor":10.0,"turns":3.0},{"damage":14,"enemies":"3 Sentries","floor":12,"turns":4},{"damage":15,"enemies":"Slime Boss","floor":16,"turns":7},{"damage":40,"enemies":"Shell Parasite","floor":18,"turns":5},{"damage":12,"enemies":"3 Byrds","floor":21,"turns":4},{"damage":24,"enemies":"Book of Stabbing","floor":23,"turns":4},{"damage":22,"enemies":"Cultist and Chosen","floor":27,"turns":4},{"damage":25,"enemies":"Slavers","floor":28,"turns":3},{"damage":0,"enemies":"Masked Bandits","floor":29,"turns":3},{"damage":34,"enemies":"Gremlin Leader","floor":31,"turns":4}],"seed_played":"7583044768440904430","potions_obtained":[{"floor":1.0,"key":"Strength Potion"},{"floor":6.0,"key":"EntropicBrew"},{"floor":7.0,"key":"LiquidBronze"},{"floor":10.0,"key":"LiquidMemories"},{"floor":12,"key":"Weak Potion"},{"floor":21,"key":"SpeedPotion"},{"floor":28,"key":"SneckoOil"}],"is_trial":false,"path_per_floor":["M","?","M","M","T","E","M","E","T","M","R","E","?","$","R","B",null,"M","$","?","M","?","E","?","R","T","M","E","?","?","E"],"character_chosen":"DEFECT","items_purchased":["Pantograph","Stack","Doom and Gloom","Leap","Chemical X"],"campfire_rested":3,"item_purchase_floors":[14,14,14,19,19],"current_hp_per_floor":[64,64,57,57,57,39,35,17,17,9,33,19,1,1,40,50,73,33,33,10,22,28,4,4,55,55,39,18,25,25,0,0],"gold":149,"neow_bonus":"BOSS_RELIC","is_daily":false,"chose_seed":false,"campfire_upgraded":0,"win_rate":0.0,"timestamp":1612816742,"path_taken":["M","?","M","?","?","E","?","E","T","M","R","E","?","$","R","BOSS","M","$","?","M","?","E","?","R","T","M","E","?","?","E"],"items_purchased_type":["Relic","Card","Card","Card","Relic"],"build_version":"2020-12-22","purchased_purges":1,"victory":false,"max_hp_per_floor":[71,71,71,71,71,81,81,81,81,81,81,81,81,81,81,81,81,81,81,81,81,87,87,60,60,60,60,60,60,60,60,60],"relic_stats":{"Darkstone Periapt":6,"Regal Pillow":30,"counters":[16,59],"Eternal Feather":18,"Orichalcum":[24],"Mercury Hourglass":[252],"Pantograph":25,"Bronze Scales":[27],"Pandora\u0027s Box":["Loop","Double Energy","White Noise","Undo","Thunder Strike","Core Surge","Darkness","Sunder"],"Turnip":[0],"Chemical X":[6],"obtain_stats":[{"Darkstone Periapt":8,"Regal Pillow":12,"Pear":6,"Eternal Feather":23,"Orichalcum":26,"Mercury Hourglass":5,"SlaversCollar":17,"Pantograph":14,"Bronze Scales":28,"Pandora\u0027s Box":0,"Turnip":22,"Red Mask":29,"Chemical X":19,"Cracked Core":0,"Pocketwatch":9},{"Darkstone Periapt":6,"Regal Pillow":8,"Pear":4,"Eternal Feather":12,"Orichalcum":12,"Mercury Hourglass":3,"SlaversCollar":9,"Pantograph":8,"Bronze Scales":14,"Pandora\u0027s Box":0,"Turnip":11,"Red Mask":15,"Chemical X":10,"Cracked Core":0,"Pocketwatch":6},{"Darkstone Periapt":19,"Regal Pillow":25,"Pear":11,"Eternal Feather":45,"Orichalcum":45,"Mercury Hourglass":8,"SlaversCollar":32,"Pantograph":25,"Bronze Scales":52,"Pandora\u0027s Box":0,"Turnip":41,"Red Mask":55,"Chemical X":37,"Cracked Core":0,"Pocketwatch":19}],"Pocketwatch":[30]},"card_choices":[{"not_picked":["Double Energy","Streamline"],"picked":"Ball Lightning","floor":1.0},{"not_picked":["Gash","Beam Cell"],"picked":"Steam","floor":3.0},{"not_picked":["Consume","Go for the Eyes"],"picked":"Rebound","floor":4.0},{"not_picked":["Undo","Hello World"],"picked":"Redo","floor":6.0},{"not_picked":["Barrage","Turbo"],"picked":"Steam Power","floor":7.0},{"not_picked":["Redo","Gash"],"picked":"Recycle","floor":8.0},{"not_picked":["Darkness","Coolheaded"],"picked":"Multi-Cast","floor":10.0},{"not_picked":["Cold Snap","Turbo"],"picked":"Stack","floor":12},{"not_picked":["All For One","Core Surge"],"picked":"Echo Form","floor":16},{"not_picked":["Go for the Eyes","Steam","White Noise"],"picked":"SKIP","floor":18},{"not_picked":["Barrage","Redo","Scrape"],"picked":"SKIP","floor":21},{"not_picked":["Stack","Darkness"],"picked":"Steam","floor":23},{"not_picked":["Coolheaded","Hologram"],"picked":"Self Repair","floor":27},{"not_picked":["Beam Cell","Stack"],"picked":"Amplify","floor":28},{"not_picked":["Barrage","Heatsinks+1"],"picked":"Turbo","floor":29},{"not_picked":["Mind Blast","Bandage Up"],"picked":"Trip","floor":30}],"player_experience":531258,"relics_obtained":[{"floor":5.0,"key":"Mercury Hourglass"},{"floor":6.0,"key":"Pear"},{"floor":8.0,"key":"Darkstone Periapt"},{"floor":9.0,"key":"Pocketwatch"},{"floor":12,"key":"Regal Pillow"},{"floor":23,"key":"Eternal Feather"},{"floor":26,"key":"Orichalcum"},{"floor":28,"key":"Bronze Scales"},{"floor":29,"key":"Red Mask"}],"event_choices":[{"damage_healed":0.0,"max_hp_gain":0.0,"max_hp_loss":0.0,"gold_gain":275.0,"event_name":"Golden Shrine","player_choice":"Desecrate","floor":2.0,"gold_loss":0.0,"damage_taken":0.0,"cards_obtained":["Regret"]},{"damage_healed":0,"gold_gain":1,"player_choice":"LEAVE","damage_taken":18,"max_hp_gain":0,"max_hp_loss":0,"event_name":"betterThird:BetterScrap","floor":13,"gold_loss":0,"cards_obtained":["Offering"]},{"damage_healed":0,"gold_gain":0,"player_choice":" Potion ","damage_taken":23,"relics_obtained":[],"max_hp_gain":33,"max_hp_loss":10,"event_name":"betterAltar:BetterAltar","floor":20,"potions_obtained":["betterAltar:AltarPotion"],"relics_lost":[],"gold_loss":0},{"damage_healed":0,"gold_gain":0,"player_choice":"Opened","damage_taken":0,"relics_obtained":["Turnip"],"max_hp_gain":0,"max_hp_loss":0,"event_name":"The Mausoleum","floor":22,"gold_loss":0,"cards_obtained":["Writhe"]},{"damage_healed":0,"gold_gain":0,"player_choice":"Became a vampire","damage_taken":0,"max_hp_gain":0,"max_hp_loss":27,"event_name":"Vampires","floor":24,"gold_loss":0,"cards_obtained":["Bite","Bite","Bite","Bite","Bite"]},{"damage_healed":0,"gold_gain":0,"player_choice":"Fought Bandits","damage_taken":0,"max_hp_gain":0,"max_hp_loss":0,"event_name":"Masked Bandits","floor":29,"gold_loss":0},{"damage_healed":0,"gold_gain":2,"player_choice":"1","damage_taken":0,"max_hp_gain":0,"max_hp_loss":0,"event_name":"betterStone:BetterStone","floor":30,"gold_loss":0}],"is_beta":false,"boss_relics":[{"not_picked":["Sozu","Runic Dome"],"picked":"SlaversCollar"}],"items_purged_floors":[14],"is_endless":false,"potions_floor_spawned":[1,6,7,10,12,21,27,28],"killed_by":"Gremlin Leader","ascension_level":16}}