{"host":"qxeepl7ydvsgmfdb","time":1612755393,"event":{"mods":["AchievementEnabler","BaseMod","Colored Powertips","Minty Spire (QoL Compilation)","Quick Restart","slay the spire mod where everything is the same but ironclad has a cowboy hat"],"gold_per_floor":[112,112,112,132,132,132,167,167,167,184,198,232,247,27,27,124,124,137,156,156,156,173,205,205,236,236,236,236,264,284,284,284,387,387,400,156,156,156,174,203,203,230,282,282,282,296,315,4,4,4],"floor_reached":51,"language":"ENG","playtime":1390,"items_purged":[],"score":1334,"play_id":"2154b5e9-8dc2-48ca-b43f-45bda52fdfca","local_time":"20210207223633","is_ascension_mode":true,"campfire_choices":[{"data":"Blade Dance","floor":6.0,"key":"SMITH"},{"data":"Distraction","floor":8.0,"key":"SMITH"},{"floor":15.0,"key":"REST"},{"floor":28.0,"key":"REST"},{"floor":32.0,"key":"REST"},{"floor":41.0,"key":"REST"},{"floor":49,"key":"REST"}],"circlet_count":0,"master_deck":["AscendersBane","Strike_G","Strike_G","Strike_G","Strike_G","Defend_G","Defend_G","Defend_G","Defend_G","Defend_G","Survivor","Neutralize","Blade Dance+1","Distraction+1","Dagger Spray","Finisher","Accuracy","Corpse Explosion","Blade Dance","Outmaneuver+1","Prepared+1","Venomology+1","Metamorphosis","Deadly Poison+1","Poisoned Stab"],"relics":["Ring of the Snake","NeowsBlessing","Ninja Scroll","Sundial","Mercury Hourglass","Art of War","InkBottle","Vajra","Bronze Scales","Black Star","Pear","Gremlin Horn","Darkstone Periapt","The Courier","Omamori","Bird Faced Urn","MutagenicStrength","TungstenRod","HornCleat","Busted Crown","Lantern","Pen Nib","Kunai","Toy Ornithopter","Juzu Bracelet","CaptainsWheel","War Paint","Ancient Tea Set","Anchor"],"acts_visited":["Exordium","TheCity","TheBeyond"],"potions_floor_usage":[46,47,47,47,50],"damage_taken":[{"damage":0.0,"enemies":"2 Louse","floor":1.0,"turns":1.0},{"damage":0.0,"enemies":"Jaw Worm","floor":4.0,"turns":1.0},{"damage":0.0,"enemies":"Lagavulin","floor":7.0,"turns":1.0},{"damage":0.0,"enemies":"Cultist","floor":10.0,"turns":2.0},{"damage":6.0,"enemies":"Red Slaver","floor":11.0,"turns":3.0},{"damage":8.0,"enemies":"Gremlin Nob","floor":12.0,"turns":3.0},{"damage":6.0,"enemies":"3 Louse","floor":13.0,"turns":2.0},{"damage":18.0,"enemies":"The Guardian","floor":16.0,"turns":10.0},{"damage":23.0,"enemies":"2 Thieves","floor":18.0,"turns":2.0},{"damage":10.0,"enemies":"Shell Parasite","floor":19.0,"turns":4.0},{"damage":22.0,"enemies":"Snecko","floor":22.0,"turns":4.0},{"damage":0.0,"enemies":"Book of Stabbing","floor":23.0,"turns":1.0},{"damage":32.0,"enemies":"Slavers","floor":25.0,"turns":3.0},{"damage":10.0,"enemies":"Gremlin Leader","floor":29.0,"turns":2.0},{"damage":13.0,"enemies":"Centurion and Healer","floor":30.0,"turns":2.0},{"damage":10.0,"enemies":"Collector","floor":33.0,"turns":6.0},{"damage":3.0,"enemies":"3 Darklings","floor":35.0,"turns":3.0},{"damage":0.0,"enemies":"3 Shapes","floor":39.0,"turns":1.0},{"damage":14.0,"enemies":"Nemesis","floor":40.0,"turns":3.0},{"damage":88.0,"enemies":"Giant Head","floor":42.0,"turns":8.0},{"damage":5,"enemies":"Sphere and 2 Shapes","floor":46,"turns":1},{"damage":16,"enemies":"Transient","floor":47,"turns":5},{"damage":11,"enemies":"Donu and Deca","floor":50,"turns":3}],"seed_played":"6460008653402278723","potions_obtained":[{"floor":1.0,"key":"Weak Potion"},{"floor":11.0,"key":"Energy Potion"},{"floor":13.0,"key":"EntropicBrew"},{"floor":25.0,"key":"PowerPotion"},{"floor":29.0,"key":"LiquidMemories"},{"floor":33.0,"key":"Regen Potion"},{"floor":42.0,"key":"Fire Potion"},{"floor":44.0,"key":"Dexterity Potion"},{"floor":46,"key":"Dexterity Potion"}],"is_trial":false,"path_per_floor":["M","?","?","M","T","R","E","R","T","M","M","E","M","$","R","B",null,"M","M","T","?","M","E","?","E","T","?","R","E","M","?","R","B",null,"M","$","?","$","M","E","R","E","T","?","?","M","M","$","R","B",null],"character_chosen":"THE_SILENT","items_purchased":["Bronze Scales","Accuracy","Lantern","Pen Nib","Ancient Tea Set","Anchor","AttackPotion","Poisoned Stab"],"campfire_rested":5,"item_purchase_floors":[14,14,36,36,48,48,48,48],"current_hp_per_floor":[63,56,56,56,56,56,56,56,56,56,50,42,36,36,57,39,62,39,29,39,39,17,17,43,11,11,11,35,29,16,16,40,32,68,67,67,67,67,67,55,79,14,14,14,14,16,17,17,41,37],"gold":4,"neow_bonus":"THREE_ENEMY_KILL","is_daily":false,"chose_seed":false,"campfire_upgraded":2,"win_rate":0.0,"timestamp":1612755393,"path_taken":["M","?","?","M","?","R","E","R","T","?","M","E","M","$","R","BOSS","M","M","?","?","?","E","?","E","T","?","R","E","M","?","R","BOSS","M","?","?","$","M","E","R","E","T","?","?","M","M","$","R","BOSS"],"items_purchased_type":["Relic","Card","Relic","Relic","Relic","Relic","Potion","Card"],"build_version":"2020-12-22","purchased_purges":0,"victory":true,"max_hp_per_floor":[70,70,70,70,70,70,70,70,70,70,70,70,70,70,70,70,70,70,70,80,80,80,80,80,80,80,80,80,80,80,80,80,80,80,80,80,80,80,80,80,80,80,80,80,80,80,80,80,80,80],"card_choices":[{"not_picked":["Riddle With Holes","Flying Knee","Outmaneuver"],"picked":"SKIP","floor":1.0},{"not_picked":["Deflect","Prepared"],"picked":"Blade Dance","floor":4.0},{"not_picked":["Backflip","Malaise"],"picked":"Distraction","floor":7.0},{"not_picked":["Underhanded Strike","Quick Slash"],"picked":"Dagger Spray","floor":10.0},{"not_picked":["Flying Knee","Slice"],"picked":"Finisher","floor":11.0},{"not_picked":["Dagger Spray","Prepared","Choke"],"picked":"SKIP","floor":12.0},{"not_picked":["Dagger Spray","Escape Plan","PiercingWail"],"picked":"SKIP","floor":13.0},{"not_picked":["Burst","Wraith Form v2"],"picked":"Corpse Explosion","floor":16.0},{"not_picked":["Choke","Setup"],"picked":"Blade Dance","floor":18.0},{"not_picked":["Dash","Acrobatics"],"picked":"Outmaneuver+1","floor":19.0},{"not_picked":["Blade Dance","Dagger Spray"],"picked":"Prepared","floor":22.0},{"not_picked":["Heel Hook","Escape Plan","Doppelganger"],"picked":"SKIP","floor":23.0},{"not_picked":["Flying Knee","Concentrate+1","Crippling Poison+1"],"picked":"SKIP","floor":25.0},{"not_picked":["Quick Slash","Dodge and Roll+1","Underhanded Strike"],"picked":"SKIP","floor":29.0},{"not_picked":["Sucker Punch+1","Outmaneuver","Acrobatics+1"],"picked":"SKIP","floor":30.0},{"not_picked":["Bullet Time","Night Terror"],"picked":"Venomology","floor":33.0},{"not_picked":["Quick Slash"],"picked":"SKIP","floor":35.0},{"not_picked":[],"picked":"Metamorphosis","floor":37.0},{"not_picked":["Sucker Punch+1"],"picked":"SKIP","floor":39.0},{"not_picked":[],"picked":"Deadly Poison+1","floor":40.0},{"not_picked":["Concentrate+1"],"picked":"SKIP","floor":42.0},{"not_picked":["Acrobatics+1"],"picked":"SKIP","floor":46},{"not_picked":["Setup"],"picked":"SKIP","floor":47}],"player_experience":183535,"relics_obtained":[{"floor":5.0,"key":"Mercury Hourglass"},{"floor":7.0,"key":"Art of War"},{"floor":9.0,"key":"InkBottle"},{"floor":12.0,"key":"Vajra"},{"floor":20.0,"key":"Pear"},{"floor":23.0,"key":"Gremlin Horn"},{"floor":23.0,"key":"Darkstone Periapt"},{"floor":25.0,"key":"The Courier"},{"floor":25.0,"key":"Omamori"},{"floor":26.0,"key":"Bird Faced Urn"},{"floor":29.0,"key":"TungstenRod"},{"floor":29.0,"key":"HornCleat"},{"floor":40.0,"key":"Kunai"},{"floor":40.0,"key":"Toy Ornithopter"},{"floor":42.0,"key":"Juzu Bracelet"},{"floor":42.0,"key":"CaptainsWheel"},{"floor":43.0,"key":"War Paint"}],"event_choices":[{"damage_healed":0.0,"max_hp_gain":0.0,"max_hp_loss":0.0,"gold_gain":0.0,"event_name":"Scrap Ooze","player_choice":"Success","floor":2.0,"gold_loss":0.0,"damage_taken":7.0,"relics_obtained":["Ninja Scroll"]},{"damage_healed":0.0,"max_hp_gain":0.0,"max_hp_loss":0.0,"gold_gain":0.0,"event_name":"Big Fish","player_choice":"Box","floor":3.0,"gold_loss":0.0,"damage_taken":0.0,"relics_obtained":["Sundial"],"cards_obtained":["Regret"]},{"damage_healed":0.0,"max_hp_gain":0.0,"max_hp_loss":0.0,"gold_gain":0.0,"event_name":"Vampires","player_choice":"Ignored","floor":21.0,"gold_loss":0.0,"damage_taken":0.0},{"damage_healed":26.0,"max_hp_gain":0.0,"max_hp_loss":0.0,"gold_gain":0.0,"event_name":"The Library","player_choice":"Heal","floor":24.0,"gold_loss":0.0,"damage_taken":0.0},{"damage_healed":0.0,"max_hp_gain":0.0,"max_hp_loss":0.0,"gold_gain":0.0,"event_name":"Drug Dealer","player_choice":"Inject Mutagens","floor":27.0,"gold_loss":0.0,"damage_taken":0.0,"relics_obtained":["MutagenicStrength"]},{"cards_removed":["Regret"],"damage_healed":0.0,"max_hp_gain":0.0,"max_hp_loss":0.0,"gold_gain":0.0,"event_name":"Wheel of Change","player_choice":"Card Removal","floor":31.0,"gold_loss":0.0,"damage_taken":0.0},{"damage_healed":0.0,"max_hp_gain":0.0,"max_hp_loss":0.0,"gold_gain":0.0,"event_name":"SensoryStone","player_choice":"Memory 1","floor":37.0,"gold_loss":0.0,"damage_taken":0.0},{"damage_healed":0.0,"max_hp_gain":0.0,"max_hp_loss":0.0,"gold_gain":0.0,"event_name":"Lab","player_choice":"Got Potions","floor":44.0,"gold_loss":0.0,"damage_taken":0.0},{"cards_removed":["Strike_G"],"damage_healed":0.0,"max_hp_gain":0.0,"max_hp_loss":0.0,"gold_gain":0.0,"event_name":"Purifier","player_choice":"Purged","floor":45.0,"gold_loss":0.0,"damage_taken":0.0}],"is_beta":false,"boss_relics":[{"not_picked":["Pandora\u0027s Box","Runic Dome"],"picked":"Black Star"},{"not_picked":["Cursed Key","Ring of the Serpent"],"picked":"Busted Crown"}],"items_purged_floors":[],"is_endless":false,"potions_floor_spawned":[1,11,13,22,25,29,33,35,42,46],"ascension_level":11}}