{"host":"q0qnzbgdx8oqogg9","time":1612812531,"event":{"mods":["BaseMod","Minty Spire (QoL Compilation)","StSLib"],"gold_per_floor":[110,110,110,110,125,160,175,175,175,175,210,228,228,241,241,342,342,359,33,46,46,59,91,91,119,142,142,153,153,153,153],"floor_reached":30,"language":"ENG","playtime":884,"items_purged":["Strike_B"],"score":485,"play_id":"72034353-8905-4a3a-a15c-ea978f780ec4","local_time":"20210208142851","is_ascension_mode":true,"campfire_choices":[{"data":"Dualcast","floor":8.0,"key":"SMITH"},{"data":"FTL","floor":10.0,"key":"SMITH"},{"floor":13.0,"key":"REST"},{"floor":15.0,"key":"REST"},{"floor":24.0,"key":"REST"},{"floor":29,"key":"REST"}],"circlet_count":0,"master_deck":["AscendersBane","Strike_B","Strike_B+1","Strike_B","Defend_B","Defend_B","Defend_B","Defend_B+1","Zap+1","Dualcast+1","Gash","FTL+1","Gash","Melter","Steam Power","Gash","Cold Snap","Echo Form","Self Repair","Leap+1","Hologram+1"],"relics":["Cracked Core","NeowsBlessing","Ancient Tea Set","Potion Belt","Question Card","Ornamental Fan","Philosopher\u0027s Stone","Kunai","Singing Bowl","War Paint","Akabeko","MutagenicStrength"],"acts_visited":["Exordium","TheCity"],"potions_floor_usage":[25],"damage_taken":[{"damage":0.0,"enemies":"2 Louse","floor":1.0,"turns":1.0},{"damage":0.0,"enemies":"Jaw Worm","floor":5.0,"turns":1.0},{"damage":0.0,"enemies":"3 Sentries","floor":6.0,"turns":1.0},{"damage":0.0,"enemies":"Small Slimes","floor":7.0,"turns":2.0},{"damage":30.0,"enemies":"Lagavulin","floor":11.0,"turns":6.0},{"damage":1.0,"enemies":"Exordium Wildlife","floor":12.0,"turns":4.0},{"damage":0.0,"enemies":"Looter","floor":14.0,"turns":2.0},{"damage":52.0,"enemies":"The Guardian","floor":16.0,"turns":13.0},{"damage":0.0,"enemies":"Spheric Guardian","floor":18.0,"turns":1.0},{"damage":22.0,"enemies":"Shell Parasite","floor":20.0,"turns":3.0},{"damage":13.0,"enemies":"Snecko","floor":22.0,"turns":5.0},{"damage":24.0,"enemies":"Book of Stabbing","floor":23.0,"turns":6.0},{"damage":32,"enemies":"Slavers","floor":25,"turns":5},{"damage":9,"enemies":"3 Cultists","floor":28,"turns":6},{"damage":38,"enemies":"Colosseum Slavers","floor":30,"turns":5},{"damage":30,"enemies":"Colosseum Nobs","floor":30,"turns":3}],"seed_played":"6642132108230573902","potions_obtained":[{"floor":5.0,"key":"Energy Potion"},{"floor":7.0,"key":"PowerPotion"},{"floor":14.0,"key":"SkillPotion"},{"floor":23.0,"key":"Strength Potion"}],"is_trial":false,"path_per_floor":["M","?","?","?","M","E","M","R","T","R","E","M","R","M","R","B",null,"M","$","M","$","M","E","R","E","T","?","M","R","?"],"character_chosen":"DEFECT","items_purchased":["Kunai"],"campfire_rested":4,"item_purchase_floors":[19],"current_hp_per_floor":[68,68,61,46,46,46,46,46,46,46,16,15,37,37,59,7,58,58,58,36,36,30,15,38,22,22,22,20,43,0,0],"gold":153,"neow_bonus":"THREE_ENEMY_KILL","is_daily":false,"chose_seed":false,"campfire_upgraded":2,"win_rate":0.0,"timestamp":1612812531,"path_taken":["M","?","?","?","M","E","M","R","T","R","E","M","R","?","R","BOSS","M","$","M","$","M","E","R","E","T","?","M","R","?"],"items_purchased_type":["Relic"],"build_version":"2020-12-22","purchased_purges":1,"victory":false,"max_hp_per_floor":[75,75,75,75,75,75,75,75,75,75,75,75,75,75,75,75,75,75,75,75,75,75,77,77,79,79,79,79,79,79,79],"card_choices":[{"not_picked":["Cold Snap","Redo"],"picked":"Gash","floor":1.0},{"not_picked":["Heatsinks","Compile Driver"],"picked":"FTL","floor":5.0},{"not_picked":["Compile Driver","Barrage"],"picked":"Gash","floor":6.0},{"not_picked":["Ball Lightning","Leap"],"picked":"Melter","floor":7.0},{"not_picked":["Stack","Glacier","Reprogram"],"picked":"Steam Power","floor":11.0},{"not_picked":["Chaos","Heatsinks","Redo"],"picked":"Gash","floor":12.0},{"not_picked":["Blizzard","Consume","Stack"],"picked":"Cold Snap","floor":14.0},{"not_picked":["Amplify","Creative AI","Buffer"],"picked":"Echo Form","floor":16.0},{"not_picked":["Cold Snap","Melter","Consume","Turbo"],"picked":"SKIP","floor":18.0},{"not_picked":["Go for the Eyes","Compile Driver","Glacier"],"picked":"Self Repair","floor":20.0},{"not_picked":["Compile Driver","Storm+1","Conserve Battery+1"],"picked":"Leap","floor":22.0},{"not_picked":["Machine Learning","Reprogram","Consume","BootSequence"],"picked":"Singing Bowl","floor":23.0},{"not_picked":["Barrage+1","Gash","Hyperbeam","Conserve Battery+1"],"picked":"Singing Bowl","floor":25},{"not_picked":["Steam","Beam Cell","Rebound"],"picked":"Hologram+1","floor":28}],"player_experience":344416,"relics_obtained":[{"floor":6.0,"key":"Potion Belt"},{"floor":9.0,"key":"Question Card"},{"floor":11.0,"key":"Ornamental Fan"},{"floor":23.0,"key":"Singing Bowl"},{"floor":25,"key":"War Paint"},{"floor":26,"key":"Akabeko"}],"event_choices":[{"damage_healed":0.0,"max_hp_gain":0.0,"max_hp_loss":0.0,"gold_gain":0.0,"event_name":"Liars Game","player_choice":"Ignored","floor":2.0,"gold_loss":0.0,"damage_taken":0.0},{"damage_healed":0.0,"max_hp_gain":0.0,"max_hp_loss":0.0,"gold_gain":0.0,"event_name":"Scrap Ooze","player_choice":"Success","floor":3.0,"gold_loss":0.0,"damage_taken":7.0,"relics_obtained":["Ancient Tea Set"]},{"damage_healed":0.0,"max_hp_gain":0.0,"max_hp_loss":0.0,"gold_gain":0.0,"event_name":"Shining Light","player_choice":"Entered Light","floor":4.0,"gold_loss":0.0,"damage_taken":15.0,"cards_upgraded":["Strike_B","Zap"]},{"damage_healed":0,"gold_gain":0,"player_choice":"Inject Mutagens","damage_taken":0,"relics_obtained":["MutagenicStrength"],"max_hp_gain":0,"max_hp_loss":0,"event_name":"Drug Dealer","floor":27,"gold_loss":0},{"damage_healed":0,"gold_gain":0,"player_choice":"Fight","damage_taken":0,"max_hp_gain":0,"max_hp_loss":0,"event_name":"Colosseum","floor":30,"gold_loss":0},{"damage_healed":0,"gold_gain":0,"player_choice":"Fought Nobs","damage_taken":0,"max_hp_gain":0,"max_hp_loss":0,"event_name":"Colosseum","floor":30,"gold_loss":0}],"is_beta":false,"boss_relics":[{"not_picked":["SlaversCollar","Astrolabe"],"picked":"Philosopher\u0027s Stone"}],"items_purged_floors":[19],"is_endless":false,"potions_floor_spawned":[5,7,14,23,30],"killed_by":"Colosseum Nobs","ascension_level":12}}