{"host":"zjnmjbs15rdpqnz9","time":1612809741,"event":{"mods":["BaseMod","Downfall","Minty Spire (QoL Compilation)","StSLib"],"gold_per_floor":[99,114,114,139,159,186,186,186,186,214,231,64,82,109,121,220,220,220,235,120,120,132,132,182,200,212,223,242,277,277,352,375,480,480,480,121,137,149,149,179,273,298,298,86,106,106,106,41,62,62],"floor_reached":51,"language":"ENG","playtime":4148,"items_purged":["downfall:Aged","Clumsy","Shame","Shame"],"score":797,"play_id":"008c8a62-3364-48fb-917b-6768969fc056","local_time":"20210208114221","is_ascension_mode":false,"campfire_choices":[{"data":"champ:Execute","floor":1.0,"key":"SMITH"},{"data":"champ:Taunt","floor":18.0,"key":"SMITH"},{"floor":30.0,"key":"REST"},{"data":"champ:ArenaPreparation","floor":35,"key":"SMITH"},{"data":"champ:StrikeOfGenius","floor":43,"key":"SMITH"},{"data":"expansioncontent:QuickStudy","floor":47,"key":"SMITH"}],"circlet_count":0,"master_deck":["champ:Execute+1","champ:Taunt+1","champ:DefensiveShout","downfall:Bewildered","champ:VampiricStrike","champ:MurderStrike","champ:HoldFirm","champ:SteelEdge","champ:ArenaPreparation+1","champ:FocusedBerserking","champ:Haymaker","champ:StanceDance","champ:HeavySlash+1","champ:VampiricStrike","champ:ArenaPreparation+1","champ:SkillfulDodge","champ:FanOfKnives","champ:IgnorePain+1","champ:HeartStrike","champ:SetATrap","champ:RecklessLeap","champ:IronFortress+1","Shame","champ:FaceSlap","champ:RapidStrikes+1","champ:BringItOn+1","champ:VampiricStrike","champ:Lariat+1","champ:StrikeOfGenius+1","Parasite","Parasite","expansioncontent:Chronoboost","expansioncontent:QuickStudy+1","champ:CalledShot","champ:StanceDance+1"],"relics":["champ:ChampionCrownUpgraded","downfall:ExtraCursedKey","Blood Vial","Pen Nib","Bird Faced Urn","Pantograph","Pandora\u0027s Box","Bronze Scales","CeramicFish","OrangePellets","White Beast Statue","Bottled Tornado","Happy Flower","Chemical X"],"acts_visited":["Exordium","TheCity","TheBeyond"],"potions_floor_usage":[33,42,50],"damage_taken":[{"damage":12.0,"enemies":"Small Slimes","floor":2.0,"turns":3.0},{"damage":21.0,"enemies":"Jaw Worm","floor":5.0,"turns":3.0},{"damage":52.0,"enemies":"Lagavulin","floor":6.0,"turns":7.0},{"damage":36.0,"enemies":"Gremlin Nob","floor":10.0,"turns":4.0},{"damage":2.0,"enemies":"2 Louse","floor":11.0,"turns":2.0},{"damage":10.0,"enemies":"downfall:FleeingMerchant","floor":12.0,"turns":4.0},{"damage":34.0,"enemies":"Red Slaver","floor":13.0,"turns":5.0},{"damage":21.0,"enemies":"Lagavulin","floor":14.0,"turns":5.0},{"damage":15.0,"enemies":"2 Fungi Beasts","floor":15.0,"turns":3.0},{"damage":55.0,"enemies":"WA_ARCHETYPE_RETAIN","floor":16.0,"turns":7.0},{"damage":45.0,"enemies":"Spheric Guardian","floor":19.0,"turns":4.0},{"damage":65.0,"enemies":"downfall:FleeingMerchant","floor":20.0,"turns":4.0},{"damage":30.0,"enemies":"Sentry and Sphere","floor":22.0,"turns":3.0},{"damage":29.0,"enemies":"3 Cultists","floor":25.0,"turns":6.0},{"damage":32.0,"enemies":"Cultist and Chosen","floor":26.0,"turns":4.0},{"damage":42.0,"enemies":"Shelled Parasite and Fungi","floor":27.0,"turns":3.0},{"damage":46.0,"enemies":"Snecko","floor":28.0,"turns":2.0},{"damage":56.0,"enemies":"Slavers","floor":29.0,"turns":4.0},{"damage":29.0,"enemies":"Centurion and Healer","floor":32.0,"turns":4.0},{"damage":65,"enemies":"SI_MIRROR_ARCHETYPE","floor":33,"turns":7},{"damage":35,"enemies":"downfall:FleeingMerchant","floor":36,"turns":4},{"damage":15,"enemies":"Orb Walker","floor":37,"turns":3},{"damage":54,"enemies":"3 Darklings","floor":38,"turns":7},{"damage":78,"enemies":"Giant Head","floor":40,"turns":8},{"damage":73,"enemies":"Reptomancer","floor":42,"turns":5},{"damage":15,"enemies":"downfall:FleeingMerchant","floor":44,"turns":3},{"damage":11,"enemies":"Writhing Mass","floor":45,"turns":4},{"damage":35,"enemies":"4 Shapes","floor":49,"turns":6},{"damage":109,"enemies":"IC_BLOCK_ARCHETYPE","floor":50,"turns":4}],"seed_played":"-3968381651554425130","potions_obtained":[{"floor":5.0,"key":"Swift Potion"},{"floor":13.0,"key":"PowerPotion"},{"floor":14.0,"key":"LiquidBronze"},{"floor":15.0,"key":"Slimebound:ThreeZeroPotion"},{"floor":29.0,"key":"Fire Potion"},{"floor":31.0,"key":"downfall:CursedFountainPotion"},{"floor":33,"key":"Energy Potion"},{"floor":42,"key":"LiquidMemories"},{"floor":49,"key":"LiquidMemories"}],"is_trial":false,"path_per_floor":["R","M","?","T","M","E","T","?","T","E","M","$","M","E","M","B",null,"R","M","$","?","M","?","T","M","M","M","M","E","R","?","M","B",null,"R","$","M","M","?","E","T","E","R","$","M","$","R","$","M","B",null],"character_chosen":"THE_CHAMP","items_purchased":["champ:ArenaPreparation","OrangePellets","champ:StrikeOfGenius","expansioncontent:Chronoboost","Chemical X","expansioncontent:QuickStudy","champ:CalledShot"],"campfire_rested":1,"item_purchase_floors":[12,36,36,44,44,44,48],"current_hp_per_floor":[99,97,97,97,93,63,63,63,63,39,39,41,29,32,34,61,99,99,79,66,66,68,68,68,63,60,45,47,35,64,99,99,91,99,99,99,99,75,99,48,48,32,32,38,35,35,35,35,63,60],"gold":62,"neow_bonus":"TEN_PERCENT_HP_BONUS","is_daily":false,"chose_seed":false,"campfire_upgraded":5,"win_rate":0.0,"timestamp":1612809741,"path_taken":["R","M","?","?","M","E","T","?","?","E","M","$","M","E","M","BOSS","R","M","$","?","?","?","T","M","M","?","M","E","R","?","M","BOSS","R","$","M","?","?","E","T","E","R","$","?","?","R","$","M","BOSS"],"items_purchased_type":["Card","Relic","Card","Card","Relic","Card","Card"],"build_version":"2020-12-22","purchased_purges":4,"victory":true,"max_hp_per_floor":[99,99,99,99,99,99,99,99,99,99,99,99,99,99,99,99,99,99,99,99,99,99,99,99,99,99,99,99,99,99,99,99,99,99,99,99,99,99,99,99,99,99,99,99,99,99,99,99,99,99],"card_choices":[{"not_picked":["champ:AdrenalArmor","champ:HeartStrike"],"picked":"champ:DefensiveShout","floor":2.0},{"not_picked":["champ:ShieldSlam","champ:Parry","champ:Haymaker"],"picked":"SKIP","floor":5.0},{"not_picked":["champ:TornadoPunch","champ:FocusedBerserking"],"picked":"champ:MurderStrike","floor":6.0},{"not_picked":["champ:Devastate","champ:BerserkersShout"],"picked":"champ:HoldFirm","floor":10.0},{"not_picked":["champ:BladeFlurry","champ:Backstep","champ:PreciseThrust"],"picked":"SKIP","floor":11.0},{"not_picked":["champ:CalledShot","champ:CrownThrow"],"picked":"champ:SteelEdge","floor":12.0},{"not_picked":["champ:Backstep","champ:DefensiveShout"],"picked":"champ:FocusedBerserking","floor":13.0},{"not_picked":["champ:EnGarde","champ:Shatter"],"picked":"champ:Haymaker","floor":14.0},{"not_picked":["champ:BladeFlurry","champ:EnragedBash"],"picked":"champ:StanceDance","floor":15.0},{"not_picked":["champ:TripleStrike","champ:IgnorePain"],"picked":"champ:HeavySlash","floor":16.0},{"not_picked":["champ:Endure","champ:PerfectedStrike+1","champ:EnragedBash+1"],"picked":"SKIP","floor":19.0},{"not_picked":["champ:Endure","champ:EndlessRage","champ:FanOfKnives"],"picked":"SKIP","floor":20.0},{"not_picked":["champ:Backstep","champ:Endure+1"],"picked":"champ:IronFortress+1","floor":22.0},{"not_picked":["champ:SetATrap+1","champ:GutPunch","champ:GladiatorStyle+1"],"picked":"SKIP","floor":25.0},{"not_picked":["champ:BerserkersShout","champ:IronFortress+1","champ:CrookedStrike"],"picked":"SKIP","floor":26.0},{"not_picked":["champ:BerserkersShout","champ:BringItOn"],"picked":"champ:FaceSlap","floor":27.0},{"not_picked":["champ:FanOfKnives","champ:Parry+1","champ:IronFortress+1"],"picked":"SKIP","floor":28.0},{"not_picked":["champ:BringItOn+1","champ:FaceSlap+1"],"picked":"champ:RapidStrikes+1","floor":29.0},{"not_picked":["champ:CrownThrow","champ:FanOfKnives+1"],"picked":"champ:BringItOn+1","floor":32.0},{"not_picked":["champ:HoldFirm","champ:MurderStrike"],"picked":"champ:VampiricStrike","floor":33},{"not_picked":["champ:BringItOn+1","champ:GutPunch"],"picked":"champ:Lariat+1","floor":36},{"not_picked":["champ:GutPunch","champ:EnragedBash","champ:BladeFlurry+1"],"picked":"SKIP","floor":37},{"not_picked":["champ:RecklessLeap","champ:PerfectedStrike","champ:FocusedBerserking+1"],"picked":"SKIP","floor":38},{"not_picked":["champ:BringItOn","champ:StanceDance","champ:Parry+1"],"picked":"SKIP","floor":40},{"not_picked":["champ:VampiricStrike","champ:CalledShot","champ:PerfectedStrike"],"picked":"SKIP","floor":42},{"not_picked":["champ:CrownThrow+1","champ:AdrenalArmor","champ:FaceSlap"],"picked":"SKIP","floor":44},{"not_picked":["champ:Shatter","champ:GladiatorStyle+1","champ:Backstep+1"],"picked":"SKIP","floor":45},{"not_picked":["champ:SetATrap+1","champ:BladeFlurry+1"],"picked":"champ:StanceDance+1","floor":49}],"player_experience":886616,"relics_obtained":[{"floor":4.0,"key":"Blood Vial"},{"floor":6.0,"key":"Pen Nib"},{"floor":10.0,"key":"Bird Faced Urn"},{"floor":14.0,"key":"Pantograph"},{"floor":24.0,"key":"Bronze Scales"},{"floor":29.0,"key":"CeramicFish"},{"floor":40,"key":"White Beast Statue"},{"floor":41,"key":"Bottled Tornado"},{"floor":42,"key":"Happy Flower"}],"event_choices":[{"damage_healed":0.0,"max_hp_gain":0.0,"max_hp_loss":0.0,"gold_gain":0.0,"event_name":"Accursed Blacksmith","player_choice":"Forge","floor":23.0,"gold_loss":0.0,"damage_taken":0.0,"cards_upgraded":["champ:ArenaPreparation"]},{"damage_healed":24,"gold_gain":0,"player_choice":"Full Heal","damage_taken":0,"max_hp_gain":0,"max_hp_loss":0,"event_name":"Wheel of Change","floor":39,"gold_loss":0}],"is_beta":false,"boss_relics":[{"not_picked":["Philosopher\u0027s Stone","Fusion Hammer"],"picked":"Pandora\u0027s Box"},{"not_picked":["Runic Dome","Black Star"],"picked":"champ:ChampionCrownUpgraded"}],"items_purged_floors":[12,20,36,44],"is_endless":false,"potions_floor_spawned":[5,13,14,15,22,26,28,29,33,42,44,45,49],"ascension_level":0}}