{"host":"5raohst9sk3kvp5v","time":1612764556,"event":{"mods":["BaseMod","Colored Powertips","Highlight Path","Minty Spire (QoL Compilation)","Quick Restart","Relic Stats","StSLib"],"gold_per_floor":[117,117,134,152,77,111,11,86,157,157,168,178,178,198,198,198,198],"floor_reached":16,"language":"ENG","playtime":3228,"items_purged":["Strike_R","Strike_R"],"score":199,"play_id":"d8bb74e6-ffda-40a4-a2b7-6f58b8e8cba6","local_time":"20210208000916","is_ascension_mode":true,"campfire_choices":[{"data":"Dark Embrace","floor":10,"key":"SMITH"},{"floor":15,"key":"REST"}],"circlet_count":0,"master_deck":["AscendersBane","Strike_R","Strike_R+1","Strike_R","Defend_R+1","Defend_R","Defend_R","Defend_R","Bash","Infernal Blade","Cleave","Dark Embrace+1","Corruption","Pommel Strike","True Grit"],"relics":["Burning Blood","NeowsBlessing","Vajra","Mummified Hand","Golden Idol"],"acts_visited":["Exordium"],"potions_floor_usage":[11],"damage_taken":[{"damage":0,"enemies":"Jaw Worm","floor":1,"turns":1},{"damage":0,"enemies":"2 Louse","floor":3,"turns":1},{"damage":0,"enemies":"Cultist","floor":4,"turns":1},{"damage":42,"enemies":"3 Sentries","floor":6,"turns":10},{"damage":13,"enemies":"Exordium Thugs","floor":11,"turns":6},{"damage":6,"enemies":"Looter","floor":12,"turns":2},{"damage":8,"enemies":"Lots of Slimes","floor":14,"turns":3},{"damage":18,"enemies":"Hexaghost","floor":16,"turns":7}],"seed_played":"7119780623372495130","potions_obtained":[{"floor":4,"key":"Weak Potion"},{"floor":6,"key":"Ancient Potion"},{"floor":11,"key":"ElixirPotion"}],"is_trial":false,"path_per_floor":["M","?","M","M","$","E","$","?","T","R","M","M","?","M","R","B"],"character_chosen":"IRONCLAD","items_purchased":[],"campfire_rested":1,"item_purchase_floors":[],"current_hp_per_floor":[74,51,57,63,63,27,27,16,16,16,9,9,9,7,27,9,9],"gold":198,"neow_bonus":"THREE_ENEMY_KILL","is_daily":false,"chose_seed":false,"campfire_upgraded":1,"win_rate":0.0,"timestamp":1612764556,"path_taken":["M","?","M","M","$","E","$","?","T","R","M","?","?","M","R","BOSS"],"items_purchased_type":[],"build_version":"2020-12-22","purchased_purges":2,"victory":false,"max_hp_per_floor":[75,75,75,75,75,75,75,75,75,75,75,75,68,68,68,68,68],"relic_stats":{"counters":[8,31],"Mummified Hand":[10],"Golden Idol":4,"obtain_stats":[{"NeowsBlessing":0,"Mummified Hand":9,"Golden Idol":13,"Vajra":6,"Burning Blood":0},{"NeowsBlessing":0,"Mummified Hand":4,"Golden Idol":6,"Vajra":4,"Burning Blood":0},{"NeowsBlessing":0,"Mummified Hand":13,"Golden Idol":21,"Vajra":13,"Burning Blood":0}],"Burning Blood":42},"card_choices":[{"not_picked":["Havoc","Armaments"],"picked":"Infernal Blade","floor":1},{"not_picked":["Havoc","Anger"],"picked":"Cleave","floor":3},{"not_picked":["Perfected Strike","Thunderclap"],"picked":"Dark Embrace","floor":4},{"not_picked":["Iron Wave","Cleave","Anger"],"picked":"SKIP","floor":6},{"not_picked":["Flame Barrier","Carnage"],"picked":"Corruption","floor":11},{"not_picked":["Reckless Charge","Sever Soul"],"picked":"Pommel Strike","floor":12},{"not_picked":["Warcry","Havoc"],"picked":"True Grit","floor":14}],"player_experience":1722986,"relics_obtained":[{"floor":6,"key":"Vajra"},{"floor":9,"key":"Mummified Hand"}],"event_choices":[{"damage_healed":0,"gold_gain":0,"player_choice":"Entered Light","damage_taken":23,"max_hp_gain":0,"max_hp_loss":0,"event_name":"Shining Light","floor":2,"gold_loss":0,"cards_upgraded":["Strike_R","Defend_R"]},{"damage_healed":0,"gold_gain":75,"player_choice":"Gather Gold","damage_taken":11,"max_hp_gain":0,"max_hp_loss":0,"event_name":"World of Goop","floor":8,"gold_loss":0},{"damage_healed":0,"gold_gain":0,"player_choice":"Lose Max HP","damage_taken":0,"relics_obtained":["Golden Idol"],"max_hp_gain":0,"max_hp_loss":7,"event_name":"Golden Idol","floor":13,"gold_loss":0}],"is_beta":false,"boss_relics":[],"items_purged_floors":[5,7],"is_endless":false,"potions_floor_spawned":[4,6,11],"killed_by":"Hexaghost","ascension_level":19}}