{"host":"x8sop9v6zw8yitbt","time":1612760160,"event":{"mods":["BaseMod","Best Route Mod","Block Reminder","Challenge The Spire","Colored Powertips","Custom Start","Dark Map","DeckTracker","Minty Spire (QoL Compilation)","Permanent Neow","Quick Restart","Rare Cards Sparkle","Reliquary","Spicy Shops","Spikes Relics","StSLib","Virulent Crown"],"gold_per_floor":[114,114,64,81,156,183,194,194,194,194,206,206,226,252,252,356,356,370,570,580,505,521,521,540,540,564,564,564,564],"floor_reached":28,"language":"ENG","playtime":502,"items_purged":[],"score":253,"play_id":"ca3b5503-b71e-45d9-b228-cb461d7b579a","local_time":"20210207235600","is_ascension_mode":false,"campfire_choices":[{"data":"Neutralize","floor":8,"key":"SMITH"},{"data":"Deadly Poison","floor":10,"key":"SMITH"},{"data":"Bouncing Flask","floor":15,"key":"SMITH"},{"data":"Blur","floor":23,"key":"SMITH"},{"data":"Backstab","floor":25,"key":"SMITH"},{"data":"Defend_G","floor":27,"key":"SMITH"}],"circlet_count":0,"master_deck":["Strike_G","Strike_G","Strike_G","Defend_G","Defend_G","Defend_G","Defend_G+1","Survivor","Neutralize+1","Backstab+1","Deadly Poison+1","Bouncing Flask+1","Blur+1","Pain"],"relics":["Ring of the Snake","NeowsBlessing","Mercury Hourglass","Anchor","Ninja Scroll","Mummified Hand","Cursed Key","Art of War"],"acts_visited":["Exordium","TheCity"],"potions_floor_usage":[24,28],"damage_taken":[{"damage":0,"enemies":"Small Slimes","floor":1,"turns":1},{"damage":0,"enemies":"2 Louse","floor":4,"turns":1},{"damage":0,"enemies":"Lagavulin","floor":6,"turns":1},{"damage":0,"enemies":"Cultist","floor":7,"turns":2},{"damage":0,"enemies":"Exordium Wildlife","floor":11,"turns":3},{"damage":0,"enemies":"Blue Slaver","floor":13,"turns":2},{"damage":5,"enemies":"3 Sentries","floor":14,"turns":7},{"damage":8,"enemies":"Hexaghost","floor":16,"turns":8},{"damage":2,"enemies":"2 Thieves","floor":18,"turns":4},{"damage":0,"enemies":"Chosen","floor":20,"turns":3},{"damage":6,"enemies":"Snecko","floor":22,"turns":4},{"damage":0,"enemies":"Cultist and Chosen","floor":24,"turns":4},{"damage":3,"enemies":"Slavers","floor":28,"turns":3}],"seed_played":"6237138804691134723","potions_obtained":[{"floor":1,"key":"DuplicationPotion"},{"floor":6,"key":"Fire Potion"},{"floor":11,"key":"Poison Potion"},{"floor":24,"key":"Weak Potion"}],"is_trial":false,"path_per_floor":["M","?","?","M","?","E","M","R","T","R","M","T","M","E","R","B",null,"M","?","M","?","M","R","M","R","T","R","E"],"character_chosen":"THE_SILENT","items_purchased":[],"campfire_rested":0,"item_purchase_floors":[],"current_hp_per_floor":[70,70,70,70,59,59,59,59,59,59,59,59,59,54,54,46,70,68,68,68,68,62,62,62,62,62,62,59,59],"gold":564,"neow_bonus":"THREE_ENEMY_KILL","is_daily":false,"chose_seed":false,"campfire_upgraded":6,"win_rate":0.0,"timestamp":1612760160,"path_taken":["M","?","?","M","?","E","M","R","T","R","M","?","M","E","R","BOSS","M","?","?","?","M","R","M","R","T","R","E"],"items_purchased_type":[],"build_version":"2020-12-22","purchased_purges":0,"victory":false,"max_hp_per_floor":[70,70,70,70,70,70,70,70,70,70,70,70,70,70,70,70,70,70,70,70,70,70,70,70,70,70,70,70,70],"card_choices":[{"not_picked":["Finisher","Acrobatics","Sucker Punch"],"picked":"SKIP","floor":1},{"not_picked":["Heel Hook","Prepared","Bane"],"picked":"SKIP","floor":4},{"not_picked":["Dodge and Roll","ShadowRift"],"picked":"Backstab","floor":6},{"not_picked":["Cloak And Dagger","Sucker Punch"],"picked":"Deadly Poison","floor":7},{"not_picked":["Setup","Riddle With Holes"],"picked":"Bouncing Flask","floor":11},{"not_picked":["Dagger Spray","Tactician","Riddle With Holes"],"picked":"SKIP","floor":13},{"not_picked":["Deflect","Skewer","Poisoned Stab"],"picked":"SKIP","floor":14},{"not_picked":["Bane","Backflip","Flying Knee+1"],"picked":"SKIP","floor":18},{"not_picked":["Underhanded Strike","Sucker Punch","Prepared+1"],"picked":"SKIP","floor":20},{"not_picked":["Endless Agony+1","Slice"],"picked":"Blur","floor":22},{"not_picked":["Flying Knee+1","Underhanded Strike","Outmaneuver"],"picked":"SKIP","floor":24}],"player_experience":900417,"relics_obtained":[{"floor":6,"key":"Mercury Hourglass"},{"floor":9,"key":"Anchor"},{"floor":12,"key":"Ninja Scroll"},{"floor":14,"key":"Mummified Hand"},{"floor":26,"key":"Art of War"}],"event_choices":[{"cards_removed":["Strike_G"],"damage_healed":0,"gold_gain":0,"player_choice":"Forget","damage_taken":0,"max_hp_gain":0,"max_hp_loss":0,"event_name":"Living Wall","floor":2,"gold_loss":0},{"cards_removed":["Defend_G"],"damage_healed":0,"gold_gain":0,"player_choice":"Card Removal","damage_taken":0,"max_hp_gain":0,"max_hp_loss":0,"event_name":"The Cleric","floor":3,"gold_loss":50},{"damage_healed":0,"gold_gain":75,"player_choice":"Gather Gold","damage_taken":11,"max_hp_gain":0,"max_hp_loss":0,"event_name":"World of Goop","floor":5,"gold_loss":0},{"damage_healed":0,"gold_gain":250,"player_choice":"Bet on Owner","damage_taken":0,"max_hp_gain":0,"max_hp_loss":0,"event_name":"The Joust","floor":19,"gold_loss":50},{"cards_removed":["Strike_G"],"damage_healed":0,"gold_gain":0,"player_choice":"Gave Gold","damage_taken":0,"max_hp_gain":0,"max_hp_loss":0,"event_name":"Beggar","floor":21,"gold_loss":75}],"is_beta":false,"boss_relics":[{"not_picked":["Sandwich","Pandora\u0027s Box"],"picked":"Cursed Key"}],"items_purged_floors":[],"is_endless":false,"potions_floor_spawned":[1,6,11,16,22,24],"killed_by":"Slavers","ascension_level":0}}