{"host":"wi1dz5t8299iil0b","time":1612828574,"event":{"mods":["2.2 Compatiblity","Act Like it!","Aspiration","Astrologer","BaseMod","Beaked The Cultist","Better Debug","Better Match","Better Note","Better Sensory Stone","Better Synergies","Better Third Choice","BetterRewards","Bossed Relics","Colored Map","Colored Powertips","Communication Mod","Conjunction","Conspire","Downfall","Fiend Mod","Fox Events","Friendly Minions","GifTheSpireLib","GungeonMod","Halation","Hallownest","Highlight Path","Hubris","Infinite Spire","Jedi Mod","Lobotomy","Mad Scientist","Minty Spire (QoL Compilation)","Permanent Neow","RNG Fix","Reliquary","Replay The Spire","Shade Mod","Shop Mod","Spikes Relics","Spire Arcade","StS++","StSLib","Stuff the Spire","The Blackbeard","The Blue Laboratory","The Bug Knight","The Construct","The Cursed","The Death Knight","The Dragonkin","The Druid","The Necromancer","The Problem Sleuth","The Sage","TheHeartMod","TheSurvivalist","Trackpad","Wandering Minibosses","????"],"gold_per_floor":[116,116,216,243,253,253,269,269,318,338,338,338,357,473,473,574,574,586,273,273,292,292,292,311,329,329,329,140,268,268,268,268,370,370,386,386,403,163,163,163],"floor_reached":39,"language":"ENG","playtime":3521,"items_purged":[],"score":422,"play_id":"4d31a5f6-fc1d-4d9c-8053-a5084bf5a60d","local_time":"20210208185614","is_ascension_mode":false,"campfire_choices":[{"floor":6,"key":"REST"},{"floor":12,"key":"REST"},{"floor":15,"key":"REST"},{"data":"infinitespire:NeuralNetwork","floor":23,"key":"SMITH"},{"floor":27,"key":"REST"}],"circlet_count":0,"master_deck":["Strike_G","Strike_G","Strike_G","Strike_G","Strike_G","Defend_G","Defend_G","Defend_G","Defend_G","Defend_G","Survivor","Neutralize","Dagger Throw+1","jedi:unstablefumes+1","Deadly Poison","Deadly Poison","Acrobatics+1","infinitespire:NeuralNetwork+1","Tools of the Trade","Venomology","Bane","Outmaneuver+1","Replay:Bag of Tricks","StSpp:Cataclysm+1","Poisoned Stab","Tools of the Trade","jedi:pocketpoison+1","Noxious Fumes","ReplayTheSpireMod:From All Sides"],"relics":["Ring of the Snake","Ancient Tea Set","StuffTheSpire:TintedRock","construct:BoolHorns","PlaceholderMod:LiveLive","Ice Cream","halation:SelfBoilingWater","hubris:DisguiseKit","aspiration:SecretTechniqueScroll"],"acts_visited":["Exordium","TheCity","TheBeyond"],"potions_floor_usage":[18,24,25,25,25,25,25,33,33,39],"damage_taken":[{"damage":6,"enemies":"Small Slimes","floor":1,"turns":4},{"damage":0,"enemies":"conspire:RoseBush","floor":5,"turns":2},{"damage":0,"enemies":"2 Louse","floor":7,"turns":2},{"damage":28,"enemies":"Exordium Thugs","floor":10,"turns":5},{"damage":7,"enemies":"Exordium Wildlife","floor":13,"turns":7},{"damage":27,"enemies":"Replay:BlueRogue","floor":14,"turns":7},{"damage":40,"enemies":"Fading Forest","floor":16,"turns":11},{"damage":10,"enemies":"3 Byrds","floor":18,"turns":6},{"damage":0,"enemies":"conspire:FuzzyDice","floor":21,"turns":6},{"damage":6,"enemies":"Centurion and Healer","floor":24,"turns":6},{"damage":14,"enemies":"Snecko","floor":25,"turns":6},{"damage":0,"enemies":"conspire:Head Lice","floor":29,"turns":6},{"damage":37,"enemies":"Collector","floor":33,"turns":8},{"damage":13,"enemies":"Orb Walker","floor":35,"turns":4},{"damage":34,"enemies":"3 Shapes","floor":37,"turns":6},{"damage":19,"enemies":"Spire Growth","floor":39,"turns":3}],"seed_played":"8297107843411865823","potions_obtained":[{"floor":10,"key":"Swift Potion"},{"floor":16,"key":"Venom Potion"},{"floor":24,"key":"Elixir"},{"floor":29,"key":"Fire Potion"},{"floor":35,"key":"blueLaboratory:AbyssPotion"}],"is_trial":false,"path_per_floor":["M","?","?","T","M","R","M","?","T","M","?","R","M","E","R","B",null,"M","$","?","M","?","R","M","M","T","R","$","E","$","?","R_BF","B",null,"M","?","M","$","M"],"character_chosen":"THE_SILENT","items_purchased":["Ice Cream","StSpp:Cataclysm","Noxious Fumes","ReplayTheSpireMod:From All Sides"],"campfire_rested":4,"item_purchase_floors":[19,28,38,38],"current_hp_per_floor":[57,57,57,57,57,82,82,82,82,54,33,58,51,24,49,27,84,74,74,74,74,74,74,68,54,54,79,79,79,79,54,79,42,84,71,51,17,17,0,0],"gold":163,"neow_bonus":"TWENTY_PERCENT_HP_BONUS","is_daily":false,"chose_seed":false,"campfire_upgraded":1,"win_rate":0.0,"timestamp":1612828574,"path_taken":["M","?","?","?","?","R","M","?","T","M","?","R","M","E","R","BOSS","M","$","?","?","?","R","M","M","T","R","?","E","$","?","R_BF","BOSS","M","?","M","?","?"],"items_purchased_type":["Relic","Card","Card","Card"],"build_version":"2020-12-22","purchased_purges":0,"victory":false,"max_hp_per_floor":[84,84,84,84,84,84,84,84,84,84,84,84,84,84,84,84,84,84,84,84,84,84,84,84,84,84,84,84,84,84,84,84,84,84,84,84,84,84,84,84],"card_choices":[{"not_picked":["Dodge and Roll","StuffTheSpire:Injection"],"picked":"Dagger Throw","floor":1},{"not_picked":["conspire:DoublingDagger","Quick Slash"],"picked":"Deadly Poison","floor":5},{"not_picked":["Hidden Blade","Slice"],"picked":"Deadly Poison","floor":7},{"not_picked":["Blade Dance","PiercingWail"],"picked":"Acrobatics","floor":10},{"not_picked":["infinitespire:Menacing","ReplayTheSpireMod:Chaos Vortex"],"picked":"infinitespire:NeuralNetwork","floor":11},{"not_picked":["Deadly Poison","Backstab"],"picked":"Tools of the Trade","floor":13},{"not_picked":["Skewer","Sneak Up","Dodge and Roll"],"picked":"SKIP","floor":14},{"not_picked":["Adrenaline","A Thousand Cuts"],"picked":"Venomology","floor":16},{"not_picked":["Dodge and Roll","StuffTheSpire:DoubleShiv"],"picked":"Bane","floor":18},{"not_picked":["Eviscerate","StuffTheSpire:Python+1"],"picked":"Outmaneuver+1","floor":21},{"not_picked":["Sucker Punch+1","Hidden Blade","Dagger Throw"],"picked":"SKIP","floor":24},{"not_picked":["Backflip","StSpp:CorrosivePoison"],"picked":"Replay:Bag of Tricks","floor":25},{"not_picked":["hubris:SlightOfHand","Bane"],"picked":"Poisoned Stab","floor":29},{"not_picked":["StSpp:Landslide","Night Terror","Slimebound:CheckThePlaybook"],"picked":"Tools of the Trade","floor":33},{"not_picked":["StSpp:Dive","Deflect","ReplayTheSpireMod:Scrap Shanks+1","Slimebound:SlimeSpikes"],"picked":"SKIP","floor":35},{"not_picked":["StuffTheSpire:Incantation+1","conspire:DoublingDagger","Slimebound:SplitMire"],"picked":"jedi:pocketpoison+1","floor":37}],"player_experience":191153,"relics_obtained":[{"floor":4,"key":"Ancient Tea Set"},{"floor":9,"key":"StuffTheSpire:TintedRock"},{"floor":14,"key":"construct:BoolHorns"},{"floor":26,"key":"halation:SelfBoilingWater"},{"floor":29,"key":"hubris:DisguiseKit"}],"event_choices":[{"damage_healed":0,"gold_gain":100,"player_choice":"Pray","damage_taken":0,"max_hp_gain":0,"max_hp_loss":0,"event_name":"Golden Shrine","floor":3,"gold_loss":0},{"damage_healed":0,"gold_gain":0,"player_choice":"Ignored","damage_taken":0,"max_hp_gain":0,"max_hp_loss":0,"event_name":"betterNote:BetterNote","floor":20,"gold_loss":0,"cards_obtained":["infinitespire:UltimateForm"]}],"is_beta":false,"boss_relics":[{"not_picked":["reliquary:RedCape","StuffTheSpire:ModemDavis"],"picked":"PlaceholderMod:LiveLive"},{"not_picked":["hubris:Stopwatch","halation:Risk"],"picked":"aspiration:SecretTechniqueScroll"}],"items_purged_floors":[],"is_endless":false,"potions_floor_spawned":[10,16,21,24,29,35],"killed_by":"Spire Growth","ascension_level":0}}