{"host":"hm2va3obgs5yv0m7","time":1612752509,"event":{"mods":["AchievementEnabler","Act Like it!","BaseMod","Conspire","Infinite Spire","Marisa（F雨　魔理沙）","Minty Spire (QoL Compilation)","Prisma Mod","Relic Stats","Replay The Spire","Spicy Shops","StSLib","The Animator","The Cursed","The Servant 0.9.4","WarShipGirlsR/战舰少女R mod"],"gold_per_floor":[116,129,129,146,146,146,180,202,214,261,273,297,309,321,350,362,362],"floor_reached":16,"language":"ZHS","playtime":901,"items_purged":[],"score":143,"play_id":"0ae6e3b8-0d1a-497d-9ae1-e42749d635ef","local_time":"20210208104829","is_ascension_mode":true,"campfire_choices":[{"floor":6.0,"key":"RECALL"}],"circlet_count":0,"master_deck":["conspire:GhostlyStrike","conspire:GhostlyStrike","conspire:GhostlyStrike","conspire:GhostlyStrike","conspire:GhostlyDefend","conspire:GhostlyDefend","conspire:GhostlyDefend","Eruption","Vigilance","CutThroughFate","FlyingSleeves","CutThroughFate","Perseverance","Perseverance"],"relics":["Fusion Hammer","MawBank","conspire:Flyswatter","Pondfish Scales"],"acts_visited":["Exordium"],"potions_floor_usage":[12],"damage_taken":[{"damage":0.0,"enemies":"2 Louse","floor":1.0,"turns":2.0},{"damage":0.0,"enemies":"Small Slimes","floor":2.0,"turns":2.0},{"damage":0.0,"enemies":"Cultist","floor":4.0,"turns":2.0},{"damage":32.0,"enemies":"3 Sentries","floor":7.0,"turns":7.0},{"damage":9.0,"enemies":"conspire:2 RoseBushes","floor":8.0,"turns":3.0},{"damage":5,"enemies":"Lagavulin","floor":10,"turns":4},{"damage":0,"enemies":"Blue Slaver","floor":12,"turns":3},{"damage":5,"enemies":"Exordium Wildlife","floor":15,"turns":4},{"damage":32,"enemies":"Gremlin Nob","floor":16,"turns":2}],"seed_played":"3570488039925779812","potions_obtained":[{"floor":4.0,"key":"LiquidBronze"},{"floor":8.0,"key":"Block Potion"},{"floor":10,"key":"Elixir"}],"is_trial":false,"path_per_floor":["M","M","?","M","?","R","E","M","T","E","?","M","PTL","PTL","M","E"],"character_chosen":"WATCHER","items_purchased":[],"campfire_rested":0,"item_purchase_floors":[],"current_hp_per_floor":[72,72,72,72,72,72,40,31,31,26,26,26,26,26,21,0,0],"gold":362,"neow_bonus":"BOSS_RELIC","is_daily":false,"chose_seed":false,"campfire_upgraded":0,"win_rate":0.0,"timestamp":1612752509,"path_taken":["M","M","?","M","?","R","E","M","T","E","?","M","PTL","PTL","?","E"],"items_purchased_type":[],"build_version":"2020-12-22","purchased_purges":0,"victory":false,"max_hp_per_floor":[72,72,72,72,72,72,72,72,72,72,72,72,72,72,72,72,72],"relic_stats":{"counters":[9,29],"MawBank":108,"obtain_stats":[{"Pondfish Scales":10,"Fusion Hammer":0,"PureWater":0,"MawBank":7,"conspire:Flyswatter":9},{"Pondfish Scales":6,"Fusion Hammer":0,"PureWater":0,"MawBank":4,"conspire:Flyswatter":5},{"Pondfish Scales":20,"Fusion Hammer":0,"PureWater":0,"MawBank":13,"conspire:Flyswatter":16}]},"card_choices":[{"not_picked":["Halt","FlurryOfBlows"],"picked":"CutThroughFate","floor":1.0},{"not_picked":["WreathOfFlame","Replay:AtTheReady"],"picked":"FlyingSleeves","floor":2.0},{"not_picked":["SashWhip","CarveReality","EmptyBody"],"picked":"SKIP","floor":4.0},{"not_picked":["Nirvana","WheelKick"],"picked":"CutThroughFate","floor":7.0},{"not_picked":["Omniscience","ReachHeaven","Tantrum"],"picked":"SKIP","floor":8.0},{"not_picked":["Replay:AtTheReady","WreathOfFlame"],"picked":"Perseverance","floor":10},{"not_picked":["SignatureMove","FlurryOfBlows","Tantrum"],"picked":"SKIP","floor":12},{"not_picked":["FlurryOfBlows","Prostrate"],"picked":"Perseverance","floor":15}],"player_experience":125943,"relics_obtained":[{"floor":7.0,"key":"MawBank"},{"floor":9.0,"key":"conspire:Flyswatter"},{"floor":10,"key":"Pondfish Scales"}],"event_choices":[{"cards_removed":["Defend_P"],"damage_healed":0.0,"max_hp_gain":0.0,"max_hp_loss":0.0,"gold_gain":0.0,"event_name":"Living Wall","player_choice":"Forget","floor":3.0,"gold_loss":0.0,"damage_taken":0.0},{"damage_healed":0.0,"max_hp_gain":0.0,"max_hp_loss":0.0,"gold_gain":0.0,"event_name":"conspire:LoneGhost","player_choice":"Agree","floor":5.0,"gold_loss":0.0,"damage_taken":0.0},{"damage_healed":0,"gold_gain":0,"player_choice":"Bought 0 Potions","damage_taken":0,"max_hp_gain":0,"max_hp_loss":0,"event_name":"The Woman in Blue","floor":11,"gold_loss":0}],"is_beta":false,"boss_relics":[],"items_purged_floors":[],"is_endless":false,"potions_floor_spawned":[4,8,10],"killed_by":"Gremlin Nob","ascension_level":1}}