{"host":"pm6tps78s2qrawcb","time":1612814964,"event":{"mods":["BaseMod","BetterRewards","Colored Map","DeckTracker","Downfall","Hubris","Infinite Spire","Mimic Mod","Minty Spire (QoL Compilation)","Reliquary","Shop Mod","StSLib"],"gold_per_floor":[99,112,123,134,150,250,281,281,70,70,70,81,98,116,129,129,129,129],"floor_reached":16,"language":"ENG","playtime":941,"items_purged":[],"score":96,"play_id":"3b11a4f2-f48d-4daf-a117-da122e5873ee","local_time":"20210208200924","is_ascension_mode":false,"campfire_choices":[{"data":"bronze:Goto","floor":1,"key":"SMITH"},{"floor":11,"key":"REST"}],"circlet_count":0,"master_deck":["bronze:Strike","bronze:Strike","bronze:Defend","bronze:Defend","bronze:Defend","bronze:Replicate","bronze:Goto+1","bronze:WhirlingStrike","bronze:FineTuning+1","bronze:DigitalCarnage","bronze:Assembly","bronze:GetLatest","bronze:Flail","expansioncontent:QuickStudy+1","bronze:Safeguard","bronze:CleanCode","bronze:Philosophize"],"relics":["bronze:BronzeCore","Oddly Smooth Stone"],"acts_visited":["Exordium"],"potions_floor_usage":[14],"damage_taken":[{"damage":0,"enemies":"Cultist","floor":2,"turns":4},{"damage":0,"enemies":"2 Louse","floor":3,"turns":2},{"damage":6,"enemies":"Jaw Worm","floor":4,"turns":3},{"damage":6,"enemies":"Exordium Wildlife","floor":5,"turns":3},{"damage":41,"enemies":"downfall:Heads","floor":6,"turns":7},{"damage":0,"enemies":"Blue Slaver","floor":7,"turns":4},{"damage":10,"enemies":"downfall:FleeingMerchant","floor":9,"turns":4},{"damage":12,"enemies":"Blue Slaver","floor":12,"turns":2},{"damage":7,"enemies":"Large Slime","floor":13,"turns":5},{"damage":5,"enemies":"Exordium Wildlife","floor":14,"turns":2},{"damage":0,"enemies":"2 Fungi Beasts","floor":15,"turns":3},{"damage":20,"enemies":"IC_STATUS_ARCHETYPE","floor":16,"turns":2}],"seed_played":"7866371284576587432","potions_obtained":[{"floor":3,"key":"FearPotion"},{"floor":5,"key":"SmokeBomb"},{"floor":12,"key":"Regen Potion"},{"floor":15,"key":"bronze:FreeFunctionsPotion"}],"is_trial":false,"path_per_floor":["R","M","M","M","M","?","MIM","?","$","?","R","M","M","M","M","B"],"character_chosen":"THE_AUTOMATON","items_purchased":["expansioncontent:QuickStudy+1"],"campfire_rested":1,"item_purchase_floors":[9],"current_hp_per_floor":[77,77,77,71,65,24,24,24,14,14,37,25,18,18,18,0,0,0],"gold":129,"neow_bonus":"TEN_PERCENT_HP_BONUS","is_daily":false,"chose_seed":false,"campfire_upgraded":1,"win_rate":0.0,"timestamp":1612814964,"path_taken":["R","M","M","?","M","?","MIM","?","?","?","R","?","M","M","M","BOSS"],"items_purchased_type":["Card"],"build_version":"2020-12-22","purchased_purges":0,"victory":false,"max_hp_per_floor":[77,77,77,77,77,77,77,77,77,77,77,77,77,77,77,77,77,77],"card_choices":[{"not_picked":["bronze:DelayedSlice","bronze:Frontload"],"picked":"bronze:WhirlingStrike","floor":2},{"not_picked":["bronze:Deprecate","bronze:Turbo"],"picked":"bronze:FineTuning","floor":3},{"not_picked":["bronze:Invalidate","bronze:Frontload"],"picked":"bronze:DigitalCarnage","floor":4},{"not_picked":["bronze:Deprecate","bronze:Shield","bronze:DarkDash"],"picked":"SKIP","floor":5},{"not_picked":["bronze:OilSpill","bronze:Deprecate"],"picked":"bronze:GetLatest","floor":6},{"not_picked":["bronze:BronzeOrb","bronze:Invalidate"],"picked":"bronze:Flail","floor":7},{"not_picked":["bronze:Philosophize","bronze:Overheat","bronze:Frontload"],"picked":"SKIP","floor":9},{"not_picked":["bronze:DigitalCarnage","bronze:Turbo"],"picked":"bronze:Safeguard","floor":12},{"not_picked":["bronze:WildBeam","bronze:Branch","bronze:DelayedGuard"],"picked":"SKIP","floor":13},{"not_picked":["bronze:Turbo","bronze:Frontload"],"picked":"bronze:CleanCode","floor":14},{"not_picked":["bronze:WildBeam","bronze:Invalidate"],"picked":"bronze:Philosophize","floor":15}],"player_experience":282587,"relics_obtained":[{"floor":7,"key":"Oddly Smooth Stone"}],"event_choices":[{"cards_removed":["bronze:Defend"],"damage_healed":0,"gold_gain":0,"player_choice":"Card Removal","damage_taken":0,"max_hp_gain":0,"max_hp_loss":0,"event_name":"The Cleric","floor":8,"gold_loss":0}],"is_beta":false,"boss_relics":[],"items_purged_floors":[],"is_endless":false,"potions_floor_spawned":[3,5,12,13,15],"killed_by":"IC_STATUS_ARCHETYPE","ascension_level":0}}