{"host":"cbu6enf2xtq4r7r3","time":1612754169,"event":{"mods":["2.2 Compatiblity","AlwaysNeverKeys","BaseMod","Better Match","Better Note","Better Sensory Stone","Better Skull","Better Third Choice","Colored Map","Colored Powertips","Defuse TimeMaze Blight","Emptier Cage","Minty Spire (QoL Compilation)","Permanent Neow","Quick Restart","Random Character Button","Relic Sorter","Reorder Act Four","Shop Mod","StSLib"],"gold_per_floor":[117,128,141,141,157,157,232,232,258,284,284,284,313,313,313,313,313],"floor_reached":16,"language":"ENG","playtime":345,"items_purged":[],"score":186,"play_id":"6bf429c8-da32-4d2b-802c-7b32f9ea8a16","local_time":"20210208041609","is_ascension_mode":true,"campfire_choices":[{"data":"Endless Agony","floor":6,"key":"SMITH"},{"data":"Backstab","floor":8,"key":"SMITH"},{"data":"Slice","floor":11,"key":"SMITH"},{"data":"Crippling Poison","floor":15,"key":"SMITH"}],"circlet_count":0,"master_deck":["Strike_G","Strike_G","Strike_G","Strike_G","Strike_G","Defend_G","Defend_G","Defend_G","Defend_G","Defend_G","Survivor","Neutralize+1","Quick Slash","Endless Agony+1","Sucker Punch","Backstab+1","Slice+1","Crippling Poison+1"],"relics":["Ring of the Snake","NeowsBlessing","PreservedInsect","Regal Pillow","Boot","Potion Belt"],"acts_visited":["Exordium"],"potions_floor_usage":[],"damage_taken":[{"damage":0,"enemies":"Small Slimes","floor":1,"turns":1},{"damage":0,"enemies":"Cultist","floor":2,"turns":1},{"damage":0,"enemies":"2 Louse","floor":3,"turns":1},{"damage":3,"enemies":"Looter","floor":5,"turns":3},{"damage":7,"enemies":"Lagavulin","floor":10,"turns":5},{"damage":0,"enemies":"3 Sentries","floor":13,"turns":5},{"damage":49,"enemies":"Hexaghost","floor":16,"turns":13}],"seed_played":"-7350443137819211541","potions_obtained":[{"floor":5,"key":"Dexterity Potion"}],"is_trial":false,"path_per_floor":["M","M","M","?","M","R","?","R","T","E","R","?","E","?","R","B"],"character_chosen":"THE_SILENT","items_purchased":[],"campfire_rested":0,"item_purchase_floors":[],"current_hp_per_floor":[63,63,63,63,60,60,49,49,49,42,42,47,47,47,47,0,0],"gold":313,"neow_bonus":"THREE_ENEMY_KILL","is_daily":false,"chose_seed":false,"campfire_upgraded":4,"win_rate":0.0,"timestamp":1612754169,"path_taken":["M","M","M","?","?","R","?","R","T","E","R","?","E","?","R","BOSS"],"items_purchased_type":[],"build_version":"2020-12-22","purchased_purges":0,"victory":false,"max_hp_per_floor":[70,70,70,70,70,70,70,70,70,70,70,75,75,75,75,75,75],"card_choices":[{"not_picked":["Slice","Dash"],"picked":"Quick Slash","floor":1},{"not_picked":["Deflect","PiercingWail"],"picked":"Endless Agony","floor":2},{"not_picked":["Cloak And Dagger","Acrobatics"],"picked":"Sucker Punch","floor":3},{"not_picked":["Underhanded Strike","Deadly Poison"],"picked":"Backstab","floor":5},{"not_picked":["Tools of the Trade","Sucker Punch"],"picked":"Slice","floor":10},{"not_picked":["Infinite Blades","Leg Sweep"],"picked":"Crippling Poison","floor":13}],"player_experience":129221,"relics_obtained":[{"floor":9,"key":"PreservedInsect"},{"floor":10,"key":"Regal Pillow"},{"floor":13,"key":"Boot"}],"event_choices":[{"damage_healed":0,"gold_gain":0,"player_choice":"Upgraded","damage_taken":0,"max_hp_gain":0,"max_hp_loss":0,"event_name":"Upgrade Shrine","floor":4,"gold_loss":0,"cards_upgraded":["Neutralize"]},{"damage_healed":0,"gold_gain":75,"player_choice":"Gold","damage_taken":11,"max_hp_gain":0,"max_hp_loss":0,"event_name":"betterThird:BetterGoop","floor":7,"gold_loss":0},{"damage_healed":0,"gold_gain":0,"player_choice":"Donut","damage_taken":0,"max_hp_gain":5,"max_hp_loss":0,"event_name":"Big Fish","floor":12,"gold_loss":0},{"damage_healed":0,"gold_gain":0,"player_choice":"Searched \u00272\u0027 times","damage_taken":0,"relics_obtained":["Potion Belt"],"max_hp_gain":0,"max_hp_loss":0,"event_name":"Dead Adventurer","floor":14,"gold_loss":0}],"is_beta":false,"boss_relics":[],"items_purged_floors":[],"is_endless":false,"potions_floor_spawned":[5],"killed_by":"Hexaghost","ascension_level":8}}