{"host":"a1eatafr7pisesky","time":1612783782,"event":{"mods":["AchievementEnabler","BaseMod","Colored Map","Keyboard Shortcuts","Minty Spire (QoL Compilation)","Say the Spire","StSLib","SuperFastMode","everything is the same but u backflip on backflip"],"gold_per_floor":[117,135,135,135,145,145,177,327,327,327,327,152,170,190,190,266,266,285,32,49,49,67,67,67,67,67,67,67],"floor_reached":27,"language":"KOR","playtime":409,"items_purged":["Doubt","Strike_B"],"score":369,"play_id":"fd06f586-7541-4f85-95fd-90fc69370b2c","local_time":"20210208202942","is_ascension_mode":true,"campfire_choices":[{"data":"Hyperbeam","floor":6.0,"key":"SMITH"},{"data":"Gash","floor":10,"key":"SMITH"},{"data":"Dualcast","floor":15,"key":"SMITH"}],"circlet_count":0,"master_deck":["AscendersBane","Strike_B+1","Strike_B","Defend_B","Defend_B","Defend_B","Defend_B","Zap","Dualcast+1","Gash+1","Ball Lightning+1","Hyperbeam+1","Stack+1","Disarm","Steam","Ragnarok","Stack","Aggregate","Recycle","Blade Dance"],"relics":["Cracked Core","NeowsBlessing","The Courier","Bottled Flame","White Beast Statue","PrismaticShard","Snecko Eye","Toxic Egg 2"],"acts_visited":["Exordium","TheCity"],"potions_floor_usage":[14,16,16,20,22,27],"damage_taken":[{"damage":0.0,"enemies":"Cultist","floor":1.0,"turns":1.0},{"damage":0.0,"enemies":"2 Louse","floor":2.0,"turns":1.0},{"damage":0.0,"enemies":"Jaw Worm","floor":5.0,"turns":1.0},{"damage":5.0,"enemies":"3 Sentries","floor":7.0,"turns":2.0},{"damage":4,"enemies":"Large Slime","floor":13,"turns":5},{"damage":0,"enemies":"Exordium Wildlife","floor":14,"turns":2},{"damage":37,"enemies":"The Guardian","floor":16,"turns":10},{"damage":11,"enemies":"3 Byrds","floor":18,"turns":4},{"damage":17,"enemies":"Shell Parasite","floor":20,"turns":3},{"damage":24,"enemies":"Snake Plant","floor":22,"turns":4},{"damage":12,"enemies":"Shelled Parasite and Fungi","floor":27,"turns":1}],"seed_played":"-354275540519244564","potions_obtained":[{"floor":7,"key":"LiquidBronze"},{"floor":13,"key":"Block Potion"},{"floor":14,"key":"Explosive Potion"},{"floor":16,"key":"BlessingOfTheForge"},{"floor":18,"key":"SmokeBomb"},{"floor":20,"key":"AttackPotion"},{"floor":22,"key":"PotionOfCapacity"}],"is_trial":false,"path_per_floor":["M","M","T","?","M","R","E","?","T","R","?","$","M","M","R","B",null,"M","$","M","?","M","$","$","?","T","M"],"character_chosen":"DEFECT","items_purchased":["PrismaticShard","Aggregate","Recycle","DistilledChaos"],"campfire_rested":0,"item_purchase_floors":[12,19,19,19],"current_hp_per_floor":[64,64,64,43,43,43,38,38,38,38,43,43,39,39,39,2,58,47,47,30,30,6,6,6,6,6,0,0],"gold":67,"neow_bonus":"THREE_ENEMY_KILL","is_daily":false,"chose_seed":false,"campfire_upgraded":3,"win_rate":0.0,"timestamp":1612783782,"path_taken":["M","M","?","?","M","R","E","?","T","R","?","$","?","M","R","BOSS","M","$","M","?","M","?","$","?","T","M"],"items_purchased_type":["Relic","Card","Card","Potion"],"build_version":"2020-12-22","purchased_purges":2,"victory":false,"max_hp_per_floor":[71,71,71,71,71,71,71,71,71,71,76,76,76,76,76,76,76,76,76,76,76,76,76,76,76,76,76,76],"card_choices":[{"not_picked":["Leap","Coolheaded"],"picked":"Gash","floor":1.0},{"not_picked":["Compile Driver","Rebound"],"picked":"Ball Lightning","floor":2.0},{"not_picked":["Consume","Defragment"],"picked":"Hyperbeam","floor":5.0},{"not_picked":["Coolheaded","Steam"],"picked":"Stack","floor":7},{"not_picked":["Halt","Infernal Blade"],"picked":"Disarm","floor":13},{"not_picked":["JustLucky","Cold Snap"],"picked":"Steam","floor":14},{"not_picked":["ConjureBlade","Feed"],"picked":"Ragnarok","floor":16},{"not_picked":["Discovery","Dagger Throw"],"picked":"Stack","floor":18},{"not_picked":["Genetic Algorithm+1","Endless Agony"],"picked":"Blade Dance","floor":20},{"not_picked":["Flechettes","Deadly Poison","Blizzard"],"picked":"SKIP","floor":22}],"player_experience":422130,"relics_obtained":[{"floor":3.0,"key":"The Courier"},{"floor":7,"key":"Bottled Flame"},{"floor":9,"key":"White Beast Statue"},{"floor":26,"key":"Toxic Egg 2"}],"event_choices":[{"damage_healed":0.0,"max_hp_gain":0.0,"max_hp_loss":0.0,"gold_gain":0.0,"event_name":"Shining Light","player_choice":"Entered Light","floor":4.0,"gold_loss":0.0,"damage_taken":21.0,"cards_upgraded":["Ball Lightning","Strike_B"]},{"damage_healed":0,"gold_gain":150,"player_choice":"AGREE","damage_taken":0,"max_hp_gain":0,"max_hp_loss":0,"event_name":"Liars Game","floor":8,"gold_loss":0,"cards_obtained":["Doubt"]},{"damage_healed":0,"gold_gain":0,"player_choice":"Donut","damage_taken":0,"max_hp_gain":5,"max_hp_loss":0,"event_name":"Big Fish","floor":11,"gold_loss":0},{"damage_healed":0,"gold_gain":0,"player_choice":"Forge","damage_taken":0,"max_hp_gain":0,"max_hp_loss":0,"event_name":"Accursed Blacksmith","floor":21,"gold_loss":0,"cards_upgraded":["Stack"]},{"cards_removed":["Strike_B"],"damage_healed":0,"gold_gain":0,"player_choice":"Purged","damage_taken":0,"max_hp_gain":0,"max_hp_loss":0,"event_name":"Purifier","floor":25,"gold_loss":0}],"is_beta":false,"boss_relics":[{"not_picked":["Fusion Hammer","Calling Bell"],"picked":"Snecko Eye"}],"items_purged_floors":[12,19],"is_endless":false,"potions_floor_spawned":[7,13,14,16,18,20,22],"killed_by":"Shelled Parasite and Fungi","ascension_level":15}}