{"host":"dggqshehf2ar9kzd","time":1612760565,"event":{"mods":["BaseMod","Hermit","Highlight Path","Minty Spire (QoL Compilation)","Reliquary","Shade Mod","StSLib"],"gold_per_floor":[113,113,126,126,145,164,164,164,164,164,164,189,201,217,217,321,321,339,359,104,116,136,171,171,121,146,146,164,27,39,51,51,156,156,167,183,203,219,235,235,267,267,290,300,315,33,33,61,61,61],"floor_reached":51,"language":"ENG","playtime":3076,"items_purged":["Shade:Defend_Shade","Shade:Strike_Shade","Shade:Defend_Shade"],"score":785,"play_id":"8c156468-9433-4c5a-b557-db1f08944185","local_time":"20210208000245","is_ascension_mode":false,"campfire_choices":[{"data":"Shade:AnimateDead","floor":7,"key":"SMITH"},{"data":"Shade:CarefulCut","floor":11,"key":"SMITH"},{"data":"Shade:PressTheAttack","floor":15,"key":"SMITH"},{"data":"Shade:CommandSoldier","floor":24,"key":"SMITH"},{"data":"Shade:Brains","floor":27,"key":"SMITH"},{"data":"Shade:FreshBones","floor":32,"key":"SMITH"},{"data":"Shade:OpenGraves","floor":40,"key":"SMITH"},{"data":"Shade:CommandSoldier","floor":47,"key":"SMITH"},{"data":"Shade:UnbarTheGrave","floor":49,"key":"SMITH"}],"circlet_count":0,"master_deck":["Shade:Strike_Shade","Shade:Strike_Shade","Shade:Defend_Shade","Shade:Defend_Shade","Shade:AnimateDead+1","Shade:CarefulCut+1","Shade:CloudOfShrapnel","Shade:WallOfFlesh","Shade:CommandSoldier+1","Shade:Premonition","Shade:GraveStillness","Shade:PressTheAttack+1","Shade:FleshLikeOak","Shade:Coordination","Shade:Brains+1","Shade:OpenGraves+1","Shade:CommandSoldier+1","Shade:FreshBones+1","Shade:GraveStillness","Shade:UnbarTheGrave+1"],"relics":["Shade:YorickSkull","reliquary:NewFriend","reliquary:Knoch","Letter Opener","Shuriken","Busted Crown","Membership Card","Bronze Scales","Happy Flower","Strange Spoon","Runic Dome","Incense Burner","reliquary:ExpiredCoupon","reliquary:Aerogel","Thread and Needle","reliquary:RoseTintedGlasses"],"acts_visited":["Exordium","TheCity","TheBeyond"],"potions_floor_usage":[12,45,48,48,48,50,50],"damage_taken":[{"damage":0,"enemies":"2 Louse","floor":1,"turns":3},{"damage":3,"enemies":"Cultist","floor":3,"turns":4},{"damage":0,"enemies":"Jaw Worm","floor":5,"turns":6},{"damage":5,"enemies":"3 Louse","floor":6,"turns":4},{"damage":7,"enemies":"3 Sentries","floor":12,"turns":6},{"damage":8,"enemies":"Gremlin Gang","floor":13,"turns":5},{"damage":0,"enemies":"Blue Slaver","floor":14,"turns":4},{"damage":22,"enemies":"Slime Boss","floor":16,"turns":11},{"damage":0,"enemies":"Shell Parasite","floor":18,"turns":6},{"damage":0,"enemies":"Spheric Guardian","floor":19,"turns":4},{"damage":0,"enemies":"Snake Plant","floor":21,"turns":4},{"damage":0,"enemies":"Centurion and Healer","floor":22,"turns":4},{"damage":8,"enemies":"Book of Stabbing","floor":23,"turns":7},{"damage":0,"enemies":"Snecko","floor":28,"turns":5},{"damage":0,"enemies":"Chosen and Byrds","floor":30,"turns":3},{"damage":0,"enemies":"Cultist and Chosen","floor":31,"turns":4},{"damage":14,"enemies":"Collector","floor":33,"turns":7},{"damage":0,"enemies":"3 Shapes","floor":35,"turns":3},{"damage":0,"enemies":"Orb Walker","floor":36,"turns":3},{"damage":0,"enemies":"Sphere and 2 Shapes","floor":37,"turns":4},{"damage":0,"enemies":"4 Shapes","floor":38,"turns":4},{"damage":9,"enemies":"3 Darklings","floor":39,"turns":4},{"damage":40,"enemies":"Reptomancer","floor":41,"turns":5},{"damage":0,"enemies":"Spire Growth","floor":44,"turns":4},{"damage":0,"enemies":"Writhing Mass","floor":45,"turns":3},{"damage":0,"enemies":"Giant Head","floor":48,"turns":7},{"damage":0,"enemies":"Awakened One","floor":50,"turns":9}],"seed_played":"-5512252676907294281","potions_obtained":[{"floor":1,"key":"Regen Potion"},{"floor":5,"key":"SteroidPotion"},{"floor":6,"key":"Explosive Potion"},{"floor":14,"key":"SmokeBomb"},{"floor":18,"key":"EntropicBrew"},{"floor":21,"key":"Swift Potion"},{"floor":45,"key":"ColorlessPotion"},{"floor":48,"key":"LiquidMemories"}],"is_trial":false,"path_per_floor":["M","?","M","?","M","M","R","T","T","?","R","E","M","M","R","B",null,"M","M","$","M","M","E","R","?","T","R","M","$","M","M","R","B",null,"M","M","M","M","M","R","E","?","T","M","M","$","R","E","R","B",null],"character_chosen":"SHADE","items_purchased":["Membership Card","Shade:Brains","Shade:OpenGraves","Shade:FreshBones","Strange Spoon","reliquary:Aerogel","Thread and Needle"],"campfire_rested":0,"item_purchase_floors":[20,20,20,29,29,46,46],"current_hp_per_floor":[71,59,56,56,56,51,51,51,51,51,51,44,36,36,36,14,71,71,71,71,71,71,63,63,63,63,63,63,63,63,63,63,49,71,71,71,71,71,62,62,22,22,22,22,22,22,22,37,37,37],"gold":61,"neow_bonus":"TEN_PERCENT_HP_BONUS","is_daily":false,"chose_seed":false,"campfire_upgraded":9,"win_rate":0.0,"timestamp":1612760565,"path_taken":["M","?","M","?","?","M","R","?","T","?","R","E","?","M","R","BOSS","M","M","$","M","M","E","R","?","T","R","M","$","M","M","R","BOSS","M","M","M","?","M","R","E","?","T","M","?","$","R","E","R","BOSS"],"items_purchased_type":["Relic","Card","Card","Card","Relic","Relic","Relic"],"build_version":"2020-12-22","purchased_purges":3,"victory":true,"max_hp_per_floor":[71,71,71,71,71,71,71,71,71,71,71,71,71,71,71,71,71,71,71,71,71,71,71,71,71,71,71,71,71,71,71,71,71,71,71,71,71,71,71,71,71,71,71,71,71,71,71,71,71,71],"card_choices":[{"not_picked":["Shade:Carnophage","Shade:GreyBargain"],"picked":"Shade:CloudOfShrapnel","floor":1},{"not_picked":["Shade:CallWraith","Shade:AncientSpear"],"picked":"Shade:WallOfFlesh","floor":3},{"not_picked":["Shade:Trample","Shade:SkeletonArmy"],"picked":"Shade:CommandSoldier","floor":5},{"not_picked":["Shade:Haruspicy","Shade:CloudOfShrapnel","Shade:ClawBack"],"picked":"SKIP","floor":6},{"not_picked":["Shade:Awaken","Shade:GreaterAnimation"],"picked":"Shade:GraveStillness","floor":12},{"not_picked":["Shade:FleshToFlesh","Shade:SkeletonHug"],"picked":"Shade:PressTheAttack","floor":13},{"not_picked":["Shade:CallWraith","Shade:Premonition"],"picked":"Shade:FleshLikeOak","floor":14},{"not_picked":["Shade:OfferingToTheBeyond","Shade:SoulPierce"],"picked":"Shade:Coordination","floor":16},{"not_picked":["Shade:BoneShards"],"picked":"SKIP","floor":18},{"not_picked":["Shade:FeralStrike"],"picked":"SKIP","floor":19},{"not_picked":["Shade:Patience"],"picked":"SKIP","floor":21},{"not_picked":["Shade:CloudOfShrapnel"],"picked":"SKIP","floor":22},{"not_picked":["Shade:FuneraryArmor"],"picked":"SKIP","floor":23},{"not_picked":[],"picked":"Shade:CommandSoldier","floor":28},{"not_picked":["Shade:Trample"],"picked":"SKIP","floor":30},{"not_picked":["Shade:LastGasp"],"picked":"SKIP","floor":31},{"not_picked":[],"picked":"Shade:GraveStillness","floor":35},{"not_picked":["Shade:Premonition+1"],"picked":"SKIP","floor":36},{"not_picked":["Shade:StitchTogether"],"picked":"SKIP","floor":37},{"not_picked":["Shade:ClawBack+1"],"picked":"SKIP","floor":38},{"not_picked":["Shade:AncientSpear"],"picked":"SKIP","floor":39},{"not_picked":["Shade:GoDigging+1"],"picked":"SKIP","floor":41},{"not_picked":["Shade:GraveStillness"],"picked":"SKIP","floor":44},{"not_picked":["Shade:ExtraLimbs+1"],"picked":"SKIP","floor":45},{"not_picked":[],"picked":"Shade:UnbarTheGrave","floor":48}],"player_experience":354550,"relics_obtained":[{"floor":8,"key":"reliquary:Knoch"},{"floor":9,"key":"Letter Opener"},{"floor":12,"key":"Shuriken"},{"floor":23,"key":"Bronze Scales"},{"floor":26,"key":"Happy Flower"},{"floor":41,"key":"Incense Burner"},{"floor":43,"key":"reliquary:ExpiredCoupon"},{"floor":48,"key":"reliquary:RoseTintedGlasses"}],"event_choices":[{"damage_healed":0,"gold_gain":0,"player_choice":"Success","damage_taken":12,"relics_obtained":["reliquary:NewFriend"],"max_hp_gain":0,"max_hp_loss":0,"event_name":"Scrap Ooze","floor":2,"gold_loss":0},{"damage_healed":0,"gold_gain":0,"player_choice":"Ignored","damage_taken":0,"max_hp_gain":0,"max_hp_loss":0,"event_name":"NoteForYourself","floor":4,"gold_loss":0},{"damage_healed":0,"gold_gain":0,"cards_transformed":["Shade:Strike_Shade"],"player_choice":"Transformed","damage_taken":0,"max_hp_gain":0,"max_hp_loss":0,"event_name":"Transmorgrifier","floor":10,"gold_loss":0,"cards_obtained":["Shade:Premonition"]},{"damage_healed":0,"gold_gain":0,"player_choice":"Bet on Murderer","damage_taken":0,"max_hp_gain":0,"max_hp_loss":0,"event_name":"The Joust","floor":25,"gold_loss":50},{"damage_healed":0,"gold_gain":0,"player_choice":"Bought 0 Potions","damage_taken":0,"max_hp_gain":0,"max_hp_loss":0,"event_name":"The Woman in Blue","floor":42,"gold_loss":0}],"is_beta":false,"boss_relics":[{"not_picked":["reliquary:KinkedSpring","Runic Pyramid"],"picked":"Busted Crown"},{"not_picked":["SacredBark","Calling Bell"],"picked":"Runic Dome"}],"items_purged_floors":[20,29,46],"is_endless":false,"potions_floor_spawned":[1,5,6,14,18,21,28,31,37,38,45,48],"ascension_level":0}}