{"host":"ijtyqc57s6c9mbij","time":1612766812,"event":{"mods":["AchievementEnabler","BaseMod","Colored Map","Minty Spire (QoL Compilation)","StSLib"],"gold_per_floor":[20,20,20,20,20,51,51,70,70,95,110,110,129,167,167,296,296,316,339,339,352,65,65,98,114,160,160,184,40,75,94,94,94,94],"floor_reached":33,"language":"ENG","playtime":2446,"items_purged":["Strike_B"],"score":413,"play_id":"910eddf6-3b74-4d07-a776-7c990b383c39","local_time":"20210207224652","is_ascension_mode":true,"campfire_choices":[{"floor":7,"key":"REST"},{"data":"Dualcast","floor":12,"key":"SMITH"},{"data":"Storm","floor":15,"key":"SMITH"},{"data":"Loop","floor":23,"key":"SMITH"},{"floor":27,"key":"RECALL"},{"floor":32,"key":"REST"}],"circlet_count":0,"master_deck":["Strike_B","Strike_B","Defend_B","Defend_B","Defend_B","Defend_B","Zap","Dualcast+1","Conserve Battery","Gash","Storm+1","Doom and Gloom","Redo+1","Hologram+1","Fusion+1","Loop+1","Fission+1","Leap+1","Leap+1","Ghostly+1","Ghostly+1","Ghostly+1","Ghostly+1","Ghostly+1","Rebound+1","Storm","Rebound","Self Repair","Fission+1","Aggregate+1","Melter+1"],"relics":["Cracked Core","Thread and Needle","Golden Idol","Omamori","Toxic Egg 2","Emotion Chip","Snecko Eye","Strange Spoon","Ginger","Runic Capacitor","Red Mask"],"acts_visited":["Exordium","TheCity"],"potions_floor_usage":[14,14,18,19,24,30,33],"damage_taken":[{"damage":0,"enemies":"Jaw Worm","floor":1,"turns":4},{"damage":34,"enemies":"Gremlin Nob","floor":6,"turns":5},{"damage":0,"enemies":"Small Slimes","floor":8,"turns":4},{"damage":0,"enemies":"Cultist","floor":10,"turns":3},{"damage":2,"enemies":"Looter","floor":11,"turns":2},{"damage":0,"enemies":"Exordium Thugs","floor":13,"turns":3},{"damage":7,"enemies":"Lagavulin","floor":14,"turns":7},{"damage":18,"enemies":"Hexaghost","floor":16,"turns":7},{"damage":23,"enemies":"3 Byrds","floor":18,"turns":4},{"damage":9,"enemies":"Shell Parasite","floor":19,"turns":6},{"damage":0,"enemies":"Cultist and Chosen","floor":21,"turns":8},{"damage":8,"enemies":"Slavers","floor":24,"turns":7},{"damage":0,"enemies":"Sentry and Sphere","floor":25,"turns":6},{"damage":0,"enemies":"Snake Plant","floor":28,"turns":6},{"damage":17,"enemies":"Masked Bandits","floor":30,"turns":6},{"damage":1,"enemies":"Shelled Parasite and Fungi","floor":31,"turns":9},{"damage":59,"enemies":"Collector","floor":33,"turns":15}],"seed_played":"8484381782422899988","potions_obtained":[{"floor":6,"key":"GamblersBrew"},{"floor":10,"key":"ColorlessPotion"},{"floor":13,"key":"SkillPotion"},{"floor":14,"key":"Explosive Potion"},{"floor":19,"key":"LiquidBronze"},{"floor":24,"key":"Energy Potion"},{"floor":30,"key":"Dexterity Potion"}],"is_trial":false,"path_per_floor":["M","?","?","$","$","E","R","M","T","M","M","R","M","E","R","B",null,"M","M","?","M","$","R","E","M","T","R","M","$","?","M","R","B"],"character_chosen":"DEFECT","items_purchased":["Strange Spoon","Storm","Runic Capacitor"],"campfire_rested":2,"item_purchase_floors":[22,22,29],"current_hp_per_floor":[68,68,68,68,68,34,54,54,54,54,52,52,52,45,45,27,59,36,27,27,27,27,27,19,19,19,19,26,26,9,15,25,0,0],"gold":94,"neow_bonus":"ONE_RARE_RELIC","is_daily":false,"chose_seed":false,"campfire_upgraded":3,"win_rate":0.0,"timestamp":1612766812,"path_taken":["M","?","?","?","$","E","R","M","T","M","M","R","M","E","R","BOSS","M","?","?","M","?","R","E","?","T","R","M","$","?","M","R","BOSS"],"items_purchased_type":["Relic","Card","Relic"],"build_version":"2020-12-22","purchased_purges":1,"victory":false,"max_hp_per_floor":[75,75,69,69,69,69,69,69,69,69,69,69,69,69,69,69,69,69,69,34,34,34,34,34,34,34,34,34,34,34,34,34,34,34],"card_choices":[{"not_picked":["Beam Cell","Streamline"],"picked":"Conserve Battery","floor":1},{"not_picked":["Stack","Sunder"],"picked":"Storm","floor":6},{"not_picked":["Go for the Eyes","Leap"],"picked":"Doom and Gloom","floor":8},{"not_picked":["Beam Cell","Heatsinks"],"picked":"Redo+1","floor":10},{"not_picked":["Skim+1","Turbo+1"],"picked":"Hologram+1","floor":11},{"not_picked":["Go for the Eyes","Gash"],"picked":"Fusion+1","floor":13},{"not_picked":["Blizzard","Stack+1"],"picked":"Loop","floor":14},{"not_picked":["Amplify+1","All For One"],"picked":"Fission+1","floor":16},{"not_picked":["Ball Lightning","Compile Driver+1"],"picked":"Leap+1","floor":18},{"not_picked":["Compile Driver","Redo+1"],"picked":"Leap+1","floor":19},{"not_picked":["Fusion+1","Redo+1"],"picked":"Rebound+1","floor":21},{"not_picked":["Hologram+1","Conserve Battery+1"],"picked":"Rebound","floor":24},{"not_picked":["Ball Lightning","Gash"],"picked":"Self Repair","floor":25},{"not_picked":["FTL+1","Beam Cell+1"],"picked":"Fission+1","floor":28},{"not_picked":["Cold Snap","Hologram+1"],"picked":"Aggregate+1","floor":30},{"not_picked":["Turbo+1","Sweeping Beam"],"picked":"Melter+1","floor":31}],"player_experience":832013,"relics_obtained":[{"floor":6,"key":"Omamori"},{"floor":9,"key":"Toxic Egg 2"},{"floor":14,"key":"Emotion Chip"},{"floor":24,"key":"Ginger"},{"floor":30,"key":"Red Mask"}],"event_choices":[{"damage_healed":0,"gold_gain":0,"cards_transformed":["Strike_B"],"player_choice":"Change","damage_taken":0,"max_hp_gain":0,"max_hp_loss":0,"event_name":"Living Wall","floor":2,"gold_loss":0,"cards_obtained":["Gash"]},{"damage_healed":0,"gold_gain":0,"player_choice":"Lose Max HP","damage_taken":0,"relics_obtained":["Golden Idol"],"max_hp_gain":0,"max_hp_loss":6,"event_name":"Golden Idol","floor":3,"gold_loss":0},{"damage_healed":0,"gold_gain":0,"player_choice":"Became a Ghost","damage_taken":0,"max_hp_gain":0,"max_hp_loss":35,"event_name":"Ghosts","floor":20,"gold_loss":0,"cards_obtained":["Ghostly","Ghostly","Ghostly","Ghostly","Ghostly"]},{"damage_healed":0,"gold_gain":0,"player_choice":"Fought Bandits","damage_taken":0,"max_hp_gain":0,"max_hp_loss":0,"event_name":"Masked Bandits","floor":30,"gold_loss":0}],"is_beta":false,"boss_relics":[{"not_picked":["Fusion Hammer","SacredBark"],"picked":"Snecko Eye"}],"items_purged_floors":[22],"is_endless":false,"potions_floor_spawned":[6,10,13,14,19,24,30],"killed_by":"Collector","ascension_level":8}}