{"host":"fxgsgr3e13htip8z","time":1612810092,"event":{"mods":["100% Spire Juice","Aspiration","BaseMod","Dota2Spire","Hubris","Hyrulean Relics","Minty Spire (QoL Compilation)","Relic Stats","Replay The Spire","StSLib","TheSurvivalist","Trackpad","Wandering Minibosses"],"gold_per_floor":[110,110,124,4,18,18,33,56,80,99,99,118,152,165,165,165,165],"floor_reached":16,"language":"ENG","playtime":1258,"items_purged":[],"score":106,"play_id":"e0fcfe61-65a8-4c7a-8ff4-8a06184ac3d0","local_time":"20210208124812","is_ascension_mode":false,"campfire_choices":[{"data":"Moonworks:JonathanRush","floor":6,"key":"SMITH"},{"data":"Moonworks:Dinner","floor":11,"key":"SMITH"},{"floor":15,"key":"DIG"}],"circlet_count":0,"master_deck":["Moonworks:Strike","Moonworks:Strike","Moonworks:Strike","Moonworks:Strike","Moonworks:Defend","Moonworks:Defend","Moonworks:Defend","Moonworks:Defend","Moonworks:Ambush","Moonworks:LongDistanceShot","Moonworks:EvilSpyWorkPreparation+1","Moonworks:EvilSpyWorkPreparation","Moonworks:JonathanRush+1","Moonworks:JonathanRush","Moonworks:Dinner+1","Moonworks:CloudOfSeagulls"],"relics":["Moonworks:BrokenBomb","Moonworks:Homemark","NeowsBlessing","Golden Idol","Dota2Spire:PhaseBoots","Mirror","trackpad:BottledShadow"],"acts_visited":["Exordium"],"potions_floor_usage":[13,16,16],"damage_taken":[{"damage":0,"enemies":"Small Slimes","floor":1,"turns":1},{"damage":0,"enemies":"Jaw Worm","floor":3,"turns":1},{"damage":0,"enemies":"Cultist","floor":5,"turns":1},{"damage":0,"enemies":"3 Louse","floor":7,"turns":3},{"damage":6,"enemies":"Exordium Thugs","floor":8,"turns":3},{"damage":4,"enemies":"Looter","floor":10,"turns":3},{"damage":7,"enemies":"Exordium Wildlife","floor":12,"turns":4},{"damage":13,"enemies":"Gremlin Nob","floor":13,"turns":3},{"damage":18,"enemies":"Exordium Thugs","floor":14,"turns":5},{"damage":21,"enemies":"The Guardian","floor":16,"turns":3}],"seed_played":"7656269692903702006","potions_obtained":[{"floor":1,"key":"PowerPotion"},{"floor":3,"key":"PowerPotion"},{"floor":13,"key":"EssenceOfSteel"},{"floor":14,"key":"FearPotion"}],"is_trial":false,"path_per_floor":["M","?","M","?","M","R","M","M","T","M","R","M","E","M","R","B"],"character_chosen":"THE_STARBREAKER","items_purchased":[],"campfire_rested":0,"item_purchase_floors":[],"current_hp_per_floor":[60,45,45,45,45,45,45,39,39,35,35,37,24,15,15,0,0],"gold":165,"neow_bonus":"THREE_ENEMY_KILL","is_daily":false,"chose_seed":false,"campfire_upgraded":2,"win_rate":0.0,"timestamp":1612810092,"path_taken":["M","?","M","?","M","R","?","M","T","M","R","M","E","M","R","BOSS"],"items_purchased_type":[],"build_version":"2020-12-22","purchased_purges":0,"victory":false,"max_hp_per_floor":[60,60,60,60,60,60,60,60,60,60,60,60,60,60,60,60,60],"relic_stats":{"counters":[10,27],"Golden Idol":32,"obtain_stats":[{"NeowsBlessing":0,"Golden Idol":2,"Moonworks:Homemark":0,"trackpad:BottledShadow":15,"Mirror":13,"Moonworks:BrokenBomb":0,"Dota2Spire:PhaseBoots":9},{"NeowsBlessing":0,"Golden Idol":1,"Moonworks:Homemark":0,"trackpad:BottledShadow":9,"Mirror":8,"Moonworks:BrokenBomb":0,"Dota2Spire:PhaseBoots":5},{"NeowsBlessing":0,"Golden Idol":1,"Moonworks:Homemark":0,"trackpad:BottledShadow":24,"Mirror":19,"Moonworks:BrokenBomb":0,"Dota2Spire:PhaseBoots":9}]},"card_choices":[{"not_picked":["Moonworks:BigBangBell","Moonworks:x16BigRocket"],"picked":"Moonworks:EvilSpyWorkPreparation","floor":1},{"not_picked":["Moonworks:ImOnFire","Moonworks:DeployBits"],"picked":"Moonworks:EvilSpyWorkPreparation","floor":3},{"not_picked":["Moonworks:CrystalBarrier","Moonworks:Poppoformation"],"picked":"Moonworks:JonathanRush","floor":5},{"not_picked":["Moonworks:Assault","Moonworks:IndiscriminateFireSupport","Moonworks:Bloodlust"],"picked":"SKIP","floor":7},{"not_picked":["Moonworks:RedAndBlue","Moonworks:BigMagnum"],"picked":"Moonworks:JonathanRush","floor":8},{"not_picked":["Moonworks:AwakeningOfTalent","Moonworks:BackdoorTrade"],"picked":"Moonworks:Dinner","floor":10},{"not_picked":["Moonworks:BigMagnum","Moonworks:ImOnFire","Moonworks:FinalSurgery"],"picked":"SKIP","floor":12},{"not_picked":["Moonworks:Poppoformation","Moonworks:SakisCookie","Moonworks:RagingMadness"],"picked":"SKIP","floor":13},{"not_picked":["Moonworks:Dash","Moonworks:Dinner"],"picked":"Moonworks:CloudOfSeagulls","floor":14}],"player_experience":1495043,"relics_obtained":[{"floor":9,"key":"Dota2Spire:PhaseBoots"},{"floor":13,"key":"Mirror"},{"floor":15,"key":"trackpad:BottledShadow"}],"event_choices":[{"damage_healed":0,"gold_gain":0,"player_choice":"Take Damage","damage_taken":15,"relics_obtained":["Golden Idol"],"max_hp_gain":0,"max_hp_loss":0,"event_name":"Golden Idol","floor":2,"gold_loss":0},{"damage_healed":0,"gold_gain":0,"player_choice":"Upgraded","damage_taken":0,"max_hp_gain":0,"max_hp_loss":0,"event_name":"Upgrade Shrine","floor":4,"gold_loss":0,"cards_upgraded":["Moonworks:EvilSpyWorkPreparation"]}],"is_beta":false,"boss_relics":[],"items_purged_floors":[],"is_endless":false,"potions_floor_spawned":[1,3,13,14],"killed_by":"The Guardian","ascension_level":0}}