{"host":"684z1xpuwaoqmmh1","time":1612804875,"event":{"mods":["A Magickal Journey","BaseMod","Downfall","Hermit","Jorbs\u0027s Wanderer Trilogy","Marisa????????","Minty Spire (QoL Compilation)","Robot Space Explorer","Shade Mod","StSLib","The Bug Knight","The Dragon Tamer","The Elementalist","The Hayseed","The Hierophant","The Marked","The Mystic","The Runesmith","The Saiyan","The Senshi","The Spell Scribe","The Vixen","TheBandit","TheFirefly"],"gold_per_floor":[88,64,64,78,95,95,127,127,127,159,179,179,198,229,229,328,328,338,1,12,28,41,41,67,67,67,85,112,112,137,164,164,265,265,285,295,295,314,333,359,389,417,429,470,500,512,544,568,580,592,604,616,75,106,106],"floor_reached":56,"language":"ENG","playtime":4032,"items_purged":["Saiyan:SAIYA_Strike","Parasite"],"score":2007,"play_id":"9c3079a0-cd60-4b24-b228-8998f437a55a","local_time":"20210208192115","is_ascension_mode":true,"campfire_choices":[{"data":"Saiyan:SuperSaiyanForm","floor":6.0,"key":"SMITH"},{"data":"Saiyan:MindBoom","floor":8.0,"key":"SMITH"},{"data":"Saiyan:Teleport","floor":12.0,"key":"SMITH"},{"data":"Saiyan:Fly","floor":15.0,"key":"SMITH"},{"data":"Saiyan:SuperSaiyanThree","floor":23.0,"key":"SMITH"},{"data":"Saiyan:SuperSaiyanForm","floor":32.0,"key":"SMITH"},{"floor":46,"key":"RECALL"},{"data":"Saiyan:Furor","floor":49,"key":"SMITH"},{"data":"Saiyan:Furor","floor":52,"key":"SMITH"}],"circlet_count":0,"master_deck":["Saiyan:SAIYA_Strike","Saiyan:SAIYA_Strike","Saiyan:SAIYA_Defend+1","Saiyan:SAIYA_Defend","Saiyan:SAIYA_Defend","Saiyan:EnergyBlast","Saiyan:KaioKen+1","Saiyan:RuthlessBlow","Saiyan:SuperSaiyanForm+1","Saiyan:PlotArmor","Saiyan:KiStrike","Saiyan:PowerUp","Saiyan:MindBoom+1","Saiyan:Teleport+1","Saiyan:Flurry","Saiyan:Furor+1","Saiyan:Fly+1","Saiyan:SuperSaiyanThree+1","Saiyan:MeteorDash+1","Saiyan:FingerParry+1","Saiyan:SuperSaiyanForm+1","Saiyan:PowerUp","Saiyan:DragonFist+1","Saiyan:Furor+1","Saiyan:Flurry+1","Saiyan:Rekindle","Saiyan:BurningSoul+1","Saiyan:RemoveWeights+1","Saiyan:Planning","Saiyan:KameHameHa+1","Saiyan:PlotArmor","Saiyan:BurningSoul+1"],"relics":["SaiyanSoul","SaiyanHeart","Runesmith:Nanobots","Bottled Tornado","Ice Cream","Bottled Lightning","Busted Crown","Molten Egg 2","theSenshi:FeatherClipsRelic","WingedGreaves","War Paint","Nilry\u0027s Codex","Oddly Smooth Stone","Strawberry","Sozu","hexamod:CandleOfCauterizing","sneckomod:BlankCard","MawBank","Guardian:GemstoneGun","bronze:BronzeIdol","InkBottle","Sundial"],"acts_visited":["Exordium","TheCity","TheBeyond","TheEnding"],"potions_floor_usage":[],"damage_taken":[{"damage":1.0,"enemies":"Small Slimes","floor":1.0,"turns":4.0},{"damage":0.0,"enemies":"2 Louse","floor":4.0,"turns":4.0},{"damage":0.0,"enemies":"Cultist","floor":5.0,"turns":3.0},{"damage":0.0,"enemies":"Lagavulin","floor":7.0,"turns":9.0},{"damage":18.0,"enemies":"Gremlin Nob","floor":10.0,"turns":5.0},{"damage":0.0,"enemies":"3 Louse","floor":11.0,"turns":4.0},{"damage":0.0,"enemies":"Blue Slaver","floor":13.0,"turns":3.0},{"damage":0.0,"enemies":"Lagavulin","floor":14.0,"turns":5.0},{"damage":0.0,"enemies":"Hexaghost","floor":16.0,"turns":9.0},{"damage":2.0,"enemies":"Shell Parasite","floor":18.0,"turns":4.0},{"damage":0.0,"enemies":"Chosen","floor":20.0,"turns":4.0},{"damage":0.0,"enemies":"Snake Plant","floor":21.0,"turns":4.0},{"damage":0.0,"enemies":"Centurion and Healer","floor":22.0,"turns":6.0},{"damage":1.0,"enemies":"Gremlin Leader","floor":24.0,"turns":5.0},{"damage":1.0,"enemies":"Cultist and Chosen","floor":27.0,"turns":6.0},{"damage":9.0,"enemies":"Slavers","floor":28.0,"turns":6.0},{"damage":31.0,"enemies":"Gremlin Leader","floor":30.0,"turns":7.0},{"damage":21.0,"enemies":"Slavers","floor":31.0,"turns":9.0},{"damage":4.0,"enemies":"Collector","floor":33.0,"turns":7.0},{"damage":5.0,"enemies":"3 Shapes","floor":35.0,"turns":5.0},{"damage":13,"enemies":"3 Darklings","floor":36,"turns":5},{"damage":8,"enemies":"Transient","floor":38,"turns":5},{"damage":0,"enemies":"Spire Growth","floor":39,"turns":6},{"damage":0,"enemies":"Giant Head","floor":40,"turns":8},{"damage":7,"enemies":"Reptomancer","floor":41,"turns":7},{"damage":1,"enemies":"HollowMod:StalkingDevout","floor":42,"turns":7},{"damage":10,"enemies":"Nemesis","floor":44,"turns":5},{"damage":8,"enemies":"Writhing Mass","floor":45,"turns":5},{"damage":32,"enemies":"4 Shapes","floor":47,"turns":4},{"damage":0,"enemies":"Jaw Worm Horde","floor":48,"turns":6},{"damage":0,"enemies":"Time Eater","floor":50,"turns":9},{"damage":13,"enemies":"Shield and Spear","floor":54,"turns":5},{"damage":43,"enemies":"The Heart","floor":55,"turns":8}],"seed_played":"5064966478008348961","potions_obtained":[{"floor":4.0,"key":"AttackPotion"},{"floor":7.0,"key":"Fire Potion"},{"floor":10.0,"key":"Explosive Potion"},{"floor":20.0,"key":"EssenceOfSteel"},{"floor":21.0,"key":"Block Potion"},{"floor":22.0,"key":"Fire Potion"},{"floor":25.0,"key":"EntropicBrew"},{"floor":25.0,"key":"AttackPotion"},{"floor":28.0,"key":"DuplicationPotion"},{"floor":30.0,"key":"Swift Potion"}],"is_trial":false,"path_per_floor":["M","$","?","M","M","R","E","R","T","E","M","R","M","E","R","B",null,"M","$","M","M","M","R","E","?","T","M","E","?","E","E","R","B",null,"M","M","?","M","M","E","E","E","T","E","M","R","M","M","R","B",null,"R","$","E","B",null],"character_chosen":"SAIYAJIN","items_purchased":["Saiyan:PlotArmor","Molten Egg 2","bronze:BronzeIdol","InkBottle","Saiyan:PlotArmor"],"campfire_rested":0,"item_purchase_floors":[2,19,53,53,53],"current_hp_per_floor":[54,54,59,61,62,62,63,63,63,47,49,49,51,52,52,54,73,73,73,77,80,84,84,88,88,88,95,93,77,55,49,49,52,98,101,97,97,97,105,114,116,122,122,122,123,123,100,108,108,118,138,138,138,133,100],"gold":106,"neow_bonus":"REMOVE_CARD","is_daily":false,"chose_seed":false,"campfire_upgraded":8,"win_rate":0.0,"timestamp":1612804875,"path_taken":["M","$","?","M","M","R","E","R","T","E","M","R","M","E","R","BOSS","M","$","M","M","M","R","E","?","T","?","E","?","E","E","R","BOSS","M","M","?","?","M","E","E","E","T","E","?","R","M","M","R","BOSS","R","$","E","BOSS"],"items_purchased_type":["Card","Relic","Relic","Relic","Card"],"build_version":"2020-12-22","purchased_purges":2,"victory":true,"max_hp_per_floor":[61,61,66,68,69,69,70,70,70,72,74,74,76,77,77,79,79,81,81,85,88,92,92,97,97,97,99,100,100,103,112,112,113,113,115,118,118,120,122,125,128,129,129,133,136,136,139,141,141,145,145,145,142,144,148],"card_choices":[{"not_picked":["Saiyan:SaiyanHubris","Saiyan:WarmUp"],"picked":"Saiyan:SuperSaiyanForm","floor":1.0},{"not_picked":["Saiyan:KiExplosion","Saiyan:UltraInstinct"],"picked":"Saiyan:KiStrike","floor":4.0},{"not_picked":["Saiyan:Quickening","Saiyan:Scouter"],"picked":"Saiyan:PowerUp","floor":5.0},{"not_picked":["Saiyan:Flurry","Saiyan:KiExplosion"],"picked":"Saiyan:MindBoom","floor":7.0},{"not_picked":["Saiyan:DrainingStrike","Saiyan:CCCapsule"],"picked":"Saiyan:Teleport","floor":10.0},{"not_picked":["Saiyan:RemoveWeights","Saiyan:ExpandingShockwave"],"picked":"Saiyan:Flurry","floor":11.0},{"not_picked":["Saiyan:ExpandingShockwave","Saiyan:DragonFist"],"picked":"Saiyan:Furor","floor":13.0},{"not_picked":["Saiyan:Quickening","Saiyan:FingerParry"],"picked":"Saiyan:Fly","floor":14.0},{"not_picked":["Saiyan:GhostAttack","Saiyan:TransfigurationBeam"],"picked":"Saiyan:SuperSaiyanThree","floor":16.0},{"not_picked":["Saiyan:DragonFist"],"picked":"SKIP","floor":18.0},{"not_picked":[],"picked":"Saiyan:MeteorDash+1","floor":20.0},{"not_picked":[],"picked":"Saiyan:FingerParry+1","floor":21.0},{"not_picked":["Saiyan:DoubleMasenko+1"],"picked":"SKIP","floor":22.0},{"not_picked":[],"picked":"Saiyan:SuperSaiyanForm","floor":24.0},{"not_picked":[],"picked":"Saiyan:PowerUp","floor":27.0},{"not_picked":[],"picked":"Saiyan:DragonFist+1","floor":28.0},{"not_picked":[],"picked":"Saiyan:Furor","floor":30.0},{"not_picked":[],"picked":"Saiyan:Flurry+1","floor":31.0},{"not_picked":[],"picked":"Saiyan:Rekindle","floor":33.0},{"not_picked":[],"picked":"Saiyan:BurningSoul+1","floor":35.0},{"not_picked":["Saiyan:DragonRadar+1"],"picked":"SKIP","floor":36},{"not_picked":["Saiyan:FingerParry+1"],"picked":"SKIP","floor":38},{"not_picked":["Saiyan:PowerUp"],"picked":"SKIP","floor":39},{"not_picked":["Saiyan:FingerParry"],"picked":"SKIP","floor":40},{"not_picked":["Saiyan:Medicine"],"picked":"SKIP","floor":41},{"not_picked":[],"picked":"Saiyan:RemoveWeights+1","floor":42},{"not_picked":["Saiyan:Reset"],"picked":"SKIP","floor":44},{"not_picked":[],"picked":"Saiyan:Planning","floor":45},{"not_picked":["Saiyan:PowerUp"],"picked":"SKIP","floor":47},{"not_picked":[],"picked":"Saiyan:KameHameHa+1","floor":48},{"not_picked":[],"picked":"Saiyan:BurningSoul+1","floor":54}],"player_experience":3203475,"relics_obtained":[{"floor":7.0,"key":"Runesmith:Nanobots"},{"floor":9.0,"key":"Bottled Tornado"},{"floor":10.0,"key":"Ice Cream"},{"floor":14.0,"key":"Bottled Lightning"},{"floor":24.0,"key":"theSenshi:FeatherClipsRelic"},{"floor":26.0,"key":"WingedGreaves"},{"floor":28.0,"key":"War Paint"},{"floor":29.0,"key":"Nilry\u0027s Codex"},{"floor":30.0,"key":"Oddly Smooth Stone"},{"floor":31.0,"key":"Strawberry"},{"floor":40,"key":"hexamod:CandleOfCauterizing"},{"floor":41,"key":"sneckomod:BlankCard"},{"floor":42,"key":"MawBank"},{"floor":44,"key":"Guardian:GemstoneGun"},{"floor":54,"key":"Sundial"}],"event_choices":[{"damage_healed":0.0,"max_hp_gain":5.0,"max_hp_loss":0.0,"gold_gain":0.0,"event_name":"Big Fish","player_choice":"Donut","floor":3.0,"gold_loss":0.0,"damage_taken":0.0},{"damage_healed":0.0,"max_hp_gain":0.0,"max_hp_loss":0.0,"gold_gain":0.0,"event_name":"Lab","player_choice":"Got Potions","floor":25.0,"gold_loss":0.0,"damage_taken":0.0},{"damage_healed":0.0,"max_hp_gain":0.0,"max_hp_loss":0.0,"gold_gain":0.0,"event_name":"Cursed Tome","player_choice":"Obtained Book","floor":29.0,"gold_loss":0.0,"damage_taken":16.0},{"cards_removed":["Saiyan:SAIYA_Defend"],"damage_healed":0,"gold_gain":0,"player_choice":"Offered Basic","damage_taken":0,"max_hp_gain":0,"max_hp_loss":0,"event_name":"Bonfire Elementals","floor":37,"gold_loss":0}],"is_beta":false,"boss_relics":[{"not_picked":["Ectoplasm","theSenshi:MoonKaleidoScopeRelic"],"picked":"Busted Crown"},{"not_picked":["Snecko Eye","Empty Cage"],"picked":"Sozu"}],"items_purged_floors":[19,53],"is_endless":false,"potions_floor_spawned":[4,7,10,13,20,21,22,28,30,38,39,40,42,48,54],"ascension_level":8}}