{"host":"b3qi48j7z53ln4gi","time":1612789243,"event":{"mods":["100% Spire Juice","2.2 Compatiblity","AchievementEnabler","Act Like it!","BaseMod","Better Note","Better Third Choice","BetterRewards","Bossed Relics","CapriCore","Colored Powertips","Curses Come First","Dota2Spire","Gensokyo","GungeonMod","Hallownest","HololiveMod","Infinite Spire","Koishi","Minty Spire (QoL Compilation)","Permanent Neow","Prisma Mod","Reimu£¨ÚÏ???£©","Remilia£¨?Ú·×é?£©","Remove Card Discount Mod","Say the Spire","Shade Mod","Shop Mod","Spicy Shops","StSLib","Td1madao Mod","The Administrix","The Animator","The Dragon Tamer","The Immortal","The Jungle","The Senshi","The Servant 0.9.4","Wandering Minibosses","¡¼?Úª?ø«¡½REMEMod"],"gold_per_floor":[116,135,154,92,105,105,122,122,147,164,264,264,279,329,329,431,431,464,464,484,62,95,95,122,139,139,139,168,183,212,222,222,325,325,361,398,14,0,100,100,115,167,167,179,227,245,260,260,260,359,359,361,361,201,53,52,52],"floor_reached":56,"language":"KOR","playtime":5837,"items_purged":["PrismaMod:IllyaCommonAttack","PrismaMod:IllyaCommonDefend","PrismaMod:IllyaCommonAttack","PrismaMod:IllyaCommonDefend","PrismaMod:IllyaCommonAttack","PrismaMod:IllyaCommonAttack","PrismaMod:IllyaBride","PrismaMod:IllyaUncommonAttack","PrismaMod:IllyaCommonDefend","Parasite","PrismaMod:IllyaCommonEvoke","Normality","PrismaMod:IllyaCommonDefend","PrismaMod:IllyaCommonAttack","PrismaMod:IllyaInstallAvenger","PrismaMod:IllyaCommonDefend","Regret"],"score":995,"play_id":"ab5fb245-1fde-427a-821a-d80275a7bb59","local_time":"20210208220043","is_ascension_mode":false,"campfire_choices":[{"data":"PrismaMod:IllyaCheapChannelDefend","floor":6.0,"key":"SMITH"},{"data":"PrismaMod:IllyaCheapChannelAttack","floor":8.0,"key":"SMITH"},{"data":"PrismaMod:IllyaUncommonDefend","floor":12.0,"key":"SMITH"},{"data":"PrismaMod:IllyaCarnivalAttack","floor":15.0,"key":"SMITH"},{"floor":23.0,"key":"RECALL"},{"data":"PrismaMod:IllyaMinorZwei","floor":27.0,"key":"SMITH"},{"data":"PrismaMod:IllyaCheapChannelPoison","floor":32.0,"key":"SMITH"},{"data":"REME_FirmDetermination","floor":40.0,"key":"SMITH"},{"data":"PrismaMod:IllyaSaphire","floor":49.0,"key":"SMITH"}],"circlet_count":0,"master_deck":["PrismaMod:IllyaUncommonDefend+1","PrismaMod:IllyaCarnivalAttack+1","PrismaMod:IllyaAOECommonAttack","PrismaMod:IllyaUncommonAOEAttack","PrismaMod:IllyaUncommonAOEAttack","PrismaMod:IllyaCheapChannelDefend+1","PrismaMod:IllyaCheapChannelAttack+1","PrismaMod:IllyaCarnivalPrismaAstolfo","PrismaMod:IllyaBoysLove","PrismaMod:IllyaFeed","PrismaMod:IllyaStunPoison","PrismaMod:IllyaDevil","PrismaMod:IllyaCarnivalAttack","wanderingMiniBosses:FinaleOfPromise+1","PrismaMod:IllyaCommandSeal","PrismaMod:IllyaPoisonTippedWeapons+1","REME_FirmDetermination+1","PrismaMod:IllyaPartialInstallAssassin+1","PrismaMod:IllyaCheapChannelPoison+1","PrismaMod:IllyaMinorZwei+1","PrismaMod:IllyaSaphire+1","PrismaMod:IllyaMinorZwei+1","PrismaMod:IllyaCommandSeal","PrismaMod:IllyaInstallCaster","PrismaMod:IllyaUncommonAOEAttack+1","PrismaMod:IllyaSaphire+1","PrismaMod:IllyaPoisonBomb","PrismaMod:IllyaAOECommonAttack+1","Necronomicurse"],"relics":["PrismaMod:PrismaRuby","REME_ComplimentaryCards","Toolbox","infinitespire:PuzzleCube","Orrery","infinitespire:CursedDice","Lee\u0027s Waffle","Dota2Spire:Desolator","Dota2Spire:RefresherOrb","wanderingMiniBosses:Blackblade","Pear","Medical Kit","PreservedInsect","Pantograph","Dota2Spire:DrumOfEndurance","Bird Faced Urn","infinitespire:Bottled Soul","Philosopher\u0027s Stone","Dota2Spire:ShadowBlade","infinitespire:Beetle Shell","Sling","Red Mask","Sundial","Meat on the Bone","Dota2Spire:DivineRapier","Bag of Preparation","REME_CardOfGreed","PrismaMod:PrismaZwei","Dota2Spire:Bloodstone","Necronomicon","Strange Spoon","Ice Cream"],"acts_visited":["Gensokyo:Gensokyo","TheCity","TheBeyond","Gensokyo:Gensokyo"],"potions_floor_usage":[],"damage_taken":[{"damage":0.0,"enemies":"Gensokyo:Python","floor":1.0,"turns":3.0},{"damage":1.0,"enemies":"Gensokyo:2_Kodama","floor":2.0,"turns":2.0},{"damage":6.0,"enemies":"Gensokyo:Gryphon","floor":3.0,"turns":6.0},{"damage":4.0,"enemies":"Gensokyo:3_Kodama","floor":5.0,"turns":3.0},{"damage":0.0,"enemies":"Gensokyo:CorruptedTreant","floor":7.0,"turns":3.0},{"damage":0.0,"enemies":"Gensokyo:Kitsune","floor":10.0,"turns":3.0},{"damage":0.0,"enemies":"Gensokyo:VengefulSpirit","floor":13.0,"turns":3.0},{"damage":0.0,"enemies":"Gensokyo:Mamizou","floor":14.0,"turns":6.0},{"damage":0.0,"enemies":"Gensokyo:Reimu","floor":16.0,"turns":9.0},{"damage":11.0,"enemies":"2 Thieves","floor":18.0,"turns":6.0},{"damage":3.0,"enemies":"Chosen","floor":20.0,"turns":3.0},{"damage":0.0,"enemies":"3 Cultists","floor":22.0,"turns":3.0},{"damage":0.0,"enemies":"Book of Stabbing","floor":24.0,"turns":2.0},{"damage":0.0,"enemies":"Snake Plant","floor":25.0,"turns":3.0},{"damage":0.0,"enemies":"Nightmare","floor":28.0,"turns":5.0},{"damage":0.0,"enemies":"Snecko","floor":29.0,"turns":3.0},{"damage":12.0,"enemies":"Gremlin Leader","floor":30.0,"turns":3.0},{"damage":1.0,"enemies":"Centurion and Healer","floor":31.0,"turns":3.0},{"damage":0.0,"enemies":"Champ","floor":33.0,"turns":8.0},{"damage":0.0,"enemies":"Orb Walker","floor":35.0,"turns":3.0},{"damage":0.0,"enemies":"3 Shapes","floor":36.0,"turns":3.0},{"damage":0.0,"enemies":"Writhing Mass","floor":41.0,"turns":1.0},{"damage":6.0,"enemies":"Reptomancer","floor":42.0,"turns":3.0},{"damage":0.0,"enemies":"Spire Growth","floor":44.0,"turns":3.0},{"damage":0.0,"enemies":"2 Orb Walkers","floor":45.0,"turns":2.0},{"damage":0.0,"enemies":"Maw","floor":46.0,"turns":5.0},{"damage":0.0,"enemies":"Sphere and 2 Shapes","floor":47.0,"turns":3.0},{"damage":9.0,"enemies":"Time Eater","floor":50.0,"turns":6.0},{"damage":0.0,"enemies":"Gensokyo:Python","floor":52.0,"turns":1.0},{"damage":0,"enemies":"Gensokyo:3_Fairies","floor":56,"turns":1}],"seed_played":"-1363771566041770360","potions_obtained":[{"floor":5.0,"key":"Regen Potion"},{"floor":10.0,"key":"Dota2Spire:Clarity"},{"floor":14.0,"key":"Dexterity Potion"},{"floor":16.0,"key":"DuplicationPotion"},{"floor":22.0,"key":"Strength Potion"},{"floor":24.0,"key":"Ancient Potion"},{"floor":25.0,"key":"PowerPotion"},{"floor":29.0,"key":"Weak Potion"},{"floor":31.0,"key":"PowerPotion"},{"floor":42.0,"key":"Ancient Potion"},{"floor":45.0,"key":"LiquidMemories"},{"floor":46.0,"key":"SneckoOil"},{"floor":47.0,"key":"GamblersBrew"}],"is_trial":false,"path_per_floor":["M","M","M","$","M","R","M","R","T","M","?","R","M","E","R","B",null,"M","?","M","$","M","R","E","M","T","R","NM","M","E","M","R","B",null,"M","M","$","?","?","R","M","E","T","M","?","M","M","AVR","R","B",null,"M","AVR","?","$","M"],"character_chosen":"ILLYA","items_purchased":["Toolbox","infinitespire:PuzzleCube","PrismaMod:IllyaInstallAvenger","PrismaMod:IllyaCarnivalAttack","Orrery","Lee\u0027s Waffle","Pear","Medical Kit","REME_FirmDetermination","PreservedInsect","Dota2Spire:ShadowBlade","infinitespire:Beetle Shell","Sling","Strange Spoon","Ice Cream"],"campfire_rested":0,"item_purchase_floors":[0,0,0,0,0,4,21,21,21,21,37,37,37,55,55],"current_hp_per_floor":[75,74,68,79,75,75,75,75,75,75,75,75,75,79,79,79,79,73,73,79,89,89,89,89,89,89,89,91,91,84,90,90,91,91,91,91,91,91,91,91,91,88,88,91,91,91,91,91,91,87,91,91,91,91,91,91,91],"gold":52,"neow_bonus":"","is_daily":false,"chose_seed":false,"campfire_upgraded":8,"win_rate":0.0,"timestamp":1612789243,"path_taken":["M","M","M","$","M","R","M","R","T","M","?","R","?","E","R","BOSS","M","?","M","$","M","R","E","?","T","R","NM","M","E","M","R","BOSS","M","M","$","?","?","R","?","E","T","M","?","M","M","AVR","R","BOSS","M","AVR","?","$","M"],"items_purchased_type":["Relic","Relic","Card","Card","Relic","Relic","Relic","Relic","Card","Relic","Relic","Relic","Relic","Relic","Relic"],"build_version":"2020-12-22","purchased_purges":17,"victory":false,"max_hp_per_floor":[75,75,75,79,79,79,79,79,79,79,79,79,79,79,79,79,79,79,79,79,89,89,89,89,89,89,89,91,91,91,91,91,91,91,91,91,91,91,91,91,91,91,91,91,91,91,91,91,91,91,91,91,91,91,91,91,91],"card_choices":[{"not_picked":["PrismaMod:IllyaAssassinRevenge","PrismaMod:IllyaMaid"],"picked":"PrismaMod:IllyaCommonEvoke","floor":0.0},{"not_picked":["PrismaMod:IllyaDualEvoke","PrismaMod:IllyaBerserCAR"],"picked":"PrismaMod:IllyaBride","floor":0.0},{"not_picked":["PrismaMod:IllyaReinForce","PrismaMod:IllyaRubysPotion"],"picked":"PrismaMod:IllyaAOECommonAttack","floor":0.0},{"not_picked":["PrismaMod:IllyaInstallAssassin","PrismaMod:IllyaUberDefendChannel"],"picked":"PrismaMod:IllyaUncommonAOEAttack","floor":0.0},{"not_picked":["PrismaMod:IllyaEvokeAll","PrismaMod:IllyaCheapChannelDefend"],"picked":"PrismaMod:IllyaUncommonAOEAttack","floor":0.0},{"not_picked":["PrismaMod:IllyaRubysPotion","PrismaMod:IllyaDetonatingBlow"],"picked":"PrismaMod:IllyaCheapChannelDefend","floor":1.0},{"not_picked":["PrismaMod:IllyaBride","PrismaMod:IllyaRubysPotion"],"picked":"PrismaMod:IllyaCheapChannelAttack","floor":2.0},{"not_picked":["PrismaMod:IllyaUberChannel","PrismaMod:IllyaMaid"],"picked":"PrismaMod:IllyaCarnivalPrismaAstolfo","floor":3.0},{"not_picked":["PrismaMod:IllyaCheapChannelDefend","PrismaMod:IllyaGrailKun"],"picked":"PrismaMod:IllyaBoysLove","floor":5.0},{"not_picked":["PrismaMod:IllyaBlindPoisonToss","PrismaMod:IllyaBoysLove"],"picked":"PrismaMod:IllyaFeed","floor":7.0},{"not_picked":["PrismaMod:IllyaCheapChannelDefend","PrismaMod:IllyaRapidFire"],"picked":"PrismaMod:IllyaStunPoison","floor":10.0},{"not_picked":["PrismaMod:IllyaAssassinRevenge","PrismaMod:IllyaGrailKun","PrismaMod:IllyaBride"],"picked":"SKIP","floor":13.0},{"not_picked":["PrismaMod:IllyaInstallAvenger","PrismaMod:IllyaFeed"],"picked":"PrismaMod:IllyaDevil","floor":14.0},{"not_picked":["PrismaMod:IllyaCarnivalDefend","PrismaMod:IllyaInstallAssassin"],"picked":"PrismaMod:IllyaCarnivalAttack","floor":16.0},{"not_picked":[],"picked":"wanderingMiniBosses:FinaleOfPromise","floor":18.0},{"not_picked":["PrismaMod:IllyaRussianRoulette","PrismaMod:IllyaCommonEvoke"],"picked":"PrismaMod:IllyaCommandSeal","floor":18.0},{"not_picked":["PrismaMod:IllyaTestament+1","PrismaMod:IllyaMaid"],"picked":"PrismaMod:IllyaPoisonTippedWeapons+1","floor":20.0},{"not_picked":["PrismaMod:IllyaCheapChannelPoison","PrismaMod:IllyaDualEvoke+1"],"picked":"PrismaMod:IllyaPartialInstallAssassin+1","floor":22.0},{"not_picked":["PrismaMod:IllyaHassanGift","PrismaMod:IllyaZwei"],"picked":"PrismaMod:IllyaCheapChannelPoison","floor":24.0},{"not_picked":["PrismaMod:IllyaCheapAttack+1","PrismaMod:IllyaUpgradeOrbs+1"],"picked":"PrismaMod:IllyaMinorZwei","floor":25.0},{"not_picked":["PrismaMod:IllyaUncommonAOEAttack+1","PrismaMod:IllyaGun"],"picked":"PrismaMod:IllyaSaphire+1","floor":28.0},{"not_picked":["PrismaMod:IllyaCheapChannelAttack","PrismaMod:IllyaPoisonBlock","PrismaMod:IllyaFeed"],"picked":"SKIP","floor":29.0},{"not_picked":["PrismaMod:IllyaMinorReinForce","PrismaMod:IllyaUberAttackChannel"],"picked":"PrismaMod:IllyaMinorZwei+1","floor":30.0},{"not_picked":["PrismaMod:IllyaCheapDefend","PrismaMod:IllyaGun"],"picked":"PrismaMod:IllyaCommandSeal","floor":31.0},{"not_picked":["PrismaMod:IllyaCarnivalAttack","PrismaMod:IllyaCarnivalPrismaAstolfo"],"picked":"PrismaMod:IllyaInstallCaster","floor":33.0},{"not_picked":["PrismaMod:IllyaGrailKun","PrismaMod:IllyaEvokeAll","PrismaMod:IllyaMaid+1"],"picked":"SKIP","floor":35.0},{"not_picked":["PrismaMod:IllyaCheapChannelDefend","PrismaMod:IllyaCheapChannelAttack+1"],"picked":"PrismaMod:IllyaUncommonAOEAttack+1","floor":36.0},{"not_picked":["PrismaMod:IllyaCheapChannelDefend","PrismaMod:IllyaGrailKun"],"picked":"PrismaMod:IllyaSaphire","floor":41.0},{"not_picked":["PrismaMod:IllyaCheapAttack","PrismaMod:IllyaEvokeAll+1"],"picked":"PrismaMod:IllyaPoisonBomb","floor":42.0},{"not_picked":["PrismaMod:IllyaRubysPotion+1","PrismaMod:IllyaUpgradeOrbs"],"picked":"PrismaMod:IllyaAOECommonAttack+1","floor":44.0},{"not_picked":["PrismaMod:IllyaMaid","PrismaMod:IllyaFeed+1","PrismaMod:IllyaUncommonEvoke"],"picked":"SKIP","floor":46.0},{"not_picked":["PrismaMod:IllyaUncommonEvoke","PrismaMod:IllyaDetonatingBlow","PrismaMod:IllyaUncommonAttack+1"],"picked":"SKIP","floor":47.0},{"not_picked":["PrismaMod:IllyaPoisonBomb","PrismaMod:IllyaCheapAttack","PrismaMod:IllyaBlindPoisonToss"],"picked":"SKIP","floor":52.0}],"player_experience":158027,"relics_obtained":[{"floor":14.0,"key":"Dota2Spire:Desolator"},{"floor":18.0,"key":"wanderingMiniBosses:Blackblade"},{"floor":24.0,"key":"Pantograph"},{"floor":26.0,"key":"Dota2Spire:DrumOfEndurance"},{"floor":28.0,"key":"Bird Faced Urn"},{"floor":30.0,"key":"infinitespire:Bottled Soul"},{"floor":42.0,"key":"Sundial"},{"floor":43.0,"key":"Meat on the Bone"},{"floor":45.0,"key":"Dota2Spire:DivineRapier"}],"event_choices":[{"damage_healed":0.0,"max_hp_gain":0.0,"max_hp_loss":0.0,"gold_gain":0.0,"event_name":"Upgrade Shrine","player_choice":"Upgraded","floor":19.0,"gold_loss":0.0,"damage_taken":0.0,"cards_upgraded":["wanderingMiniBosses:FinaleOfPromise"]},{"damage_healed":0.0,"max_hp_gain":0.0,"max_hp_loss":0.0,"gold_gain":0.0,"event_name":"Tomb of Lord Red Mask","player_choice":"Paid","floor":38.0,"gold_loss":14.0,"damage_taken":0.0,"relics_obtained":["Red Mask"]},{"damage_healed":0.0,"max_hp_gain":0.0,"max_hp_loss":0.0,"gold_gain":100.0,"event_name":"Golden Shrine","player_choice":"Pray","floor":39.0,"gold_loss":0.0,"damage_taken":0.0},{"damage_healed":0.0,"max_hp_gain":0.0,"max_hp_loss":0.0,"gold_gain":0.0,"event_name":"Mysterious Sphere","player_choice":"Fight","floor":45.0,"gold_loss":0.0,"damage_taken":0.0}],"is_beta":false,"boss_relics":[{"not_picked":["Snecko Eye","Empty Cage"],"picked":"Dota2Spire:RefresherOrb"},{"not_picked":["REME_DemonsWealth","Cursed Key"],"picked":"Philosopher\u0027s Stone"},{"not_picked":["REME_LowDesire","Calling Bell"],"picked":"Dota2Spire:Bloodstone"}],"items_purged_floors":[0,0,0,0,0,0,0,0,0,4,21,21,21,21,37,37,55],"is_endless":true,"potions_floor_spawned":[5,10,14,16,22,24,25,29,31,42,45,46,47],"killed_by":"Gensokyo:3_Fairies","ascension_level":0}}