{"host":"x8sam8fprezugive","time":1612775835,"event":{"mods":["A Magickal Journey","Bard","BaseMod","Colored Powertips","Downfall","Hero for Fun","Minty Spire (QoL Compilation)","Replay The Spire","StSLib","The Necromancer"],"gold_per_floor":[99,119,132,407,422,105,131,147,147,165,165,184,97,108,127,224,224,224,240,257,275,290,304,381,394,394,141,241,241,252,263,274,371,371,371,389,404,414,414,414,414,414,428,126,153,180,180,85,98,98],"floor_reached":51,"language":"ENG","playtime":4598,"items_purged":["Regret"],"score":704,"play_id":"17647b7d-dc02-411b-9fdb-de9e171089d7","local_time":"20210208101715","is_ascension_mode":false,"campfire_choices":[{"data":"Slimebound:Split","floor":1,"key":"SMITH"},{"data":"Slimebound:Gluttony","floor":11,"key":"SMITH"},{"data":"Slimebound:LeadByExample","floor":18,"key":"SMITH"},{"data":"Slimebound:RollThrough","floor":26,"key":"SMITH"},{"data":"Slimebound:LevelUp","floor":29,"key":"SMITH"},{"data":"Slimebound:BestDefense","floor":35,"key":"SMITH"},{"data":"Slimebound:LevelUp","floor":40,"key":"SMITH"},{"data":"Slimebound:Prepare","floor":42,"key":"SMITH"},{"data":"Slimebound:DisruptingSlam","floor":47,"key":"SMITH"}],"circlet_count":0,"master_deck":["Slimebound:Strike_Slimebound","Slimebound:Strike_Slimebound","Slimebound:Strike_Slimebound","Slimebound:Defend_Slimebound","Slimebound:Defend_Slimebound","Slimebound:Defend_Slimebound","Slimebound:Split+1","Slimebound:CorrosiveSpit","Slimebound:MegaLick","Slimebound:LivingWall","Slimebound:SplitLeeching","Slimebound:SlimeBrawl","expansioncontent:AwakenDeath","Slimebound:BestDefense+1","Slimebound:Gluttony+1","Slimebound:GoopTackle","Slimebound:Repurpose","Slimebound:LeadByExample+1","Slimebound:RollThrough+1","Slimebound:GoopSpray","Slimebound:WasteNot","Slimebound:ViciousTackle","Slimebound:Prepare+1","Slimebound:LivingWall","Slimebound:AcidTongue","Slimebound:FinishingTackle+1","Slimebound:TongueLash","Slimebound:ItLooksTasty+1","Slimebound:LevelUp+1","Slimebound:SplitBruiser+1","Slimebound:LevelUp+1","Slimebound:LeechEnergy+1","Slimebound:SelfFormingGoo+1","Slimebound:FlameTackle+1","Slimebound:SplitLeeching","Slimebound:RollThrough","Slimebound:FlameTackle+1","Slimebound:ProtectTheBoss+1","Slimebound:ProtectTheBoss+1","expansioncontent:Chronoboost+1","Slimebound:DisruptingSlam+1","Slimebound:SplitSpecialist+1","Panacea+1","Slimebound:Equalize+1"],"relics":["Slimebound:AbsorbEndCombatUpgraded","Thread and Needle","Pet Ghost","Nunchaku","Replay:Grab Bag","Painkiller Herb","Philosopher\u0027s Stone","Golden Egg","Iron Hammer","Replay:PocketPolymizer","Mummified Hand","Honey Jar","Pear","Letter Opener","Meat on the Bone","Ornamental Fan","Mango"],"acts_visited":["Exordium","TheCity","TheBeyond"],"potions_floor_usage":[14,20,21,25,27,33,33,44,49],"damage_taken":[{"damage":8,"enemies":"Cultist","floor":2,"turns":3},{"damage":0,"enemies":"2 Louse","floor":3,"turns":3},{"damage":0,"enemies":"Small Slimes","floor":5,"turns":3},{"damage":3,"enemies":"downfall:FleeingMerchant","floor":6,"turns":4},{"damage":13,"enemies":"Exordium Thugs","floor":8,"turns":4},{"damage":0,"enemies":"Large Slime","floor":10,"turns":5},{"damage":6,"enemies":"2 Fungi Beasts","floor":12,"turns":4},{"damage":18,"enemies":"downfall:FleeingMerchant","floor":13,"turns":4},{"damage":16,"enemies":"Gremlin Gang","floor":14,"turns":5},{"damage":0,"enemies":"2 Fungi Beasts","floor":15,"turns":5},{"damage":5,"enemies":"SI_SHIV_ARCHETYPE","floor":16,"turns":7},{"damage":11,"enemies":"Spheric Guardian","floor":19,"turns":4},{"damage":0,"enemies":"Snecko","floor":20,"turns":5},{"damage":11,"enemies":"3 Cultists","floor":21,"turns":5},{"damage":19,"enemies":"Sentry and Sphere","floor":22,"turns":5},{"damage":0,"enemies":"Cultist and Chosen","floor":23,"turns":5},{"damage":9,"enemies":"Snake Plant","floor":25,"turns":3},{"damage":5,"enemies":"downfall:FleeingMerchant","floor":27,"turns":4},{"damage":18,"enemies":"WA_ARCHETYPE_RETAIN","floor":28,"turns":5},{"damage":5,"enemies":"Centurion and Healer","floor":30,"turns":3},{"damage":12,"enemies":"Snecko","floor":31,"turns":4},{"damage":2,"enemies":"Sentry and Sphere","floor":32,"turns":3},{"damage":57,"enemies":"IC_MUSHROOM_ARCHETYPE","floor":33,"turns":6},{"damage":19,"enemies":"3 Darklings","floor":36,"turns":5},{"damage":0,"enemies":"Orb Walker","floor":37,"turns":3},{"damage":30,"enemies":"Spire Growth","floor":38,"turns":4},{"damage":22,"enemies":"Maw","floor":43,"turns":5},{"damage":3,"enemies":"downfall:FleeingMerchant","floor":44,"turns":2},{"damage":24,"enemies":"Giant Head","floor":45,"turns":7},{"damage":0,"enemies":"3 Darklings","floor":49,"turns":3},{"damage":56,"enemies":"DF_ARCHETYPE_ORBS","floor":50,"turns":7}],"seed_played":"-7928831616643171591","potions_obtained":[{"floor":5,"key":"champ:CounterPotion"},{"floor":8,"key":"Toxic Potion"},{"floor":12,"key":"DistilledChaos"},{"floor":14,"key":"Reflective Coating"},{"floor":21,"key":"hexamod:SoulburnPotion"},{"floor":23,"key":"Adrenaline Potion"},{"floor":25,"key":"sneckomod:MuddlingPotion"},{"floor":31,"key":"SkillPotion"},{"floor":36,"key":"FearPotion"},{"floor":43,"key":"SpeedPotion"},{"floor":45,"key":"Adrenaline Potion"}],"is_trial":false,"path_per_floor":["R","M","M","?","M","$","T","M","?","M","R","M","$","M","M","B",null,"T","?","?","?","?","?","T","?","T","T","?","T","?","?","?","B",null,"T","?","?","?","?","T","T","T","?","T","E","?","T","T","?","B",null],"character_chosen":"SLIMEBOUND","items_purchased":["expansioncontent:AwakenDeath","Pet Ghost","Slimebound:LeadByExample","Iron Hammer","Letter Opener","Slimebound:ProtectTheBoss+1","expansioncontent:Chronoboost","Meat on the Bone","Panacea"],"campfire_rested":0,"item_purchase_floors":[6,6,13,27,44,44,44,44,48],"current_hp_per_floor":[47,43,47,47,51,54,54,47,47,51,51,47,37,29,31,34,65,65,60,65,57,47,59,59,59,59,60,47,47,51,45,58,16,65,65,61,65,44,44,44,54,54,44,56,47,43,43,43,52,35],"gold":98,"neow_bonus":"ONE_RARE_RELIC","is_daily":false,"chose_seed":false,"campfire_upgraded":9,"win_rate":0.0,"timestamp":1612775835,"path_taken":["R","M","?","?","M","?","T","M","?","M","R","M","$","?","M","BOSS","T","?","?","?","?","?","T","?","T","T","?","T","?","?","?","BOSS","T","?","?","?","?","T","T","T","?","T","E","?","T","T","?","BOSS"],"items_purchased_type":["Card","Relic","Card","Relic","Relic","Card","Card","Relic","Card"],"build_version":"2020-12-22","purchased_purges":1,"victory":true,"max_hp_per_floor":[65,65,65,65,65,65,65,65,65,65,65,65,65,65,65,65,65,65,65,65,65,65,65,65,65,65,65,65,65,65,65,65,65,65,65,65,65,65,65,65,75,75,75,75,75,89,89,89,89,89],"card_choices":[{"not_picked":["Slimebound:LeechingTouch","Slimebound:SplitMire"],"picked":"Slimebound:MegaLick","floor":2},{"not_picked":["Slimebound:LeechingTouch","Slimebound:Nibble"],"picked":"Slimebound:LivingWall","floor":3},{"not_picked":["Slimebound:LeechEnergy","Slimebound:MegaLick"],"picked":"Slimebound:SplitLeeching","floor":5},{"not_picked":["Slimebound:TongueLash","Slimebound:SplitMire"],"picked":"Slimebound:SlimeBrawl","floor":6},{"not_picked":["Slimebound:SplitBruiser","Slimebound:Grow"],"picked":"Slimebound:BestDefense","floor":8},{"not_picked":["Slimebound:DivideAndConquer","Slimebound:Schlurp"],"picked":"Slimebound:Gluttony","floor":10},{"not_picked":["Slimebound:RejuvenatingLick","Slimebound:SplitBruiser"],"picked":"Slimebound:GoopTackle","floor":12},{"not_picked":["Slimebound:RollThrough","Slimebound:ForwardTackle"],"picked":"Slimebound:Repurpose","floor":13},{"not_picked":["Slimebound:Prepare","Slimebound:PressTheAttack"],"picked":"Slimebound:RollThrough","floor":14},{"not_picked":["Slimebound:ItLooksTasty","Slimebound:TagTeam"],"picked":"Slimebound:GoopSpray","floor":15},{"not_picked":["Slimebound:TagTeam","Slimebound:SlimeSlap"],"picked":"Slimebound:WasteNot","floor":16},{"not_picked":["Slimebound:Prepare","Slimebound:PressTheAttack"],"picked":"Slimebound:ViciousTackle","floor":19},{"not_picked":["Slimebound:ItLooksTasty+1","Slimebound:SplitMire"],"picked":"Slimebound:Prepare","floor":20},{"not_picked":["Slimebound:GrowthPunch","Slimebound:Gluttony"],"picked":"Slimebound:LivingWall","floor":21},{"not_picked":["Slimebound:TagTeam","Slimebound:SplitLeeching"],"picked":"Slimebound:AcidTongue","floor":22},{"not_picked":["Slimebound:HauntingLick","Slimebound:ComboTackle"],"picked":"Slimebound:FinishingTackle+1","floor":23},{"not_picked":["Slimebound:MegaLick","Slimebound:Schlurp"],"picked":"Slimebound:TongueLash","floor":25},{"not_picked":["Slimebound:Gluttony","Slimebound:Prepare"],"picked":"Slimebound:ItLooksTasty+1","floor":27},{"not_picked":["Slimebound:PressTheAttack","Slimebound:SplitMire"],"picked":"Slimebound:LevelUp","floor":28},{"not_picked":["Slimebound:GoopSpray","Slimebound:ItLooksTasty"],"picked":"Slimebound:SplitBruiser+1","floor":30},{"not_picked":["Slimebound:RainOfGoop","Slimebound:SplitMire"],"picked":"Slimebound:LevelUp","floor":31},{"not_picked":["Slimebound:SplitLeeching+1","Slimebound:SplitAcid"],"picked":"Slimebound:LeechEnergy+1","floor":32},{"not_picked":["Slimebound:SlimeSlap","Slimebound:CheckThePlaybook"],"picked":"Slimebound:SelfFormingGoo","floor":33},{"not_picked":["Slimebound:FinishingTackle","Slimebound:GoopTackle","Slimebound:SplitLeeching+1"],"picked":"Slimebound:FlameTackle+1","floor":36},{"not_picked":["Slimebound:LivingWall","Slimebound:FinishingTackle","Slimebound:ViciousTackle+1"],"picked":"Slimebound:SplitLeeching","floor":37},{"not_picked":["Slimebound:GoopTackle","Slimebound:WasteNot","Slimebound:RainOfGoop"],"picked":"Slimebound:RollThrough","floor":38},{"not_picked":["Slimebound:SamplingLick+1","Slimebound:Chomp","Slimebound:GoopTackle"],"picked":"Slimebound:FlameTackle+1","floor":43},{"not_picked":["Slimebound:SamplingLick","Slimebound:SpikyOuterGoop","Slimebound:SplitLeeching+1"],"picked":"Slimebound:ProtectTheBoss+1","floor":44},{"not_picked":["Slimebound:GoopSpray+1","Slimebound:LeechingTouch+1","Slimebound:PressTheAttack"],"picked":"Slimebound:DisruptingSlam","floor":45},{"not_picked":["Slimebound:AcidTongue+1","Slimebound:HauntingLick+1","Slimebound:Schlurp"],"picked":"Slimebound:SplitSpecialist+1","floor":46},{"not_picked":["Slimebound:ComboTackle+1","Slimebound:RejuvenatingLick+1","Slimebound:RollThrough"],"picked":"Slimebound:Equalize+1","floor":49}],"player_experience":233282,"relics_obtained":[{"floor":7,"key":"Nunchaku"},{"floor":24,"key":"Golden Egg"},{"floor":28,"key":"Replay:PocketPolymizer"},{"floor":28,"key":"Mummified Hand"},{"floor":41,"key":"Pear"},{"floor":45,"key":"Ornamental Fan"},{"floor":46,"key":"Mango"}],"event_choices":[{"cards_removed":["Slimebound:Tackle"],"damage_healed":0,"gold_gain":0,"player_choice":"Removed Attack","damage_taken":0,"max_hp_gain":0,"max_hp_loss":0,"event_name":"Falling","floor":39,"gold_loss":0}],"is_beta":false,"boss_relics":[{"not_picked":["Busted Crown","Tiny House"],"picked":"Replay:Grab Bag"},{"not_picked":["ReplayTheSpireMod:Onyx Gauntlets","ReplayTheSpireMod:DimensionalGlitch"],"picked":"Painkiller Herb"},{"not_picked":["Runic Dome","Replay:Wanted Poster"],"picked":"Philosopher\u0027s Stone"},{"not_picked":["Calling Bell","Runic Pyramid"],"picked":"Slimebound:AbsorbEndCombatUpgraded"},{"not_picked":["bronze:MakeshiftBattery","Snecko Eye"],"picked":"Honey Jar"}],"items_purged_floors":[6],"is_endless":false,"potions_floor_spawned":[5,8,12,14,21,23,25,31,32,36,43,45],"ascension_level":0}}