{"host":"khkox7sggahain0a","time":1612807309,"event":{"mods":["100% Spire Juice","Act Like it!","Arknights","BaseMod","Downfall","Gensokyo","Lobotomy","LobotomyExtend","Marisa£®ÏF”Í°°ƒß¿Ì…≥£©","Minty Spire (QoL Compilation)","Quick Restart","StSLib","The Animator","Waifu the Spire","°æ“≈ŒÔø®≈∆°øREMEMod"],"gold_per_floor":[259,259,334,358,358,358,387,411,411,456,481,528,434,439,439],"floor_reached":14,"language":"ZHS","playtime":678,"items_purged":[],"score":135,"play_id":"3db29995-ec6f-4490-9785-a492fa805a13","local_time":"20210209020149","is_ascension_mode":true,"campfire_choices":[{"floor":6,"key":"RECALL"}],"circlet_count":0,"master_deck":["animator:Strike_Kancolle","animator:Defend_Kancolle+1","animator:Shimakaze","animator:OrikoMikuni","animator:Yoichi","animator:UneriGinkaku","animator:ZankiKiguchi","animator:Yuuichirou","DaCapo","animator:HomuraAkemi","animator:Rena","animator:Strike_Elsword","animator:Strike_HitsugiNoChaika","animator:Strike_OnePunchMan","animator:Defend_OnePunchMan","animator:Defend_HitsugiNoChaika","animator:Defend_FullmetalAlchemist+1"],"relics":["animator:LivingPicture","animator:TheMissingPiece","REME_ComplimentaryCards","NeowsBlessing","LetterFromLob","Letter Opener","Lantern","Odd Mushroom"],"acts_visited":["Exordium"],"potions_floor_usage":[12,14,14],"damage_taken":[{"damage":0,"enemies":"ats:Genji","floor":1,"turns":1},{"damage":0,"enemies":"Small Slimes","floor":4,"turns":1},{"damage":0,"enemies":"Gremlin Nob","floor":7,"turns":1},{"damage":0,"enemies":"Cultist","floor":8,"turns":4},{"damage":23,"enemies":"Lagavulin","floor":10,"turns":9},{"damage":8,"enemies":"Exordium Thugs","floor":11,"turns":4},{"damage":1,"enemies":"The Mushroom Lair","floor":12,"turns":4},{"damage":15,"enemies":"3 Sentries","floor":14,"turns":3}],"seed_played":"-5870485091619432310","potions_obtained":[{"floor":1,"key":"champ:CounterPotion"},{"floor":10,"key":"Slimebound:ThreeZeroPotion"},{"floor":11,"key":"SkillPotion"}],"is_trial":false,"path_per_floor":["M","?","?","M","?","R","E","M","T","E","M","?","?","E"],"character_chosen":"THE_ANIMATOR","items_purchased":[],"campfire_rested":0,"item_purchase_floors":[],"current_hp_per_floor":[66,66,55,55,42,42,42,42,42,19,11,10,10,0,0],"gold":439,"neow_bonus":"THREE_ENEMY_KILL","is_daily":false,"chose_seed":false,"campfire_upgraded":0,"win_rate":0.0,"timestamp":1612807309,"path_taken":["M","?","?","M","?","R","E","M","T","E","M","?","?","E"],"items_purchased_type":[],"build_version":"2020-12-22","purchased_purges":0,"victory":false,"max_hp_per_floor":[66,66,66,66,66,66,66,66,66,66,66,66,66,66,66],"card_choices":[{"not_picked":["animator:Add","animator:Verdia"],"picked":"animator:OrikoMikuni","floor":1},{"not_picked":["animator:Hitei","animator:Shigure"],"picked":"animator:Yoichi","floor":4},{"not_picked":["animator:Aqua","animator:Rena"],"picked":"animator:UneriGinkaku","floor":7},{"not_picked":["animator:UneriGinkaku","animator:Azekura"],"picked":"animator:ZankiKiguchi","floor":8},{"not_picked":["animator:Ara","animator:Raven"],"picked":"animator:Yuuichirou","floor":10},{"not_picked":["animator:YuiTsuruno","animator:IrohaTamaki"],"picked":"animator:HomuraAkemi","floor":11},{"not_picked":["animator:Konayuki","animator:Chung"],"picked":"animator:Rena","floor":12}],"player_experience":330520,"relics_obtained":[{"floor":1,"key":"LetterFromLob"},{"floor":7,"key":"Letter Opener"},{"floor":10,"key":"Lantern"},{"floor":12,"key":"Odd Mushroom"}],"event_choices":[{"damage_healed":0,"gold_gain":75,"player_choice":"Gather Gold","damage_taken":11,"max_hp_gain":0,"max_hp_loss":0,"event_name":"World of Goop","floor":3,"gold_loss":0},{"damage_healed":0,"gold_gain":0,"player_choice":"Entered Light","damage_taken":13,"max_hp_gain":0,"max_hp_loss":0,"event_name":"Shining Light","floor":5,"gold_loss":0,"cards_upgraded":["animator:Defend","animator:Defend_Kancolle"]},{"damage_healed":0,"gold_gain":0,"player_choice":"Fought Mushrooms","damage_taken":0,"max_hp_gain":0,"max_hp_loss":0,"event_name":"Mushrooms","floor":12,"gold_loss":0}],"is_beta":false,"boss_relics":[],"items_purged_floors":[],"is_endless":false,"potions_floor_spawned":[1,10,11],"killed_by":"3 Sentries","ascension_level":2}}