{"host":"yml0ux6c8lqydjlc","time":1612823197,"event":{"mods":["Aspiration","BaseMod","Conspire","Downfall","Hermit","Jedi Mod","Minty Spire (QoL Compilation)","Robot Space Explorer","StSLib"],"gold_per_floor":[114,127,142,96,106,106,117,117,117,131,111,127,143,155,155,260,260,273,273,291,291,291,291,322,322,347,347,347],"floor_reached":27,"language":"ENG","playtime":2949,"items_purged":[],"score":227,"play_id":"20d83ce6-0c5e-48b8-af41-086b713ea2a5","local_time":"20210208172637","is_ascension_mode":false,"campfire_choices":[{"floor":6.0,"key":"REST"},{"data":"jedi:pocketpoison","floor":8.0,"key":"SMITH"},{"floor":15.0,"key":"REST"},{"data":"Poisoned Stab","floor":23.0,"key":"SMITH"},{"data":"Deadly Poison","floor":25.0,"key":"SMITH"}],"circlet_count":0,"master_deck":["Strike_G","Strike_G","Strike_G","Strike_G","Strike_G","Defend_G","Defend_G","Defend_G","Defend_G","Defend_G","Survivor","Neutralize","Poisoned Stab+1","Deflect","Deadly Poison+1","Bane","jedi:pocketpoison+1","PiercingWail","Prepared","jedi:unstablefumes","Noxious Fumes","Slice","Adrenaline","Bane+1","Quick Slash+1","Distraction"],"relics":["Ring of the Snake","aspiration:FetidBarrel","SlaversCollar","Regal Pillow","Bronze Scales","Strawberry"],"acts_visited":["Exordium","TheCity"],"potions_floor_usage":[27],"damage_taken":[{"damage":8.0,"enemies":"conspire:RoseBush","floor":1.0,"turns":5.0},{"damage":1.0,"enemies":"Cultist","floor":2.0,"turns":3.0},{"damage":0.0,"enemies":"Jaw Worm","floor":3.0,"turns":4.0},{"damage":22.0,"enemies":"Large Slime","floor":5.0,"turns":11.0},{"damage":7.0,"enemies":"Looter","floor":7.0,"turns":3.0},{"damage":8.0,"enemies":"3 Louse","floor":10.0,"turns":4.0},{"damage":2.0,"enemies":"Red Slaver","floor":12.0,"turns":4.0},{"damage":0.0,"enemies":"Looter","floor":13.0,"turns":2.0},{"damage":22.0,"enemies":"3 Louse","floor":14.0,"turns":3.0},{"damage":30.0,"enemies":"The Guardian","floor":16.0,"turns":9.0},{"damage":0.0,"enemies":"Spheric Guardian","floor":18.0,"turns":2.0},{"damage":2.0,"enemies":"Chosen","floor":20.0,"turns":5.0},{"damage":51.0,"enemies":"Book of Stabbing","floor":24.0,"turns":6.0},{"damage":43,"enemies":"Gremlin Leader","floor":27,"turns":3}],"seed_played":"5347866329599911741","potions_obtained":[{"floor":5.0,"key":"Poison Potion"},{"floor":11.0,"key":"DuplicationPotion"},{"floor":13.0,"key":"CunningPotion"}],"is_trial":false,"path_per_floor":["M","M","M","$","M","R","M","R","T","M","?","M","M","M","R","B",null,"M","$","M","?","?","R","E","R","T","E"],"character_chosen":"THE_SILENT","items_purchased":["Bane"],"campfire_rested":2,"item_purchase_floors":[4],"current_hp_per_floor":[69,68,68,68,46,69,62,62,62,54,54,52,52,30,53,23,77,77,77,75,75,75,75,24,24,31,0,0],"gold":347,"neow_bonus":"TEN_PERCENT_HP_BONUS","is_daily":false,"chose_seed":false,"campfire_upgraded":3,"win_rate":0.0,"timestamp":1612823197,"path_taken":["M","M","M","$","M","R","M","R","T","M","?","M","M","?","R","BOSS","M","$","M","?","?","R","E","R","T","E"],"items_purchased_type":["Card"],"build_version":"2020-12-22","purchased_purges":0,"victory":false,"max_hp_per_floor":[77,77,77,77,77,77,77,77,77,77,77,77,77,77,77,77,77,77,77,77,77,77,77,77,77,84,84,84],"card_choices":[{"not_picked":["Dagger Spray","jedi:acidrain"],"picked":"Poisoned Stab","floor":1.0},{"not_picked":["Flechettes","Dagger Spray"],"picked":"Deflect","floor":2.0},{"not_picked":["Dagger Throw","Venomology"],"picked":"Deadly Poison","floor":3.0},{"not_picked":["jedi:collectorvenom","jedi:unstablefumes"],"picked":"jedi:pocketpoison","floor":5.0},{"not_picked":["Footwork","Underhanded Strike"],"picked":"PiercingWail","floor":7.0},{"not_picked":["Outmaneuver","Dodge and Roll"],"picked":"Prepared","floor":10.0},{"not_picked":["PiercingWail","Outmaneuver"],"picked":"jedi:unstablefumes","floor":12.0},{"not_picked":["Bouncing Flask","jedi:acidrain"],"picked":"Noxious Fumes","floor":13.0},{"not_picked":["Underhanded Strike","After Image"],"picked":"Slice","floor":14.0},{"not_picked":["jedi:rejectivetoxin","Wraith Form v2"],"picked":"Adrenaline","floor":16.0},{"not_picked":["Dodge and Roll","Dagger Throw"],"picked":"Bane+1","floor":18.0},{"not_picked":["jedi:collectorvenom","Slice+1"],"picked":"Quick Slash+1","floor":20.0},{"not_picked":["Underhanded Strike","PiercingWail"],"picked":"Distraction","floor":24.0}],"player_experience":21463,"relics_obtained":[{"floor":9.0,"key":"aspiration:FetidBarrel"},{"floor":22.0,"key":"Regal Pillow"},{"floor":24.0,"key":"Bronze Scales"},{"floor":26.0,"key":"Strawberry"}],"event_choices":[{"damage_healed":0.0,"max_hp_gain":0.0,"max_hp_loss":0.0,"gold_gain":0.0,"event_name":"The Woman in Blue","player_choice":"Bought 1 Potion","floor":11.0,"gold_loss":0.0,"damage_taken":0.0},{"damage_healed":0.0,"max_hp_gain":0.0,"max_hp_loss":0.0,"gold_gain":0.0,"event_name":"Ghosts","player_choice":"Ignored","floor":21.0,"gold_loss":0.0,"damage_taken":0.0}],"is_beta":false,"boss_relics":[{"not_picked":["bronze:MakeshiftBattery","WristBlade"],"picked":"SlaversCollar"}],"items_purged_floors":[],"is_endless":false,"potions_floor_spawned":[5,13,14],"killed_by":"Gremlin Leader","ascension_level":0}}