{"host":"o3b7ow6d1xe49css","time":1612772798,"event":{"mods":["Act Like it!","Aspiration","BaseMod","Bestiary","Better Altar","Better Match","Better Note","Better Sensory Stone","Better Skull","Better Third Choice","Colored Powertips","Conspire","Energized Spire","Force Act Four","GifTheSpireLib","Halation","Hermit","Hubris","Infinite Spire","Lobotomy","Minty Spire (QoL Compilation)","Quick Restart","Rare Cards Sparkle","Relic Filter Mod","Reliquary","Replay The Spire","Spicy Shops","Spikes Relics","Spire Arcade","StSLib","Stuff the Spire","The Blue Laboratory","Wandering Minibosses"],"gold_per_floor":[113,133,128,128,128,153,153,1,27,60,84,111,123,123,123,219,219,959,398,411,411,421,421,451,451,478,491,523,553,597,644,656,765,777,871,913,679,679,740,239,314,314,340,340,350,350,350,369,369,470,470,470,12,57,57],"floor_reached":56,"language":"ENG","playtime":2918,"items_purged":["StuffTheSpire:CuriosityCurse","Scorched","conspire:GhostlyStrike","conspire:GhostlyStrike","conspire:GhostlyStrike","conspire:GhostlyStrike","StuffTheSpire:Shiver","Clumsy"],"score":2212,"play_id":"4d69acce-0f39-4a00-92bc-70474ab9fc65","local_time":"20210207232638","daily_mods":["Heirloom","Flight"],"is_ascension_mode":true,"campfire_choices":[{"data":"Terror","floor":7.0,"key":"SMITH"},{"data":"Blade Dance","floor":15.0,"key":"SMITH"},{"floor":23.0,"key":"REST"},{"data":"After Image","floor":32.0,"key":"SMITH"},{"floor":42.0,"key":"RECALL"},{"floor":46,"key":"REST"},{"data":"Phantasmal Killer","floor":47,"key":"SMITH"},{"floor":49,"key":"DIG"},{"data":"Wraith Form v2","floor":52,"key":"SMITH"}],"circlet_count":0,"master_deck":["conspire:GhostlyDefend","conspire:GhostlyDefend","conspire:GhostlyDefend","conspire:GhostlyDefend","conspire:GhostlyDefend","Survivor","Neutralize+1","UniverseFragment","Acrobatics","Terror+1","Riddle With Holes","Backflip","Quick Slash","Acrobatics","Blade Dance+1","Mercenary","ReplayTheSpireMod:From All Sides","PiercingWail+1","Master of Strategy","After Image+1","OSAHOGD","Leg Sweep","Prepared","Blade Dance","Burst","Well Laid Plans+1","ReplayTheSpireMod:Scrap Shanks+1","Cloak And Dagger+1","Phantasmal Killer+1","Wraith Form v2+1","Acrobatics"],"relics":["Ring of the Snake","Ring of Chaos","Basket Of Snakes","CogitoBucket","SpikesRelics:DaevaFist","hubris:AstralHammer","Orrery","Bronze Scales","halation:WeightlessCrab","Smiling Mask","Prayer Wheel","ChangeAnything","WristBlade","wanderingMiniBosses:MasterThiefsPresence","aspiration:FetidBarrel","Calipers","energizedSpire:SpiderWeb","StuffTheSpire:HeavyRock","MawBank","halation:TwoAmDonut","hubris:Potato","energizedSpire:MagnifyingGlass","LuminousBracelet","Vajra","Centennial Puzzle","Gremlin Horn","Replay:Mystery Machine","reliquary:PorcupineQuills","aspiration:TomeofQuesting","hubris:TerracottaHorce","halation:PromiseList","ToxicTincture","WizardHat","MiniBlackHole"],"acts_visited":["Exordium","TheCity","TheBeyond","Exordium","TheEnding"],"potions_floor_usage":[55,55,55],"damage_taken":[{"damage":2.0,"enemies":"Small Slimes","floor":1.0,"turns":3.0},{"damage":0.0,"enemies":"conspire:RoseBush","floor":2.0,"turns":4.0},{"damage":0.0,"enemies":"Cultist","floor":3.0,"turns":5.0},{"damage":14.0,"enemies":"Lagavulin","floor":6.0,"turns":6.0},{"damage":13.0,"enemies":"3 Sentries","floor":10.0,"turns":4.0},{"damage":0.0,"enemies":"Gremlin Nob","floor":11.0,"turns":3.0},{"damage":6.0,"enemies":"Replay:BlueRogue","floor":12.0,"turns":4.0},{"damage":20.0,"enemies":"Large Slime","floor":13.0,"turns":3.0},{"damage":2.0,"enemies":"Slime Boss","floor":16.0,"turns":2.0},{"damage":8.0,"enemies":"3 Byrds","floor":18.0,"turns":5.0},{"damage":2.0,"enemies":"Shell Parasite","floor":20.0,"turns":2.0},{"damage":0.0,"enemies":"Shelled Parasite and Fungi","floor":22.0,"turns":1.0},{"damage":2.0,"enemies":"conspire:Head Lice","floor":24.0,"turns":3.0},{"damage":9.0,"enemies":"Snecko","floor":27.0,"turns":4.0},{"damage":6.0,"enemies":"Nightmare","floor":28.0,"turns":3.0},{"damage":3.0,"enemies":"Cultist and Chosen","floor":29.0,"turns":2.0},{"damage":2.0,"enemies":"Replay:Snechameleon","floor":30.0,"turns":2.0},{"damage":4.0,"enemies":"Book of Stabbing","floor":31.0,"turns":3.0},{"damage":20.0,"enemies":"Automaton","floor":33.0,"turns":5.0},{"damage":14.0,"enemies":"Orb Walker","floor":35.0,"turns":8.0},{"damage":2.0,"enemies":"3 Darklings","floor":36.0,"turns":3.0},{"damage":10.0,"enemies":"Transient","floor":39.0,"turns":5.0},{"damage":11.0,"enemies":"Nightmare","floor":41.0,"turns":4.0},{"damage":4,"enemies":"Maw","floor":45,"turns":3},{"damage":2,"enemies":"Spire Growth","floor":48,"turns":2},{"damage":10,"enemies":"Awakened One","floor":50,"turns":6},{"damage":1,"enemies":"Shield and Spear","floor":54,"turns":3},{"damage":8,"enemies":"The Heart","floor":55,"turns":5}],"seed_played":"3552340047065493532","potions_obtained":[{"floor":2.0,"key":"blueLaboratory:BubblePotion"},{"floor":3.0,"key":"Poison Potion"},{"floor":6.0,"key":"Reflective Coating"},{"floor":11.0,"key":"blueLaboratory:EnragingPotion"},{"floor":12.0,"key":"DuplicationPotion"},{"floor":22.0,"key":"blueLaboratory:BubblePotion"},{"floor":27.0,"key":"blueLaboratory:NinjaPotion"},{"floor":28.0,"key":"Weak Potion"},{"floor":31.0,"key":"Strength Potion"},{"floor":33.0,"key":"SpeedPotion"}],"is_trial":true,"path_per_floor":["M","M","M","?","?","E","R","$","T","E","E","E","M","?","R","B",null,"M","$","M","AVR","M","R","E","?","T","M","NM","M","E","E","R","B",null,"M","M","$","?","M","$","NM","R","T","AVR","M","R","R","M","R","B",null,"R","$","E","B",null],"character_chosen":"THE_SILENT","items_purchased":["Orrery","aspiration:FetidBarrel","Master of Strategy","Vajra","Centennial Puzzle","Gremlin Horn","halation:PromiseList","ToxicTincture","WizardHat"],"campfire_rested":2,"item_purchase_floors":[8,19,19,37,40,40,53,53,53],"current_hp_per_floor":[68,68,68,68,68,54,54,54,54,41,41,35,15,15,15,13,56,48,48,46,46,46,67,65,65,65,56,50,47,45,41,41,21,58,59,57,57,57,51,51,44,44,44,44,41,66,66,64,64,58,83,83,83,82,77],"gold":57,"neow_bonus":"","is_daily":false,"chose_seed":false,"campfire_upgraded":5,"win_rate":0.0,"timestamp":1612772798,"path_taken":["M","M","M","?","?","E","R","$","T","E","E","E","M","?","R","BOSS","M","$","M","AVR","M","R","E","?","T","M","NM","M","E","E","R","BOSS","M","M","$","?","M","$","NM","R","T","AVR","M","R","R","M","R","BOSS","R","$","E","BOSS"],"items_purchased_type":["Relic","Relic","Card","Relic","Relic","Relic","Relic","Relic","Relic"],"build_version":"2020-12-22","purchased_purges":8,"victory":true,"max_hp_per_floor":[70,70,70,70,70,70,70,70,70,70,70,70,70,70,70,70,70,70,70,70,70,70,70,70,70,70,70,70,70,70,70,70,70,70,85,85,85,85,85,85,85,85,85,85,85,85,85,85,85,85,85,85,85,85,85],"card_choices":[{"not_picked":["MHz","VoidDream","Variant"],"picked":"Singing Bowl","floor":1.0},{"not_picked":["LongBird","WallGazer"],"picked":"UniverseFragment","floor":1.0},{"not_picked":["Deflect","Flying Knee","StuffTheSpire:Python"],"picked":"SKIP","floor":1.0},{"not_picked":["StuffTheSpire:Python","hubris:SlightOfHand"],"picked":"Acrobatics","floor":2.0},{"not_picked":["ShyLook","BeautyBeast","OldLady"],"picked":"Singing Bowl","floor":2.0},{"not_picked":["Freischutz","MeatLantern","PunishingBird"],"picked":"Singing Bowl","floor":3.0},{"not_picked":["MHz","DreamingCurrent"],"picked":"Scorched","floor":3.0},{"not_picked":["Sucker Punch","Concentrate","Outmaneuver"],"picked":"SKIP","floor":3.0},{"not_picked":["ShadowRift","Catalyst"],"picked":"Terror","floor":6.0},{"not_picked":["Outmaneuver","Setup"],"picked":"StuffTheSpire:Shiver","floor":8.0},{"not_picked":["StuffTheSpire:ClusterCrunch","Crippling Poison"],"picked":"Riddle With Holes","floor":8.0},{"not_picked":["Deadly Poison","Skewer"],"picked":"Backflip","floor":8.0},{"not_picked":["Masterful Stab","Underhanded Strike"],"picked":"Quick Slash","floor":10.0},{"not_picked":["Slice","ReplayTheSpireMod:The Works","Flying Knee"],"picked":"SKIP","floor":11.0},{"not_picked":["hubris:SlightOfHand","Skewer"],"picked":"Acrobatics","floor":12.0},{"not_picked":["Quick Slash","Deflect"],"picked":"Blade Dance","floor":13.0},{"not_picked":["CrumblingArmor","Murderer"],"picked":"Mercenary","floor":13.0},{"not_picked":["Sucker Punch","Setup","Underhanded Strike"],"picked":"SKIP","floor":13.0},{"not_picked":["Unload","A Thousand Cuts"],"picked":"ReplayTheSpireMod:From All Sides","floor":16.0},{"not_picked":["CherryBlossoms","WhitesApple","NakedNest"],"picked":"Singing Bowl","floor":16.0},{"not_picked":["OldLady","Freischutz","SnowQueen"],"picked":"Singing Bowl","floor":18.0},{"not_picked":["Sucker Punch","Dagger Throw"],"picked":"PiercingWail+1","floor":18.0},{"not_picked":["Deflect","Acrobatics","StuffTheSpire:Python"],"picked":"SKIP","floor":18.0},{"not_picked":["Bouncing Flask+1","Blur+1"],"picked":"After Image","floor":20.0},{"not_picked":["Underhanded Strike","Dodge and Roll+1","StuffTheSpire:BumpUp+1"],"picked":"SKIP","floor":20.0},{"not_picked":["RedShoes","Murderer","BeautyBeast"],"picked":"Singing Bowl","floor":22.0},{"not_picked":["NakedNest","LittleHelper"],"picked":"OSAHOGD","floor":22.0},{"not_picked":["StuffTheSpire:Shiver","ReplayTheSpireMod:Exploit Weakness","Dagger Spray"],"picked":"SKIP","floor":22.0},{"not_picked":["StuffTheSpire:ClusterCrunch","Slice","Toxin Wave+1"],"picked":"SKIP","floor":22.0},{"not_picked":["Catalyst","StuffTheSpire:BumpUp+1","Die Die Die"],"picked":"SKIP","floor":24.0},{"not_picked":["LaLuna","Scorched","OldLady"],"picked":"Singing Bowl","floor":27.0},{"not_picked":["StuffTheSpire:BumpUp+1","StuffTheSpire:BrimstoneBlast+1"],"picked":"Leg Sweep","floor":27.0},{"not_picked":["Calculated Gamble+1","Underhanded Strike","StuffTheSpire:Incantation"],"picked":"SKIP","floor":27.0},{"not_picked":["Flying Knee","hubris:Counter"],"picked":"Prepared","floor":28.0},{"not_picked":["Hidden Blade+1","Draining Mist"],"picked":"Blade Dance","floor":29.0},{"not_picked":["Blur","Outmaneuver","StuffTheSpire:BumpUp"],"picked":"SKIP","floor":29.0},{"not_picked":["Crippling Poison+1","Catalyst","Glass Knife"],"picked":"SKIP","floor":30.0},{"not_picked":["PiercingWail","StuffTheSpire:BumpUp","Deflect"],"picked":"SKIP","floor":31.0},{"not_picked":["After Image","ReplayTheSpireMod:Necrosis"],"picked":"Burst","floor":33.0},{"not_picked":["FairyFestival","Scarecrow","LaLuna"],"picked":"Singing Bowl","floor":35.0},{"not_picked":["StuffTheSpire:Injection","Slice+1","StuffTheSpire:Python"],"picked":"SKIP","floor":35.0},{"not_picked":["Cloak And Dagger","StuffTheSpire:BumpUp+1","Crippling Poison+1"],"picked":"SKIP","floor":35.0},{"not_picked":["StuffTheSpire:Injection","Slice+1","StuffTheSpire:Python"],"picked":"SKIP","floor":35.0},{"not_picked":["Cloak And Dagger","StuffTheSpire:BumpUp+1","Crippling Poison+1"],"picked":"SKIP","floor":35.0},{"not_picked":["Dagger Throw","A Thousand Cuts"],"picked":"Well Laid Plans+1","floor":36.0},{"not_picked":["Setup","StuffTheSpire:Python","Distraction+1"],"picked":"SKIP","floor":36.0},{"not_picked":["Backflip+1","Outmaneuver"],"picked":"ReplayTheSpireMod:Scrap Shanks+1","floor":39.0},{"not_picked":["Fluid Movement+1","Bane+1","Distraction+1"],"picked":"SKIP","floor":39.0},{"not_picked":["Masterful Stab+1","StuffTheSpire:Incantation","Draining Mist"],"picked":"SKIP","floor":41.0},{"not_picked":["Quick Slash+1","Bane"],"picked":"Cloak And Dagger+1","floor":45},{"not_picked":["Outmaneuver+1","Phantasmal Killer","PiercingWail"],"picked":"SKIP","floor":45},{"not_picked":["Outmaneuver+1","PiercingWail"],"picked":"Phantasmal Killer","floor":45},{"not_picked":["Pace","Underhanded Strike+1","Dagger Spray+1"],"picked":"SKIP","floor":48},{"not_picked":["Prepared+1","Blade Dance","infinitespire:Neurotoxin"],"picked":"SKIP","floor":48},{"not_picked":["Storm of Steel","Phantasmal Killer"],"picked":"Wraith Form v2","floor":50},{"not_picked":["Poisoned Stab","Wraith Form v2"],"picked":"Acrobatics","floor":54}],"player_experience":1326653,"relics_obtained":[{"floor":6.0,"key":"hubris:AstralHammer"},{"floor":9.0,"key":"Bronze Scales"},{"floor":10.0,"key":"halation:WeightlessCrab"},{"floor":11.0,"key":"Smiling Mask"},{"floor":12.0,"key":"Prayer Wheel"},{"floor":18.0,"key":"wanderingMiniBosses:MasterThiefsPresence"},{"floor":24.0,"key":"StuffTheSpire:HeavyRock"},{"floor":28.0,"key":"MawBank"},{"floor":30.0,"key":"halation:TwoAmDonut"},{"floor":31.0,"key":"hubris:Potato"},{"floor":41.0,"key":"Replay:Mystery Machine"},{"floor":43.0,"key":"reliquary:PorcupineQuills"},{"floor":49,"key":"aspiration:TomeofQuesting"},{"floor":54,"key":"MiniBlackHole"}],"event_choices":[{"damage_healed":0.0,"max_hp_gain":0.0,"max_hp_loss":0.0,"gold_gain":0.0,"event_name":"Upgrade Shrine","player_choice":"Upgraded","floor":5.0,"gold_loss":0.0,"damage_taken":0.0,"cards_upgraded":["Neutralize"]},{"damage_healed":0.0,"max_hp_gain":0.0,"max_hp_loss":0.0,"gold_gain":0.0,"event_name":"conspire:LoneGhost","player_choice":"Agree","floor":14.0,"gold_loss":0.0,"damage_taken":0.0},{"damage_healed":0.0,"max_hp_gain":0.0,"max_hp_loss":0.0,"gold_gain":0.0,"event_name":"betterNote:BetterNote","player_choice":"Ignored","floor":25.0,"gold_loss":0.0,"damage_taken":0.0,"cards_obtained":["Strike_R"]},{"damage_healed":0.0,"max_hp_gain":0.0,"max_hp_loss":0.0,"gold_gain":0.0,"event_name":"Tomb of Lord Red Mask","player_choice":"Ignored","floor":38.0,"gold_loss":0.0,"damage_taken":0.0}],"is_beta":false,"boss_relics":[{"not_picked":["energizedSpire:HugeHouse","ReplayTheSpireMod:DimensionalGlitch"],"picked":"WristBlade"},{"not_picked":["halation:MonkeysPaw","StuffTheSpire:ModemDavis"],"picked":"energizedSpire:MagnifyingGlass"},{"not_picked":["halation:SmartPhone","energizedSpire:NeverEndingSparkler"],"picked":"hubris:TerracottaHorce"}],"items_purged_floors":[19,21,37,37,40,40,44,53],"is_endless":true,"potions_floor_spawned":[2,3,6,11,12,18,22,27,28,31,33,35,36,54],"ascension_level":10}}