{"host":"ttzdpsscxkem3xrs","time":1612780461,"event":{"mods":["BaseMod","Colored Map","Downfall","Minty Spire (QoL Compilation)","Replay The Spire","StSLib","The Cursed","The Hierophant"],"gold_per_floor":[109,109,59,59,59,54,54,68,68,78,78,92,111,124,124,229,229,248,248,257,270,185,185,185,177,177,181,181,181],"floor_reached":28,"language":"ENG","playtime":1405,"items_purged":[],"score":264,"play_id":"411b08d9-8905-4b30-a126-e307cd3d1eba","local_time":"20210208023421","is_ascension_mode":true,"campfire_choices":[{"floor":11,"key":"REST"},{"floor":15,"key":"REST"},{"floor":23,"key":"REST"}],"circlet_count":0,"master_deck":["hierophant:Strike_Hierophant","hierophant:Strike_Hierophant+1","hierophant:Strike_Hierophant","hierophant:Strike_Hierophant","hierophant:Punish","hierophant:Defend_Hierophant","hierophant:Defend_Hierophant","hierophant:Defend_Hierophant","hierophant:Defend_Hierophant","hierophant:ChurchCoffers+1","Crow Ritual+1","hierophant:MorningPrayer","hierophant:Repentance","hierophant:Kindle","hierophant:Smite","hierophant:Sermon","hierophant:Sermon","hierophant:Chorus+1","hierophant:Levitation","hierophant:Endure","hierophant:FieryStrike","hierophant:Glossolalia"],"relics":["hierophant:PropheticMaskRelic","Pen Nib","Chameleon Ring","Busted Crown","Divine Protection","Blue Doll","Pear"],"acts_visited":["Exordium","TheCity"],"potions_floor_usage":[14,16,16,18,25,27,28],"damage_taken":[{"damage":6,"enemies":"Cultist","floor":1,"turns":3},{"damage":9,"enemies":"3 Sentries","floor":6,"turns":9},{"damage":6,"enemies":"2 Louse","floor":8,"turns":2},{"damage":2,"enemies":"Small Slimes","floor":10,"turns":3},{"damage":9,"enemies":"Exordium Wildlife","floor":12,"turns":2},{"damage":12,"enemies":"Large Slime","floor":13,"turns":6},{"damage":12,"enemies":"Red Slaver","floor":14,"turns":4},{"damage":43,"enemies":"Hexaghost","floor":16,"turns":15},{"damage":20,"enemies":"Shell Parasite","floor":18,"turns":5},{"damage":1,"enemies":"Chosen","floor":20,"turns":6},{"damage":19,"enemies":"Snake Plant","floor":21,"turns":4},{"damage":27,"enemies":"Book of Stabbing","floor":25,"turns":7},{"damage":19,"enemies":"Centurion and Healer","floor":27,"turns":7},{"damage":0,"enemies":"Slavers","floor":28,"turns":2}],"seed_played":"-2728652137381738175","potions_obtained":[{"floor":6,"key":"ColorlessPotion"},{"floor":8,"key":"Block Potion"},{"floor":10,"key":"Languid Potion"},{"floor":14,"key":"PowerPotion"},{"floor":16,"key":"Fire Potion"},{"floor":18,"key":"Block Potion"},{"floor":25,"key":"Weak Potion"}],"is_trial":false,"path_per_floor":["M","?","?","$","?","E","$","M","T","M","R","M","M","M","R","B",null,"M","?","M","M","?","R","?","E","T","M","E"],"character_chosen":"HIEROPHANT","items_purchased":[],"campfire_rested":3,"item_purchase_floors":[],"current_hp_per_floor":[69,54,54,54,54,45,45,39,39,37,59,50,38,26,48,5,75,55,55,54,35,35,57,57,30,40,21,21,21],"gold":181,"neow_bonus":"RANDOM_COLORLESS_2","is_daily":false,"chose_seed":false,"campfire_upgraded":0,"win_rate":0.0,"timestamp":1612780461,"path_taken":["M","?","?","$","?","E","$","?","T","M","R","M","M","M","R","BOSS","M","?","M","?","?","R","?","E","T","?","E"],"items_purchased_type":[],"build_version":"2020-12-22","purchased_purges":0,"victory":false,"max_hp_per_floor":[75,75,75,75,75,75,75,75,75,75,75,75,75,75,75,75,75,75,75,75,75,75,75,75,75,85,85,85,85],"card_choices":[{"not_picked":["Metamorphosis","Magnetism"],"picked":"Crow Ritual","floor":0},{"not_picked":["hierophant:SealAway","hierophant:FlamingChariot"],"picked":"hierophant:MorningPrayer","floor":1},{"not_picked":["hierophant:Endure","hierophant:Shelter"],"picked":"hierophant:Repentance","floor":6},{"not_picked":["hierophant:PristineSoul","hierophant:Community"],"picked":"hierophant:Kindle","floor":8},{"not_picked":["hierophant:Remorse","hierophant:OrnateBuckler"],"picked":"hierophant:Smite","floor":10},{"not_picked":["hierophant:RepressedViolence","hierophant:CoinFling"],"picked":"hierophant:Sermon","floor":12},{"not_picked":["hierophant:EyeForCoin","hierophant:RepressedViolence"],"picked":"hierophant:Sermon","floor":13},{"not_picked":["hierophant:Zeal","hierophant:DisplayOfPower"],"picked":"hierophant:Chorus","floor":14},{"not_picked":["hierophant:WrathOfGod","hierophant:Anathema"],"picked":"hierophant:Levitation","floor":16},{"not_picked":[],"picked":"hierophant:Endure","floor":18},{"not_picked":[],"picked":"hierophant:FieryStrike","floor":20},{"not_picked":[],"picked":"hierophant:Glossolalia","floor":21},{"not_picked":["hierophant:RustyCrate"],"picked":"SKIP","floor":25},{"not_picked":["hierophant:AuricShield+1"],"picked":"SKIP","floor":27}],"player_experience":1394958,"relics_obtained":[{"floor":6,"key":"Pen Nib"},{"floor":9,"key":"Chameleon Ring"},{"floor":25,"key":"Blue Doll"},{"floor":26,"key":"Pear"}],"event_choices":[{"damage_healed":0,"gold_gain":0,"player_choice":"Entered Light","damage_taken":15,"max_hp_gain":0,"max_hp_loss":0,"event_name":"Shining Light","floor":2,"gold_loss":0,"cards_upgraded":["hierophant:Strike_Hierophant","Crow Ritual"]},{"cards_removed":["TheCursedMod:Dregs"],"damage_healed":0,"gold_gain":0,"player_choice":"Card Removal","damage_taken":0,"max_hp_gain":0,"max_hp_loss":0,"event_name":"The Cleric","floor":3,"gold_loss":50},{"damage_healed":0,"gold_gain":0,"player_choice":"Forge","damage_taken":0,"max_hp_gain":0,"max_hp_loss":0,"event_name":"Accursed Blacksmith","floor":5,"gold_loss":0,"cards_upgraded":["hierophant:ChurchCoffers"]},{"damage_healed":0,"gold_gain":0,"player_choice":"Ignored","damage_taken":0,"max_hp_gain":0,"max_hp_loss":0,"event_name":"The Mausoleum","floor":19,"gold_loss":0},{"damage_healed":0,"gold_gain":0,"player_choice":"Obtained Relic","damage_taken":0,"relics_obtained":["Divine Protection"],"max_hp_gain":0,"max_hp_loss":0,"event_name":"Addict","floor":22,"gold_loss":85},{"damage_healed":0,"gold_gain":0,"player_choice":"Upgraded","damage_taken":0,"max_hp_gain":0,"max_hp_loss":0,"event_name":"Upgrade Shrine","floor":24,"gold_loss":0,"cards_upgraded":["hierophant:Chorus"]}],"is_beta":false,"boss_relics":[{"not_picked":["Replay:Bronze Core","Kintsugi"],"picked":"Busted Crown"}],"items_purged_floors":[],"is_endless":false,"potions_floor_spawned":[6,8,10,14,16,18,25],"killed_by":"Slavers","ascension_level":2}}