{"host":"5rycm1ajjg5acc5q","time":1612786647,"event":{"mods":["BaseMod","Better Third Choice","Downfall","Highlight Path","Minty Spire (QoL Compilation)","Replay The Spire","StSLib"],"gold_per_floor":[118,118,128,128,241,276,276,276,276,276,288,312,312,312,312,414,414,431,451,469,489,489,517,517,534,534,534,549,563,595,610,610,705,705,719,736,13,13,24,51,69,102,102,102,128,148,148,148,148,148,148,148,3,32,32,32],"floor_reached":55,"language":"ENG","playtime":59546,"items_purged":["Amnesia"],"score":1219,"play_id":"3983a448-9aaf-4c22-b589-67abad2a8545","local_time":"20210208061727","is_ascension_mode":true,"campfire_choices":[{"data":"Eruption","floor":8,"key":"SMITH"},{"data":"Fasting2","floor":13,"key":"SMITH"},{"floor":24,"key":"RECALL"},{"data":"1","floor":44,"key":"LIFT"},{"data":"2","floor":47,"key":"LIFT"},{"data":"3","floor":49,"key":"LIFT"},{"floor":52,"key":"REST"}],"circlet_count":0,"master_deck":["Strike_P","Strike_P","Defend_P","Defend_P","Defend_P","Defend_P","Eruption+1","Indignation","FlyingSleeves","EmptyMind","Replay:BluntJabs","Bash","downfall:Icky","Fasting2+1","Replay:ManipulateFuture+1","downfall:Haunted","Shame","Shame","Tantrum","EmptyBody","Reaper","Fasting2+1","Swivel","Replay:Cycle+1","Ghostly","Ghostly","Ghostly","Ghostly","Ghostly","WreathOfFlame+1","Devotion","Overencumbered","Slimebound:CheckThePlaybook","downfall:Icky","Replay:ManipulateFuture","Replay:ManipulateFuture","JustLucky","Devotion","ReplayTheSpireMod:Splinters","EmptyMind+1","Vault","Poisoned Strike","Vengeance","Weave","DevaForm+1","SignatureMove","Sanctity+1","Sickly","downfall:Icky","Wallop","Consecrate+1","Ragnarok+1","Adaptation+1","FlurryOfBlows"],"relics":["downfall:ExtraCursedKey","Replay:M_SmolderingBlood","ReplayTheSpireMod:CursedCoin","ReplayFunnel","Kunai","Thread and Needle","Pet Ghost","Odd Mushroom","Regal Pillow","Replay:Grab Bag","Sozu","Fusion Hammer","Empty Cage","Durian","Replay:Towering Pillar of Hats","Replay:Ancient Bell","Omamori","Divine Protection","Girya","Sling","Onion Ring","Golden Egg","Pondfish Scales","HornCleat","Darkstone Periapt","Lantern"],"acts_visited":["Exordium","TheCity","TheBeyond","TheEnding"],"potions_floor_usage":[6],"damage_taken":[{"damage":0,"enemies":"Small Slimes","floor":1,"turns":2},{"damage":0,"enemies":"2 Louse","floor":3,"turns":2},{"damage":0,"enemies":"Gremlin Nob","floor":6,"turns":2},{"damage":1,"enemies":"Jaw Worm","floor":11,"turns":2},{"damage":8,"enemies":"The Mushroom Lair","floor":12,"turns":2},{"damage":4,"enemies":"Slime Boss","floor":16,"turns":4},{"damage":7,"enemies":"2 Thieves","floor":18,"turns":3},{"damage":0,"enemies":"Spheric Guardian","floor":19,"turns":2},{"damage":17,"enemies":"Snake Plant","floor":20,"turns":2},{"damage":8,"enemies":"Shelled Parasite and Fungi","floor":21,"turns":3},{"damage":0,"enemies":"Replay:Snechameleon","floor":23,"turns":6},{"damage":0,"enemies":"Snecko","floor":25,"turns":3},{"damage":9,"enemies":"Centurion and Healer","floor":28,"turns":2},{"damage":0,"enemies":"Chosen and Byrds","floor":29,"turns":4},{"damage":9,"enemies":"Slavers","floor":30,"turns":5},{"damage":9,"enemies":"Snake Plant","floor":31,"turns":4},{"damage":0,"enemies":"Champ","floor":33,"turns":6},{"damage":0,"enemies":"3 Darklings","floor":35,"turns":4},{"damage":0,"enemies":"Orb Walker","floor":36,"turns":3},{"damage":0,"enemies":"4 Shapes","floor":39,"turns":3},{"damage":0,"enemies":"R_Hoarder","floor":40,"turns":3},{"damage":0,"enemies":"Jaw Worm Horde","floor":41,"turns":4},{"damage":0,"enemies":"Reptomancer","floor":42,"turns":2},{"damage":0,"enemies":"R_Hoarder","floor":45,"turns":5},{"damage":0,"enemies":"3 Darklings","floor":46,"turns":3},{"damage":42,"enemies":"Awakened One","floor":50,"turns":9},{"damage":0,"enemies":"Shield and Spear","floor":54,"turns":3},{"damage":75,"enemies":"The Heart","floor":55,"turns":4}],"seed_played":"-3188196581797827260","potions_obtained":[{"floor":1,"key":"FairyPotion"},{"floor":3,"key":"BlessingOfTheForge"}],"is_trial":false,"path_per_floor":["M","?","M","?","$","E","?","R","T","T","M","?","R","?","R","B",null,"M","M","M","M","?","E","R","M","T","?","M","M","E","M","R","B",null,"M","M","$","?","M","E","M","E","T","R","E","M","R","$","R","B",null,"R","$","E","B"],"character_chosen":"WATCHER","items_purchased":["ReplayTheSpireMod:CursedCoin","Fasting2","Poisoned Strike","Sling","Onion Ring","Vengeance","Ragnarok","Adaptation"],"campfire_rested":1,"item_purchase_floors":[5,5,37,37,37,37,53,53],"current_hp_per_floor":[51,51,51,51,51,51,51,51,51,51,50,42,42,39,72,68,72,65,65,48,64,36,41,41,41,41,41,37,41,41,32,32,41,41,41,41,41,41,41,41,41,41,41,41,41,41,41,41,41,41,41,41,41,41,0,0],"gold":32,"neow_bonus":"TRANSFORM_TWO_CARDS","is_daily":false,"chose_seed":false,"campfire_upgraded":2,"win_rate":0.0,"timestamp":1612786647,"path_taken":["M","?","M","?","$","E","?","R","T","?","?","?","R","?","R","BOSS","M","M","M","M","?","E","R","M","T","?","M","M","E","?","R","BOSS","M","?","$","?","M","E","M","E","T","R","E","M","R","$","R","BOSS","R","$","E","BOSS"],"items_purchased_type":["Relic","Card","Card","Relic","Relic","Card","Card","Card"],"build_version":"2020-12-22","purchased_purges":1,"victory":false,"max_hp_per_floor":[72,72,72,72,72,72,72,72,72,72,72,72,72,72,72,72,72,72,72,72,72,36,41,41,41,41,41,41,41,41,41,41,41,41,41,41,41,41,41,41,41,41,41,41,41,41,41,41,41,41,41,41,41,41,41,41],"card_choices":[{"not_picked":["LikeWater","EmptyBody"],"picked":"EmptyMind","floor":1},{"not_picked":["Evaluate","ClearTheMind"],"picked":"Replay:BluntJabs","floor":3},{"not_picked":["PathToVictory","Headbutt"],"picked":"Replay:ManipulateFuture","floor":6},{"not_picked":["EmptyFist","BowlingBash"],"picked":"Tantrum","floor":11},{"not_picked":["Replay:AtTheReady","Perseverance"],"picked":"EmptyBody","floor":12},{"not_picked":["Bludgeon","Replay:LoomingThreat"],"picked":"Reaper","floor":16},{"not_picked":["Consecrate+1","BowlingBash"],"picked":"Fasting2+1","floor":18},{"not_picked":["EmptyBody+1","Halt"],"picked":"Swivel","floor":19},{"not_picked":["InnerPeace","Halt"],"picked":"Replay:Cycle+1","floor":20},{"not_picked":["Consecrate","FlyingSleeves","EmptyFist"],"picked":"SKIP","floor":21},{"not_picked":["Meditate","Halt+1"],"picked":"WreathOfFlame+1","floor":23},{"not_picked":["Replay:AtTheReady","MentalFortress+1"],"picked":"Devotion","floor":25},{"not_picked":["PathToVictory","CrushJoints+1"],"picked":"Replay:ManipulateFuture","floor":28},{"not_picked":["EmptyBody","CutThroughFate+1"],"picked":"Replay:ManipulateFuture","floor":29},{"not_picked":["ThirdEye","Worship+1"],"picked":"JustLucky","floor":30},{"not_picked":["Consecrate","Halt"],"picked":"Devotion","floor":31},{"not_picked":["Alpha","Blasphemy"],"picked":"Devotion","floor":33},{"not_picked":["ReplayTheSpireMod:Faulty Equipment","AbeCurse"],"picked":"Sickly","floor":34},{"not_picked":["Amnesia","ReplayTheSpireMod:Restless Dread"],"picked":"ReplayTheSpireMod:Doomed","floor":34},{"not_picked":["Doubt","downfall:Haunted"],"picked":"ReplayTheSpireMod:Splinters","floor":34},{"not_picked":["Tantrum+1","FlurryOfBlows"],"picked":"EmptyMind+1","floor":35},{"not_picked":["Conclude+1","InnerPeace"],"picked":"Vault","floor":36},{"not_picked":["Pray","BowlingBash+1"],"picked":"Weave","floor":39},{"not_picked":["Conclude","Replay:Anticipation"],"picked":"DevaForm","floor":40},{"not_picked":["Consecrate","SashWhip"],"picked":"SignatureMove","floor":41},{"not_picked":["FollowUp","Protect+1"],"picked":"Sanctity+1","floor":42},{"not_picked":["JustLucky+1","DevaForm"],"picked":"Wallop","floor":45},{"not_picked":["BowlingBash+1","EmptyFist"],"picked":"Consecrate+1","floor":46},{"not_picked":["Conclude","Halt"],"picked":"FlurryOfBlows","floor":54}],"player_experience":216286,"relics_obtained":[{"floor":6,"key":"ReplayFunnel"},{"floor":9,"key":"Thread and Needle"},{"floor":10,"key":"Pet Ghost"},{"floor":12,"key":"Odd Mushroom"},{"floor":23,"key":"Durian"},{"floor":30,"key":"Replay:Towering Pillar of Hats"},{"floor":40,"key":"Golden Egg"},{"floor":42,"key":"Pondfish Scales"},{"floor":43,"key":"HornCleat"},{"floor":45,"key":"Darkstone Periapt"},{"floor":54,"key":"Lantern"}],"event_choices":[{"damage_healed":0,"gold_gain":0,"player_choice":"Box","damage_taken":0,"relics_obtained":["Kunai"],"max_hp_gain":0,"max_hp_loss":0,"event_name":"Big Fish","floor":7,"gold_loss":0,"cards_obtained":["Regret"]},{"damage_healed":0,"gold_gain":0,"player_choice":"Fought Mushrooms","damage_taken":0,"max_hp_gain":0,"max_hp_loss":0,"event_name":"Mushrooms","floor":12,"gold_loss":0},{"damage_healed":0,"gold_gain":0,"player_choice":"Relic ","damage_taken":3,"max_hp_gain":0,"max_hp_loss":0,"event_name":"betterThird:BetterScrap","floor":14,"gold_loss":0,"cards_obtained":["Crystallizer"]},{"damage_healed":0,"gold_gain":0,"player_choice":"Became a Ghost","damage_taken":0,"max_hp_gain":0,"max_hp_loss":36,"event_name":"Ghosts","floor":22,"gold_loss":0,"cards_obtained":["Ghostly","Ghostly","Ghostly","Ghostly","Ghostly"]},{"damage_healed":0,"gold_gain":0,"player_choice":"Ignored","damage_taken":0,"max_hp_gain":0,"max_hp_loss":0,"event_name":"Vampires","floor":32,"gold_loss":0},{"cards_removed":["Devotion"],"damage_healed":0,"gold_gain":0,"player_choice":"Removed Power","damage_taken":0,"max_hp_gain":0,"max_hp_loss":0,"event_name":"Falling","floor":38,"gold_loss":0}],"is_beta":false,"boss_relics":[{"not_picked":["Ring of Chaos","Coffee Dripper"],"picked":"Replay:Grab Bag"},{"not_picked":["Runic Dome","Velvet Choker"],"picked":"Sozu"},{"not_picked":["ReplayTheSpireMod:Onyx Gauntlets","Ectoplasm"],"picked":"Fusion Hammer"},{"not_picked":["Astrolabe","VioletLotus"],"picked":"Empty Cage"},{"not_picked":["Tiny House","Black Star"],"picked":"Replay:Ancient Bell"},{"not_picked":["Damaru","Anchor"],"picked":"Omamori"},{"not_picked":["Molten Egg 2","Letter Opener"],"picked":"Divine Protection"},{"not_picked":["Old Coin","Replay:Multitool"],"picked":"Girya"}],"items_purged_floors":[37],"is_endless":false,"potions_floor_spawned":[1,3,23,25,28,29,31,35,45,46,54],"killed_by":"The Heart","ascension_level":1}}