{"host":"ttt10ghevkhyjkzb","time":1612815216,"event":{"mods":["2.2 Compatiblity","AchievementEnabler","BaseMod","Googly Eyes","Minty Spire (QoL Compilation)","StSLib","The IronCluck"],"gold_per_floor":[115,115,35,35,53,96,96,115,115,115,134,172,172,193,193,313,313,331,356,281,380,380,380,380],"floor_reached":23,"language":"ENG","playtime":765,"items_purged":["Strike_B"],"score":209,"play_id":"04668008-6307-4db8-9a56-bc6d36218202","local_time":"20210208211336","is_ascension_mode":true,"campfire_choices":[{"data":"White Noise","floor":7,"key":"SMITH"},{"floor":13,"key":"REST"},{"floor":15,"key":"REST"}],"circlet_count":0,"master_deck":["Strike_B","Strike_B","Strike_B","Defend_B","Defend_B","Defend_B","Defend_B","Zap","Dualcast","White Noise","Static Discharge","White Noise+1","Loop","Parasite","Sunder","Ball Lightning","Leap","Defragment","Storm"],"relics":["Cracked Core","Ginger","Bloody Idol","Girya","White Beast Statue","Juzu Bracelet","Sozu"],"acts_visited":["Exordium","TheCity"],"potions_floor_usage":[16,16,16,23],"damage_taken":[{"damage":0,"enemies":"Cultist","floor":1,"turns":4},{"damage":6,"enemies":"Jaw Worm","floor":5,"turns":3},{"damage":26,"enemies":"Gremlin Nob","floor":6,"turns":4},{"damage":0,"enemies":"Small Slimes","floor":8,"turns":3},{"damage":10,"enemies":"Looter","floor":11,"turns":3},{"damage":21,"enemies":"Lagavulin","floor":12,"turns":7},{"damage":16,"enemies":"3 Louse","floor":14,"turns":3},{"damage":36,"enemies":"The Guardian","floor":16,"turns":10},{"damage":22,"enemies":"2 Thieves","floor":18,"turns":4},{"damage":9,"enemies":"3 Byrds","floor":19,"turns":2},{"damage":40,"enemies":"Slavers","floor":23,"turns":2}],"seed_played":"7447880767892071129","potions_obtained":[{"floor":5,"key":"Regen Potion"},{"floor":11,"key":"ColorlessPotion"},{"floor":12,"key":"ColorlessPotion"},{"floor":16,"key":"Ancient Potion"}],"is_trial":false,"path_per_floor":["M","?","$","?","M","E","R","M","T","?","M","E","R","M","R","B",null,"M","M","$","?","?","E"],"character_chosen":"DEFECT","items_purchased":["Static Discharge"],"campfire_rested":2,"item_purchase_floors":[3],"current_hp_per_floor":[68,51,51,51,45,19,19,19,19,36,26,5,25,9,29,8,68,46,37,37,37,37,0,0],"gold":380,"neow_bonus":"ONE_RARE_RELIC","is_daily":false,"chose_seed":false,"campfire_upgraded":1,"win_rate":0.0,"timestamp":1612815216,"path_taken":["M","?","$","?","M","E","R","M","T","?","M","E","R","M","R","BOSS","M","M","$","?","?","E"],"items_purchased_type":["Card"],"build_version":"2020-12-22","purchased_purges":1,"victory":false,"max_hp_per_floor":[68,68,68,68,68,68,68,68,68,68,68,68,68,68,68,68,68,68,68,68,68,68,68,68],"card_choices":[{"not_picked":["Leap","Chill"],"picked":"White Noise","floor":1},{"not_picked":["Heatsinks","Recycle"],"picked":"White Noise","floor":5},{"not_picked":["Stack","Coolheaded","Go for the Eyes"],"picked":"SKIP","floor":6},{"not_picked":["Steam","Stack"],"picked":"Loop","floor":8},{"not_picked":["Rebound","Stack"],"picked":"Sunder","floor":11},{"not_picked":["Leap","Cold Snap"],"picked":"Ball Lightning","floor":12},{"not_picked":["Redo","Beam Cell"],"picked":"Leap","floor":14},{"not_picked":["Lockon","Redo+1"],"picked":"Defragment","floor":18},{"not_picked":["Self Repair","BootSequence+1"],"picked":"Storm","floor":19}],"player_experience":134467,"relics_obtained":[{"floor":6,"key":"Girya"},{"floor":9,"key":"White Beast Statue"},{"floor":12,"key":"Juzu Bracelet"}],"event_choices":[{"damage_healed":0,"gold_gain":0,"player_choice":"Take Damage","damage_taken":17,"relics_obtained":["Golden Idol"],"max_hp_gain":0,"max_hp_loss":0,"event_name":"Golden Idol","floor":2,"gold_loss":0},{"damage_healed":0,"gold_gain":0,"player_choice":"Ignored","damage_taken":0,"max_hp_gain":0,"max_hp_loss":0,"event_name":"Liars Game","floor":4,"gold_loss":0},{"damage_healed":17,"gold_gain":0,"player_choice":"Healed and dodged fight","damage_taken":0,"max_hp_gain":0,"max_hp_loss":0,"event_name":"Mushrooms","floor":10,"gold_loss":0,"cards_obtained":["Parasite"]},{"damage_healed":0,"gold_gain":99,"player_choice":"Stole From Cult","damage_taken":0,"max_hp_gain":0,"max_hp_loss":0,"event_name":"Nest","floor":21,"gold_loss":0},{"damage_healed":0,"gold_gain":0,"player_choice":"Gave Idol","damage_taken":0,"relics_obtained":["Bloody Idol"],"max_hp_gain":0,"max_hp_loss":0,"event_name":"Forgotten Altar","floor":22,"relics_lost":["Golden Idol"],"gold_loss":0}],"is_beta":false,"boss_relics":[{"not_picked":["Velvet Choker","FrozenCore"],"picked":"Sozu"}],"items_purged_floors":[20],"is_endless":false,"potions_floor_spawned":[5,11,12,14,16,18,19],"killed_by":"Slavers","ascension_level":1}}