{"host":"d61fcf2p3sjwe6yo","time":1612813272,"event":{"mods":["BaseMod","Colored Map","Koishi","Marisa????????","Minty Spire (QoL Compilation)","StSLib","SuperFastMode","The Servant 0.9.4"],"gold_per_floor":[112,112,112,112,126,126,155,165,215,215,84,113,130,142,142,216,216,226,226,244,244,88,119,119,119,119,119,138,152,163,193,193,193,193],"floor_reached":33,"language":"ENG","playtime":2146,"items_purged":["Koishi:BasicStrike","Koishi:BasicDefend"],"score":680,"play_id":"19bbada4-1716-4dd2-b883-aa11465b87de","local_time":"20210208224112","is_ascension_mode":true,"campfire_choices":[{"data":"Koishi:StingingMind","floor":6,"key":"SMITH"},{"data":"Koishi:HauntingSlash","floor":10,"key":"SMITH"},{"data":"Koishi:HeartfeltFancy","floor":15,"key":"SMITH"},{"data":"Koishi:ConfinedInnocent","floor":24,"key":"SMITH"},{"data":"Koishi:Untouchable","floor":27,"key":"SMITH"},{"floor":32,"key":"REST"}],"circlet_count":0,"master_deck":["AscendersBane","Koishi:BasicDefend","Koishi:BasicDefend","Koishi:BasicDefend","Koishi:Provoke","Koishi:HauntingSlash+1","Koishi:PhilosophyOfTheDespised","Koishi:StingingMind+1","Koishi:MindNumbingTerror","Koishi:RacingHeart","Koishi:HeartfeltFancy+1","Koishi:BloodcurdlingScream","Koishi:ConfinedInnocent+1","Koishi:ReflexRadar","Koishi:Untouchable+1","Doubt","Koishi:TremblingHands","Koishi:FleetingPhantom+1","Koishi:Vanish"],"relics":["Koishi:ImaginaryFriend","NeowsBlessing","Art of War","Oddly Smooth Stone","Koishi:LettersToReimu","Cursed Key","StrikeDummy","Meat on the Bone"],"acts_visited":["Exordium","TheCity"],"potions_floor_usage":[20,20,23,31],"damage_taken":[{"damage":0,"enemies":"Small Slimes","floor":1,"turns":1},{"damage":0,"enemies":"2 Louse","floor":5,"turns":1},{"damage":0,"enemies":"Gremlin Nob","floor":7,"turns":1},{"damage":2,"enemies":"Jaw Worm","floor":8,"turns":4},{"damage":21,"enemies":"3 Sentries","floor":12,"turns":10},{"damage":4,"enemies":"Large Slime","floor":13,"turns":5},{"damage":0,"enemies":"Red Slaver","floor":14,"turns":3},{"damage":19,"enemies":"The Guardian","floor":16,"turns":11},{"damage":19,"enemies":"Shell Parasite","floor":18,"turns":8},{"damage":11,"enemies":"2 Thieves","floor":20,"turns":3},{"damage":49,"enemies":"Slavers","floor":23,"turns":11},{"damage":0,"enemies":"Gremlin Leader","floor":25,"turns":1},{"damage":1,"enemies":"Centurion and Healer","floor":28,"turns":6},{"damage":0,"enemies":"Snecko","floor":29,"turns":5},{"damage":31,"enemies":"Shelled Parasite and Fungi","floor":30,"turns":11},{"damage":39,"enemies":"Slavers","floor":31,"turns":8},{"damage":68,"enemies":"Collector","floor":33,"turns":14}],"seed_played":"-901650218232237724","potions_obtained":[{"floor":7,"key":"Strength Potion"},{"floor":8,"key":"Energy Potion"},{"floor":13,"key":"CultistPotion"},{"floor":16,"key":"Block Potion"},{"floor":28,"key":"Fire Potion"}],"is_trial":false,"path_per_floor":["M","?","?","?","M","R","E","M","T","R","$","E","M","M","R","B",null,"M","?","M","?","$","E","R","E","T","R","M","M","M","E","R","B"],"character_chosen":"KOISHI","items_purchased":["Koishi:RacingHeart","Fire Potion"],"campfire_rested":1,"item_purchase_floors":[11,22],"current_hp_per_floor":[51,56,56,49,49,49,49,49,49,49,49,30,28,34,34,43,57,56,56,51,51,51,18,18,18,18,18,33,45,48,25,43,0,0],"gold":193,"neow_bonus":"THREE_ENEMY_KILL","is_daily":false,"chose_seed":false,"campfire_upgraded":5,"win_rate":0.0,"timestamp":1612813272,"path_taken":["M","?","?","?","M","R","E","M","T","R","$","E","M","M","R","BOSS","M","?","M","?","$","E","R","E","T","R","M","M","?","E","R","BOSS"],"items_purchased_type":["Card","Potion"],"build_version":"2020-12-22","purchased_purges":2,"victory":false,"max_hp_per_floor":[57,62,62,62,62,62,62,62,62,62,62,62,62,62,62,62,62,62,62,62,62,62,62,62,62,62,62,62,62,62,62,62,62,62],"card_choices":[{"not_picked":["Koishi:CatchAndRose","Koishi:Prune"],"picked":"Koishi:PhilosophyOfTheDespised","floor":1},{"not_picked":["Koishi:LastRemote","Koishi:EmbryosDream"],"picked":"Koishi:StingingMind","floor":5},{"not_picked":["Koishi:DreadfulBlow","Koishi:DNAsFlaw"],"picked":"Koishi:MindNumbingTerror","floor":7},{"not_picked":["Koishi:HeartAttack","Koishi:FreudianInstinct","Koishi:FleetingPhantom"],"picked":"SKIP","floor":8},{"not_picked":["Koishi:FourthEye","Koishi:VengefulSpirit"],"picked":"Koishi:HeartfeltFancy","floor":12},{"not_picked":["Koishi:Prune","Koishi:CatchAndRose"],"picked":"Koishi:BloodcurdlingScream","floor":13},{"not_picked":["Koishi:FidgetySnatcher","Koishi:EmbersOfLove","Koishi:SubterraneanRose"],"picked":"SKIP","floor":14},{"not_picked":["Koishi:Heartbroken","Koishi:GrowingPain"],"picked":"Koishi:ConfinedInnocent","floor":16},{"not_picked":["Koishi:SubterraneanRose","Koishi:LastRemote"],"picked":"Koishi:ReflexRadar","floor":18},{"not_picked":["Koishi:VengefulSpirit","Koishi:ReflexRadar"],"picked":"Koishi:Untouchable","floor":20},{"not_picked":["Koishi:BloodcurdlingScream","Koishi:SubterraneanRose"],"picked":"Koishi:ConditionedTeleport","floor":23},{"not_picked":["Koishi:BramblyRoseGarden","Koishi:PhilosophyOfTheDespised"],"picked":"Koishi:TremblingHands","floor":28},{"not_picked":["Koishi:RorschachInDanmaku","Koishi:Jaunt"],"picked":"Koishi:FleetingPhantom+1","floor":29},{"not_picked":["Koishi:BloodcurdlingScream","Koishi:RorschachInDanmaku"],"picked":"Koishi:Vanish","floor":30},{"not_picked":["Koishi:IdleWhim","Koishi:StingingMind","Koishi:JumpScare"],"picked":"SKIP","floor":31}],"player_experience":291781,"relics_obtained":[{"floor":7,"key":"Art of War"},{"floor":9,"key":"Oddly Smooth Stone"},{"floor":12,"key":"Koishi:LettersToReimu"},{"floor":23,"key":"StrikeDummy"},{"floor":31,"key":"Meat on the Bone"}],"event_choices":[{"damage_healed":0,"gold_gain":0,"player_choice":"Donut","damage_taken":0,"max_hp_gain":5,"max_hp_loss":0,"event_name":"Big Fish","floor":2,"gold_loss":0},{"cards_removed":["Koishi:BasicStrike"],"damage_healed":0,"gold_gain":0,"player_choice":"Forget","damage_taken":0,"max_hp_gain":0,"max_hp_loss":0,"event_name":"Living Wall","floor":3,"gold_loss":0},{"cards_removed":["Koishi:BasicStrike"],"damage_healed":0,"gold_gain":0,"player_choice":"Card Removal","damage_taken":7,"max_hp_gain":0,"max_hp_loss":0,"event_name":"Golden Wing","floor":4,"gold_loss":0},{"cards_removed":["Koishi:BasicStrike"],"damage_healed":0,"gold_gain":0,"player_choice":"Elegance","damage_taken":0,"max_hp_gain":0,"max_hp_loss":0,"event_name":"Back to Basics","floor":19,"gold_loss":0},{"damage_healed":0,"gold_gain":0,"player_choice":"Ignored","damage_taken":0,"max_hp_gain":0,"max_hp_loss":0,"event_name":"N\u0027loth","floor":21,"gold_loss":0}],"is_beta":false,"boss_relics":[{"not_picked":["Busted Crown","SlaversCollar"],"picked":"Cursed Key"}],"items_purged_floors":[11,22],"is_endless":false,"potions_floor_spawned":[7,8,13,14,16,25,28],"killed_by":"Collector","ascension_level":20}}