{"host":"1focbxb2e8qu7ccd","time":1612807573,"event":{"mods":["AchievementEnabler","BaseMod","Bestiary","Highlight Path","Minty Spire (QoL Compilation)","Relic Stats"],"gold_per_floor":[116,116,130,130,144,144,144],"floor_reached":6,"language":"ENG","playtime":207,"items_purged":[],"score":72,"play_id":"192a9fc3-2486-411f-8ddb-04ce3d697892","local_time":"20210208130613","is_ascension_mode":true,"campfire_choices":[],"circlet_count":0,"master_deck":["AscendersBane","Strike_R","Strike_R+1","Strike_R","Strike_R","Strike_R","Defend_R","Defend_R","Defend_R","Defend_R+1","Bash","Headbutt","Twin Strike","Sever Soul"],"relics":["Burning Blood","FossilizedHelix"],"acts_visited":["Exordium"],"potions_floor_usage":[6],"damage_taken":[{"damage":7,"enemies":"Jaw Worm","floor":1,"turns":4},{"damage":0,"enemies":"Small Slimes","floor":3,"turns":3},{"damage":0,"enemies":"Cultist","floor":5,"turns":2},{"damage":17,"enemies":"3 Sentries","floor":6,"turns":3}],"seed_played":"-217069888008879599","potions_obtained":[{"floor":5,"key":"CultistPotion"}],"is_trial":false,"path_per_floor":["M","?","M","?","M","E"],"character_chosen":"IRONCLAD","items_purchased":[],"campfire_rested":0,"item_purchase_floors":[],"current_hp_per_floor":[49,26,32,6,12,0,0],"gold":144,"neow_bonus":"ONE_RARE_RELIC","is_daily":false,"chose_seed":false,"campfire_upgraded":0,"win_rate":0.0,"timestamp":1612807573,"path_taken":["M","?","M","?","M","E"],"items_purchased_type":[],"build_version":"2020-12-22","purchased_purges":0,"victory":false,"max_hp_per_floor":[75,75,75,75,75,75,75],"relic_stats":{"counters":[4,12],"obtain_stats":[{"Burning Blood":0,"FossilizedHelix":0},{"Burning Blood":0,"FossilizedHelix":0},{"Burning Blood":0,"FossilizedHelix":0}],"Burning Blood":18},"card_choices":[{"not_picked":["Sword Boomerang","Wild Strike"],"picked":"Headbutt","floor":1},{"not_picked":["Body Slam","Flex"],"picked":"Twin Strike","floor":3},{"not_picked":["Pommel Strike","Searing Blow"],"picked":"Sever Soul","floor":5}],"player_experience":895026,"relics_obtained":[],"event_choices":[{"damage_healed":0,"gold_gain":0,"player_choice":"Entered Light","damage_taken":23,"max_hp_gain":0,"max_hp_loss":0,"event_name":"Shining Light","floor":2,"gold_loss":0,"cards_upgraded":["Strike_R","Defend_R"]},{"damage_healed":0,"gold_gain":0,"player_choice":"Fled","damage_taken":26,"max_hp_gain":0,"max_hp_loss":0,"event_name":"Scrap Ooze","floor":4,"gold_loss":0}],"is_beta":false,"boss_relics":[],"items_purged_floors":[],"is_endless":false,"potions_floor_spawned":[5],"killed_by":"3 Sentries","ascension_level":20}}