{"host":"p7cjtxxrilhp4dw7","time":1612815717,"event":{"mods":["BaseMod","Block Reminder","Colored Map","Curses Come First","Highlight Path","Minty Spire (QoL Compilation)","Replay The Spire","StSLib","The Hierophant"],"gold_per_floor":[113,288,288,20,20,50,70,101,101,111,124,124,155,171,171,270,270,289,305,213,213,230,230,256,270,270,297,297,498,498,509,509,509,509],"floor_reached":33,"language":"ENG","playtime":2727,"items_purged":["Doubt"],"score":550,"play_id":"0c7e8897-905f-4e3f-9a7f-3c4d02fbcd0c","local_time":"20210208132157","is_ascension_mode":true,"campfire_choices":[{"floor":12,"key":"REST"},{"data":"Armaments","floor":23,"key":"SMITH"},{"floor":30,"key":"REST"},{"floor":32,"key":"REST"}],"circlet_count":0,"master_deck":["AscendersBane","Strike_R+1","Strike_R+1","Strike_R+1","Defend_R","Defend_R","Defend_R+1","Bash","Cleave","Armaments+1","Jack Of All Trades","Thunderclap","Ghostly Armor","Clothesline","Feed","Life Link","Hemogenesis","Immolate+1","Power Through+1","Hemogenesis+1","Bloodletting","Flame Barrier+1","Replay:Sssssssssshield","Shrug It Off","Bloodletting","Spot Weakness","Whirlwind+1"],"relics":["Burning Blood","NeowsBlessing","King of Hearts","Incense Burner","Dream Catcher","Replay:Bottled Snecko","Bronze Scales","Astrolabe","Whetstone","Replay:Rubber Ducky","PreservedInsect"],"acts_visited":["Exordium","TheCity"],"potions_floor_usage":[13,13,13,13,13,13,16,16,19,22,27,33,33,33,33],"damage_taken":[{"damage":0,"enemies":"Jaw Worm","floor":1,"turns":1},{"damage":0,"enemies":"Replay:BlueRogue","floor":6,"turns":1},{"damage":0,"enemies":"2 Louse","floor":7,"turns":1},{"damage":46,"enemies":"Lagavulin","floor":8,"turns":9},{"damage":1,"enemies":"Cultist","floor":10,"turns":4},{"damage":0,"enemies":"2 Fungi Beasts","floor":11,"turns":2},{"damage":14,"enemies":"3 Sentries","floor":13,"turns":8},{"damage":5,"enemies":"Red Slaver","floor":14,"turns":4},{"damage":23,"enemies":"Slime Boss","floor":16,"turns":8},{"damage":9,"enemies":"3 Byrds","floor":18,"turns":2},{"damage":9,"enemies":"Chosen","floor":19,"turns":4},{"damage":7,"enemies":"Centurion and Healer","floor":22,"turns":7},{"damage":3,"enemies":"Gremlin Leader","floor":24,"turns":7},{"damage":44,"enemies":"Cultist and Chosen","floor":25,"turns":6},{"damage":26,"enemies":"Replay:Snechameleon","floor":27,"turns":6},{"damage":15,"enemies":"Sentry and Sphere","floor":31,"turns":8},{"damage":102,"enemies":"Automaton","floor":33,"turns":12}],"seed_played":"-1623806970246647534","potions_obtained":[{"floor":6,"key":"LiquidBronze"},{"floor":8,"key":"Regen Potion"},{"floor":15,"key":"DistilledChaos"},{"floor":16,"key":"GamblersBrew"},{"floor":19,"key":"Reflective Coating"},{"floor":27,"key":"EntropicBrew"}],"is_trial":false,"path_per_floor":["M","?","?","$","?","E","M","E","T","M","M","R","E","M","R_BF","B",null,"M","M","$","?","M","R","E","M","T","E","?","?","R","M","R","B"],"character_chosen":"IRONCLAD","items_purchased":["King of Hearts","Armaments","Replay:Sssssssssshield"],"campfire_rested":3,"item_purchase_floors":[4,4,20],"current_hp_per_floor":[78,78,62,62,62,68,74,34,34,39,45,69,79,80,80,63,78,80,77,77,77,84,84,86,59,59,67,50,13,41,50,78,0,0],"gold":509,"neow_bonus":"THREE_ENEMY_KILL","is_daily":false,"chose_seed":false,"campfire_upgraded":1,"win_rate":0.0,"timestamp":1612815717,"path_taken":["M","?","?","$","?","E","M","E","T","M","?","R","E","M","R_BF","BOSS","M","M","$","?","M","R","E","?","T","E","?","?","R","M","R","BOSS"],"items_purchased_type":["Relic","Card","Card"],"build_version":"2020-12-22","purchased_purges":1,"victory":false,"max_hp_per_floor":[80,80,80,80,80,80,80,80,80,80,80,80,83,83,83,83,83,83,83,83,83,86,86,86,89,89,89,94,94,94,94,94,94,94],"card_choices":[{"not_picked":["Run Through","Bloodletting"],"picked":"Cleave","floor":1},{"not_picked":["Clothesline","ReplayTheSpireMod:Corrosion Curse"],"picked":"Thunderclap","floor":6},{"not_picked":["Havoc","ReplayTheSpireMod:LeadingStrike"],"picked":"Ghostly Armor","floor":7},{"not_picked":["Replay:Undeath\u0027s Touch","Clothesline","Heavy Blade"],"picked":"SKIP","floor":8},{"not_picked":["ReplayTheSpireMod:Strike From Hell","Clash","Perfected Strike"],"picked":"SKIP","floor":10},{"not_picked":["Anger","Blood for Blood"],"picked":"Clothesline","floor":11},{"not_picked":["Flex","Pommel Strike"],"picked":"Feed","floor":12},{"not_picked":["Sword Boomerang","Dark Embrace","Pommel Strike"],"picked":"SKIP","floor":13},{"not_picked":["Clothesline","ReplayTheSpireMod:Strike From Hell"],"picked":"Life Link","floor":14},{"not_picked":["Bludgeon","Replay:Many Hands"],"picked":"Hemogenesis","floor":16},{"not_picked":["Infernal Blade","Wild Strike"],"picked":"Bloodletting","floor":18},{"not_picked":["Thunderclap+1","Clash+1"],"picked":"Flame Barrier+1","floor":19},{"not_picked":["Fire Breathing","Sentinel","Clash"],"picked":"SKIP","floor":22},{"not_picked":["Flame Barrier","Headbutt","Cleave"],"picked":"SKIP","floor":24},{"not_picked":["Anger","Headbutt"],"picked":"Shrug It Off","floor":25},{"not_picked":["Hemogenesis","Flex"],"picked":"Bloodletting","floor":27},{"not_picked":["Flex","Pommel Strike"],"picked":"Spot Weakness","floor":29},{"not_picked":["Run Through","Heavy Blade"],"picked":"Whirlwind+1","floor":31}],"player_experience":688444,"relics_obtained":[{"floor":6,"key":"Incense Burner"},{"floor":8,"key":"Dream Catcher"},{"floor":9,"key":"Replay:Bottled Snecko"},{"floor":13,"key":"Bronze Scales"},{"floor":24,"key":"Whetstone"},{"floor":26,"key":"Replay:Rubber Ducky"},{"floor":27,"key":"PreservedInsect"}],"event_choices":[{"damage_healed":0,"gold_gain":175,"player_choice":"AGREE","damage_taken":0,"max_hp_gain":0,"max_hp_loss":0,"event_name":"Liars Game","floor":2,"gold_loss":0,"cards_obtained":["Doubt"]},{"damage_healed":0,"gold_gain":0,"player_choice":"Entered Light","damage_taken":16,"max_hp_gain":0,"max_hp_loss":0,"event_name":"Shining Light","floor":3,"gold_loss":0,"cards_upgraded":["Defend_R","Strike_R"]},{"damage_healed":0,"gold_gain":0,"player_choice":"1 cards matched","damage_taken":0,"max_hp_gain":0,"max_hp_loss":0,"event_name":"Match and Keep!","floor":5,"gold_loss":0,"cards_obtained":["Jack Of All Trades"]},{"damage_healed":0,"gold_gain":0,"player_choice":"Leave","damage_taken":0,"max_hp_gain":0,"max_hp_loss":0,"event_name":"FaceTrader","floor":21,"gold_loss":0},{"damage_healed":0,"gold_gain":0,"player_choice":"Shed Blood","damage_taken":22,"max_hp_gain":5,"max_hp_loss":0,"event_name":"Forgotten Altar","floor":28,"gold_loss":0}],"is_beta":false,"boss_relics":[{"not_picked":["Ooze Armor","SlaversCollar"],"picked":"Astrolabe"}],"items_purged_floors":[4],"is_endless":false,"potions_floor_spawned":[6,8,16,19,27,31],"killed_by":"Automaton","ascension_level":11}}