{"host":"oluf6aumjll4vfac","time":1612771699,"event":{"mods":["BaseMod","Colored Map","Colored Powertips","Conspire","Downfall","Minty Spire (QoL Compilation)","Quick Restart","Replay The Spire","Shop Mod","StSLib","SuperFastMode"],"gold_per_floor":[118,136,209,52,52,52,72,72,124,137,148,160,35,104,104,199,199,213,213,229,37,51,78,91,91,146,146,53,53,8,27,27,27,27],"floor_reached":33,"language":"ZHS","playtime":1653,"items_purged":["Strike_G","Strike_G"],"score":307,"play_id":"a46382ea-db7f-4abd-ba7b-f1bbb6b6b981","local_time":"20210208160819","is_ascension_mode":false,"campfire_choices":[{"data":"Caltrops","floor":6,"key":"SMITH"},{"data":"Survivor","floor":8,"key":"SMITH"},{"floor":15,"key":"REST"},{"floor":25,"key":"REST"},{"floor":27,"key":"REST"},{"floor":29,"key":"REST"},{"floor":32,"key":"DIG"}],"circlet_count":0,"master_deck":["Strike_G","Strike_G","Strike_G","Defend_G","Defend_G","Defend_G","Defend_G","Defend_G","Survivor+1","Neutralize","Backstab","Caltrops+1","Backstab","Slice","Leg Sweep","All Out Attack","Dagger Spray","Atom Bomb","Backstab","Night Terror","Poisoned Stab+1","ReplayTheSpireMod:Private Reserves","All Out Attack","ReplayTheSpireMod:Trickstab","Poisoned Stab","Skewer","Dodge and Roll","PiercingWail","PiercingWail","Well Laid Plans","Noxious Fumes","ReplayTheSpireMod:Necrosis","Distraction+1","Poisoned Stab","Slice+1"],"relics":["NeowsBlessing","Smiling Mask","ChewingGum","Pear","MerchantsRug","Regal Pillow","Unceasing Top"],"acts_visited":["Exordium","TheCity"],"potions_floor_usage":[11,11,16,16,18,23,23,24,33],"damage_taken":[{"damage":0,"enemies":"Jaw Worm","floor":1,"turns":1},{"damage":0,"enemies":"2 Louse","floor":2,"turns":1},{"damage":0,"enemies":"Cultist","floor":7,"turns":1},{"damage":7,"enemies":"Lots of Slimes","floor":10,"turns":2},{"damage":0,"enemies":"Large Slime","floor":11,"turns":1},{"damage":3,"enemies":"Red Slaver","floor":12,"turns":3},{"damage":29,"enemies":"Fading Forest","floor":16,"turns":11},{"damage":0,"enemies":"3 Byrds","floor":18,"turns":4},{"damage":0,"enemies":"Spheric Guardian","floor":20,"turns":2},{"damage":28,"enemies":"Shelled Parasite and Fungi","floor":22,"turns":4},{"damage":12,"enemies":"conspire:Head Lice","floor":23,"turns":3},{"damage":24,"enemies":"3 Cultists","floor":24,"turns":4},{"damage":44,"enemies":"Snake Plant","floor":31,"turns":5},{"damage":64,"enemies":"Pondfish","floor":33,"turns":10}],"seed_played":"6870121603041127519","potions_obtained":[{"floor":5,"key":"Ancient Potion"},{"floor":5,"key":"Fire Potion"},{"floor":5,"key":"Fire Potion"},{"floor":12,"key":"SkillPotion"},{"floor":14,"key":"Fire Potion"},{"floor":16,"key":"ColorlessPotion"},{"floor":18,"key":"SpeedPotion"},{"floor":20,"key":"Toxic Potion"},{"floor":23,"key":"Fire Potion"}],"is_trial":false,"path_per_floor":["M","M","?","$","?","R","M","R","T","M","M","M","$","?","R","B",null,"M","?","M","$","M","E","M","R","T","R","$","R","$","M","R_BF","B"],"character_chosen":"THE_SILENT","items_purchased":["conspire:TreasureMap","Dagger Spray","BargainBundle","ReplayTheSpireMod:Trickstab","Poisoned Stab","Skewer","Dodge and Roll","PiercingWail","Well Laid Plans","Death Potion","MerchantsRug","Regal Pillow","Toxic Potion","Poisoned Stab"],"campfire_rested":4,"item_purchase_floors":[4,13,21,21,21,21,21,21,21,21,28,28,28,30],"current_hp_per_floor":[70,70,70,70,70,70,70,70,70,63,65,64,64,47,68,41,70,70,52,54,54,28,28,6,30,30,54,54,80,80,36,36,0,0],"gold":27,"neow_bonus":"THREE_ENEMY_KILL","is_daily":false,"chose_seed":false,"campfire_upgraded":2,"win_rate":0.0,"timestamp":1612771699,"path_taken":["M","M","?","$","?","R","M","R","T","?","M","M","?","?","R","BOSS","M","?","M","$","?","E","M","R","T","R","$","R","?","M","R_BF","BOSS"],"items_purchased_type":["Relic","Card","Relic","Card","Card","Card","Card","Card","Card","Potion","Relic","Relic","Potion","Card"],"build_version":"2020-12-22","purchased_purges":2,"victory":false,"max_hp_per_floor":[70,70,70,70,70,70,70,70,70,70,70,70,70,70,70,70,70,70,70,70,70,70,80,80,80,80,80,80,80,80,80,80,80,80],"card_choices":[{"not_picked":["Dodge and Roll","Hidden Blade"],"picked":"Backstab","floor":1},{"not_picked":["Dagger Throw","Underhanded Strike"],"picked":"Caltrops","floor":2},{"not_picked":["Deflect","Tactician"],"picked":"Backstab","floor":7},{"not_picked":["PiercingWail","Cloak And Dagger"],"picked":"Slice","floor":10},{"not_picked":["Dodge and Roll","ReplayTheSpireMod:Exploit Weakness"],"picked":"Leg Sweep","floor":11},{"not_picked":["Finisher","Well Laid Plans"],"picked":"All Out Attack","floor":12},{"not_picked":["ReplayTheSpireMod:Speed Training","Prepared"],"picked":"Atom Bomb","floor":14},{"not_picked":["PiercingWail","Blade Dance"],"picked":"Backstab","floor":14},{"not_picked":["Glass Knife","Envenom"],"picked":"Night Terror","floor":16},{"not_picked":["Flying Knee","Underhanded Strike"],"picked":"Poisoned Stab+1","floor":18},{"not_picked":["Flying Knee","ReplayTheSpireMod:Scrap Shanks"],"picked":"All Out Attack","floor":20},{"not_picked":["Cloak And Dagger","Tactician"],"picked":"Noxious Fumes","floor":22},{"not_picked":["Slice","Deadly Poison+1"],"picked":"ReplayTheSpireMod:Necrosis","floor":23},{"not_picked":["Prepared","Escape Plan"],"picked":"Distraction+1","floor":24},{"not_picked":["Quick Slash","Footwork"],"picked":"Slice+1","floor":31}],"player_experience":64246,"relics_obtained":[{"floor":9,"key":"Blood Vial"},{"floor":14,"key":"Smiling Mask"},{"floor":23,"key":"Pear"},{"floor":26,"key":"Tingsha"},{"floor":32,"key":"Unceasing Top"}],"event_choices":[{"damage_healed":0,"gold_gain":73,"player_choice":"Gained Gold","damage_taken":0,"max_hp_gain":0,"max_hp_loss":0,"event_name":"Golden Wing","floor":3,"gold_loss":0},{"damage_healed":0,"gold_gain":0,"player_choice":"Got Potions","damage_taken":0,"max_hp_gain":0,"max_hp_loss":0,"event_name":"Lab","floor":5,"gold_loss":0},{"damage_healed":0,"gold_gain":0,"player_choice":"CARD POTION ","damage_taken":18,"max_hp_gain":0,"max_hp_loss":0,"event_name":"Knowing Skull","floor":19,"potions_obtained":["FairyPotion"],"gold_loss":0,"cards_obtained":["ReplayTheSpireMod:Private Reserves"]}],"is_beta":false,"boss_relics":[{"not_picked":["Ring of the Serpent","Honey Jar"],"picked":"ChewingGum"}],"items_purged_floors":[13,21],"is_endless":false,"potions_floor_spawned":[12,16,18,20,23],"killed_by":"Pondfish","ascension_level":0}}