{"host":"9b7hrp48q3pna783","time":1612818711,"event":{"mods":["BaseMod","Colored Map","Colored Powertips","Highlight Path","Minty Spire (QoL Compilation)","Relic Stats"],"gold_per_floor":[113,38,55,55,55,81,101,135,135],"floor_reached":8,"language":"ENG","playtime":526,"items_purged":[],"score":69,"play_id":"a849cb93-e92c-4548-a47d-52c3dc5156b2","local_time":"20210208161151","is_ascension_mode":true,"campfire_choices":[],"circlet_count":0,"master_deck":["Strike_R","Strike_R","Strike_R","Strike_R","Strike_R","Defend_R","Defend_R","Defend_R","Defend_R","Bash+1","Corruption","Sentinel","Body Slam","Entrench"],"relics":["Burning Blood","Nunchaku","Question Card","Regal Pillow"],"acts_visited":["Exordium"],"potions_floor_usage":[8,8],"damage_taken":[{"damage":5.0,"enemies":"Small Slimes","floor":1.0,"turns":5.0},{"damage":8.0,"enemies":"2 Louse","floor":3.0,"turns":4.0},{"damage":21,"enemies":"Lagavulin","floor":6,"turns":7},{"damage":6,"enemies":"Cultist","floor":7,"turns":4},{"damage":28,"enemies":"Gremlin Nob","floor":8,"turns":5}],"seed_played":"-7720535888118533411","potions_obtained":[{"floor":6,"key":"SteroidPotion"},{"floor":7,"key":"SneckoOil"}],"is_trial":false,"path_per_floor":["M","$","M","?","?","E","M","E"],"character_chosen":"IRONCLAD","items_purchased":["Sentinel"],"campfire_rested":0,"item_purchase_floors":[2],"current_hp_per_floor":[80,80,78,71,71,56,56,34,34],"gold":135,"neow_bonus":"ONE_RANDOM_RARE_CARD","is_daily":false,"chose_seed":false,"campfire_upgraded":0,"win_rate":0.0,"timestamp":1612818711,"path_taken":["M","$","M","?","?","E","?","E"],"items_purchased_type":["Card"],"build_version":"2020-12-22","purchased_purges":0,"victory":false,"max_hp_per_floor":[80,80,80,80,80,80,80,80,80],"relic_stats":{"Nunchaku":[3],"Regal Pillow":0,"counters":[5,25],"Question Card":2,"obtain_stats":[{"Nunchaku":4,"Regal Pillow":8,"Question Card":6,"Burning Blood":0},{"Nunchaku":2,"Regal Pillow":5,"Question Card":3,"Burning Blood":0},{"Nunchaku":9,"Regal Pillow":25,"Question Card":16,"Burning Blood":0}],"Burning Blood":29},"card_choices":[{"not_picked":["Wild Strike","Clothesline","Perfected Strike"],"picked":"SKIP","floor":1.0},{"not_picked":["Clothesline","Iron Wave","Heavy Blade"],"picked":"SKIP","floor":3},{"not_picked":["Heavy Blade","Wild Strike"],"picked":"Body Slam","floor":6},{"not_picked":["Bludgeon","Clothesline","Havoc"],"picked":"Entrench","floor":7}],"player_experience":141768,"relics_obtained":[{"floor":6,"key":"Question Card"},{"floor":8,"key":"Regal Pillow"}],"event_choices":[{"damage_healed":0,"gold_gain":0,"player_choice":"Success","damage_taken":7,"relics_obtained":["Nunchaku"],"max_hp_gain":0,"max_hp_loss":0,"event_name":"Scrap Ooze","floor":4,"gold_loss":0},{"damage_healed":0,"gold_gain":0,"player_choice":"Upgraded","damage_taken":0,"max_hp_gain":0,"max_hp_loss":0,"event_name":"Upgrade Shrine","floor":5,"gold_loss":0,"cards_upgraded":["Bash"]}],"is_beta":false,"boss_relics":[],"items_purged_floors":[],"is_endless":false,"potions_floor_spawned":[6,7],"killed_by":"Gremlin Nob","ascension_level":1}}