{"host":"sxnl403xm2xmiyj1","time":1612776393,"event":{"mods":["AchievementEnabler","BaseMod","Colored Map","Keyboard Shortcuts","Minty Spire (QoL Compilation)","Quick Restart","StSLib","SuperFastMode"],"gold_per_floor":[110,110,110,130,80,124,149,149,149,192,207,118,134,35,35,155,155,175,90,106,121,136,136,136],"floor_reached":23,"language":"KOR","playtime":485,"items_purged":["Strike_R"],"score":362,"play_id":"c43d34b3-3b53-457d-9337-105ba71a5f9b","local_time":"20210208182633","is_ascension_mode":true,"campfire_choices":[{"data":"Armaments","floor":8.0,"key":"SMITH"},{"data":"Battle Trance","floor":15.0,"key":"SMITH"}],"circlet_count":0,"master_deck":["AscendersBane","Strike_R","Strike_R","Strike_R","Defend_R","Defend_R","Defend_R","Defend_R","Bash","Spot Weakness","Feed","Battle Trance+1","Armaments+1","Shockwave","Sword Boomerang","Flash of Steel","Sword Boomerang","Sword Boomerang","Limit Break","True Grit+1","Heavy Blade","Heavy Blade"],"relics":["Burning Blood","NeowsBlessing","Golden Idol","Matryoshka","Odd Mushroom","Art of War","Magic Flower","Blood Vial","Black Star","Smiling Mask"],"acts_visited":["Exordium","TheCity"],"potions_floor_usage":[],"damage_taken":[{"damage":0.0,"enemies":"2 Louse","floor":1.0,"turns":1.0},{"damage":0.0,"enemies":"Small Slimes","floor":4.0,"turns":3.0},{"damage":7.0,"enemies":"Gremlin Nob","floor":6.0,"turns":3.0},{"damage":47.0,"enemies":"The Mushroom Lair","floor":7.0,"turns":6.0},{"damage":27.0,"enemies":"Lagavulin","floor":10.0,"turns":6.0},{"damage":0.0,"enemies":"Cultist","floor":11.0,"turns":3.0},{"damage":0.0,"enemies":"2 Fungi Beasts","floor":13.0,"turns":3.0},{"damage":26.0,"enemies":"Hexaghost","floor":16.0,"turns":8.0},{"damage":20.0,"enemies":"Chosen","floor":18.0,"turns":6.0},{"damage":23.0,"enemies":"3 Byrds","floor":20.0,"turns":4.0},{"damage":16.0,"enemies":"Shelled Parasite and Fungi","floor":21.0,"turns":4.0},{"damage":56.0,"enemies":"Centurion and Healer","floor":22.0,"turns":8.0},{"damage":12,"enemies":"Gremlin Leader","floor":23,"turns":2}],"seed_played":"4534206022567393409","potions_obtained":[{"floor":6.0,"key":"Ancient Potion"},{"floor":10.0,"key":"ColorlessPotion"},{"floor":11.0,"key":"Strength Potion"},{"floor":20.0,"key":"DistilledChaos"},{"floor":21.0,"key":"Ancient Potion"}],"is_trial":false,"path_per_floor":["M","?","?","M","?","E","?","R","T","E","M","$","M","$","R","B",null,"M","?","M","M","M","E"],"character_chosen":"IRONCLAD","items_purchased":["Flash of Steel","Sword Boomerang"],"campfire_rested":0,"item_purchase_floors":[12,14],"current_hp_per_floor":[78,58,58,67,67,69,32,32,32,20,37,37,54,54,54,40,85,77,77,72,73,34,25,25],"gold":136,"neow_bonus":"THREE_ENEMY_KILL","is_daily":false,"chose_seed":false,"campfire_upgraded":2,"win_rate":0.0,"timestamp":1612776393,"path_taken":["M","?","?","?","?","E","?","R","T","E","M","?","M","$","R","BOSS","M","?","M","M","M","E"],"items_purchased_type":["Card","Card"],"build_version":"2020-12-22","purchased_purges":1,"victory":false,"max_hp_per_floor":[80,80,80,83,83,86,90,90,90,94,97,97,100,100,100,100,100,100,100,104,107,110,110,110],"card_choices":[{"not_picked":["Clash","Body Slam"],"picked":"Spot Weakness","floor":1.0},{"not_picked":["True Grit","Thunderclap"],"picked":"Battle Trance","floor":4.0},{"not_picked":["Cleave","Warcry"],"picked":"Armaments","floor":6.0},{"not_picked":["Blood for Blood","Headbutt"],"picked":"Shockwave","floor":7.0},{"not_picked":["Anger","Dark Embrace"],"picked":"Sword Boomerang","floor":10.0},{"not_picked":["Headbutt","Bloodletting","Cleave"],"picked":"SKIP","floor":11.0},{"not_picked":["Twin Strike","Wild Strike"],"picked":"Sword Boomerang","floor":13.0},{"not_picked":["Reaper","Impervious"],"picked":"Limit Break","floor":16.0},{"not_picked":["Thunderclap","Pommel Strike"],"picked":"True Grit+1","floor":18.0},{"not_picked":["Anger","Shrug It Off"],"picked":"Heavy Blade","floor":20.0},{"not_picked":["Body Slam","Hemokinesis+1"],"picked":"Heavy Blade","floor":21.0},{"not_picked":["Perfected Strike","Hemokinesis","Warcry"],"picked":"SKIP","floor":22.0}],"player_experience":201649,"relics_obtained":[{"floor":6.0,"key":"Matryoshka"},{"floor":7.0,"key":"Odd Mushroom"},{"floor":9.0,"key":"Art of War"},{"floor":9.0,"key":"Magic Flower"},{"floor":10.0,"key":"Blood Vial"}],"event_choices":[{"damage_healed":0.0,"max_hp_gain":0.0,"max_hp_loss":0.0,"gold_gain":0.0,"event_name":"Golden Idol","player_choice":"Take Damage","floor":2.0,"gold_loss":0.0,"damage_taken":20.0,"relics_obtained":["Golden Idol"]},{"damage_healed":0.0,"max_hp_gain":0.0,"max_hp_loss":0.0,"gold_gain":0.0,"event_name":"Match and Keep!","player_choice":"1 cards matched","floor":3.0,"gold_loss":0.0,"damage_taken":0.0,"cards_obtained":["Feed"]},{"cards_removed":["Strike_R"],"damage_healed":0.0,"max_hp_gain":0.0,"max_hp_loss":0.0,"gold_gain":0.0,"event_name":"The Cleric","player_choice":"Card Removal","floor":5.0,"gold_loss":50.0,"damage_taken":0.0},{"damage_healed":0.0,"max_hp_gain":0.0,"max_hp_loss":0.0,"gold_gain":0.0,"event_name":"Mushrooms","player_choice":"Fought Mushrooms","floor":7.0,"gold_loss":0.0,"damage_taken":0.0},{"damage_healed":0.0,"max_hp_gain":0.0,"max_hp_loss":0.0,"gold_gain":0.0,"event_name":"Addict","player_choice":"Obtained Relic","floor":19.0,"gold_loss":85.0,"damage_taken":0.0,"relics_obtained":["Smiling Mask"]}],"is_beta":false,"boss_relics":[{"not_picked":["Cursed Key","Velvet Choker"],"picked":"Black Star"}],"items_purged_floors":[14],"is_endless":false,"potions_floor_spawned":[6,10,11,20,21],"killed_by":"Gremlin Leader","ascension_level":11}}