{"host":"j5j96s76v36ug78u","time":1612824488,"event":{"mods":["BaseMod","Better Third Choice","Hermit","Highlight Path","Jorbs\u0027s Wanderer Trilogy","Marisa????????","Minty Spire (QoL Compilation)","Onozuka Komachi Mod","Potion Indicator Mod","Reliquary","Robot Space Explorer","StSLib","The Blue Laboratory","The Bug Knight","The Clintock","The Cursed","The Extravagant","The Hayseed","The Marked","The Spell Scribe","The Valiant","The Witch"],"gold_per_floor":[118,137,87,87,12,43,43,56,56,75,91,91,37,50,50,50,50],"floor_reached":16,"language":"ENG","playtime":1156,"items_purged":["Strike_Witch"],"score":102,"play_id":"07015633-9c77-4d6a-aec2-42c0d944689b","local_time":"20210208194808","is_ascension_mode":false,"campfire_choices":[{"floor":7,"key":"REST"},{"data":"WickedThoughts","floor":15,"key":"SMITH"}],"circlet_count":0,"master_deck":["Strike_Witch","Strike_Witch","Strike_Witch","Defend_Witch","Defend_Witch","Defend_Witch","Hexguard","ZombieSpit","MercuryWand","WickedThoughts","Regret","UnluckySeven","SummonRatFamiliar","IllOmen","CursedBlade","WickedThoughts+1","RiteOfWinter"],"relics":["BlackCat","Question Card","reliquary:Firecrackers","Archangels Feather","Omamori"],"acts_visited":["Exordium"],"potions_floor_usage":[14],"damage_taken":[{"damage":4,"enemies":"2 Louse","floor":1,"turns":3},{"damage":0,"enemies":"Small Slimes","floor":2,"turns":3},{"damage":50,"enemies":"Gremlin Nob","floor":6,"turns":7},{"damage":5,"enemies":"Jaw Worm","floor":8,"turns":4},{"damage":18,"enemies":"Gremlin Gang","floor":10,"turns":6},{"damage":9,"enemies":"Looter","floor":11,"turns":3},{"damage":9,"enemies":"Exordium Thugs","floor":14,"turns":3},{"damage":33,"enemies":"Hexaghost","floor":16,"turns":8}],"seed_played":"-3338295157720295608","potions_obtained":[{"floor":8,"key":"blueLaboratory:PyrophylliteBrew"},{"floor":10,"key":"Block Potion"},{"floor":11,"key":"blueLaboratory:BottledHope"}],"is_trial":false,"path_per_floor":["M","M","?","?","$","E","R","M","T","M","M","?","$","M","R","B"],"character_chosen":"WITCH","items_purchased":["WickedThoughts"],"campfire_rested":1,"item_purchase_floors":[13],"current_hp_per_floor":[69,69,69,69,69,19,40,35,35,25,26,26,26,27,27,0,0],"gold":50,"neow_bonus":"TEN_PERCENT_HP_BONUS","is_daily":false,"chose_seed":false,"campfire_upgraded":1,"win_rate":0.0,"timestamp":1612824488,"path_taken":["M","M","?","?","?","E","R","M","T","?","M","?","$","M","R","BOSS"],"items_purchased_type":["Card"],"build_version":"2020-12-22","purchased_purges":1,"victory":false,"max_hp_per_floor":[73,73,73,73,73,73,73,73,73,73,73,73,73,73,73,73,73],"card_choices":[{"not_picked":["WretchedNails","MagicFang"],"picked":"MercuryWand","floor":1},{"not_picked":["MementoMori","MercuryWand"],"picked":"WickedThoughts","floor":2},{"not_picked":["RoilingBarrier","Bewitch","WickedThoughts"],"picked":"UnluckySeven","floor":6},{"not_picked":["Bewitch","RiteOfWinter","SummonCatFamiliar"],"picked":"SummonRatFamiliar","floor":8},{"not_picked":["LivingBomb","RiteOfSummer","CursedBlade"],"picked":"IllOmen","floor":10},{"not_picked":["Shrooms","LivingBomb","BlackBolt"],"picked":"CursedBlade","floor":11},{"not_picked":["SkullFlask","WretchedNails","GnarledBody"],"picked":"RiteOfWinter","floor":14}],"player_experience":162192,"relics_obtained":[{"floor":6,"key":"reliquary:Firecrackers"},{"floor":9,"key":"Archangels Feather"}],"event_choices":[{"cards_removed":["Defend_Witch"],"damage_healed":0,"gold_gain":0,"player_choice":"Card Removal","damage_taken":0,"max_hp_gain":0,"max_hp_loss":0,"event_name":"The Cleric","floor":3,"gold_loss":50},{"damage_healed":0,"gold_gain":0,"player_choice":"Box","damage_taken":0,"relics_obtained":["Question Card"],"max_hp_gain":0,"max_hp_loss":0,"event_name":"Big Fish","floor":4,"gold_loss":0,"cards_obtained":["Regret"]},{"damage_healed":0,"gold_gain":0,"player_choice":"Gave Potion","damage_taken":0,"relics_obtained":["Omamori"],"max_hp_gain":0,"max_hp_loss":0,"event_name":"WeMeetAgain","floor":12,"gold_loss":0}],"is_beta":false,"boss_relics":[],"items_purged_floors":[5],"is_endless":false,"potions_floor_spawned":[8,10,11],"killed_by":"Hexaghost","ascension_level":0}}