{"host":"0k696jvpnlqjk4gh","time":1612785453,"event":{"mods":["AchievementEnabler","BaseMod","Colored Map","Colored Powertips","Minty Spire (QoL Compilation)","Quick Restart"],"gold_per_floor":[118,118,293,293,305,339,339,351,376,393,427,437,24,24,24,129,129,146,146,160,170,96,96,115,115,140,140,55,55,82,45,45,140,140,158,171,393,443,193,193,218,218,218,247,247,257,270,270,270,270,270],"floor_reached":50,"language":"ENG","playtime":2261,"items_purged":["Doubt","Writhe"],"score":714,"play_id":"8598c8fc-f833-45e2-b208-991b2ba1e29d","local_time":"20210208115733","is_ascension_mode":true,"campfire_choices":[{"data":"Sucker Punch","floor":7.0,"key":"SMITH"},{"floor":15.0,"key":"REST"},{"floor":23.0,"key":"REST"},{"floor":27.0,"key":"REST"},{"floor":32.0,"key":"REST"},{"floor":40.0,"key":"REST"},{"floor":42.0,"key":"REST"},{"data":"Blade Dance","floor":45,"key":"SMITH"},{"floor":49,"key":"REST"}],"circlet_count":0,"master_deck":["Strike_G","Strike_G","Strike_G+1","Strike_G+1","Strike_G","Defend_G","Defend_G","Defend_G","Defend_G","Defend_G","Survivor","Neutralize+1","Blur","Sucker Punch+1","Blade Dance","Dagger Spray","Blade Dance+1","Caltrops+1","A Thousand Cuts","Dash+1","Flying Knee+1","Accuracy","Backstab","PiercingWail+1","Infinite Blades","A Thousand Cuts","Cloak And Dagger","Footwork"],"relics":["Ring of the Snake","NeowsBlessing","Bronze Scales","PreservedInsect","Anchor","Shuriken","Membership Card","SlaversCollar","Pocketwatch","MealTicket","Singing Bowl","Red Mask","WristBlade","Shovel","Bag of Marbles","Whetstone","Boot","The Courier","Letter Opener"],"acts_visited":["Exordium","TheCity","TheBeyond"],"potions_floor_usage":[50],"damage_taken":[{"damage":0.0,"enemies":"2 Louse","floor":1.0,"turns":1.0},{"damage":0.0,"enemies":"Jaw Worm","floor":5.0,"turns":1.0},{"damage":0.0,"enemies":"Lagavulin","floor":6.0,"turns":1.0},{"damage":4.0,"enemies":"Small Slimes","floor":8.0,"turns":4.0},{"damage":15.0,"enemies":"Gremlin Gang","floor":10.0,"turns":4.0},{"damage":15.0,"enemies":"Gremlin Nob","floor":11.0,"turns":4.0},{"damage":1.0,"enemies":"Blue Slaver","floor":12.0,"turns":2.0},{"damage":21.0,"enemies":"Hexaghost","floor":16.0,"turns":8.0},{"damage":4.0,"enemies":"Shell Parasite","floor":18.0,"turns":5.0},{"damage":6.0,"enemies":"Chosen","floor":20.0,"turns":4.0},{"damage":13.0,"enemies":"Snecko","floor":21.0,"turns":5.0},{"damage":30.0,"enemies":"Cultist and Chosen","floor":24.0,"turns":5.0},{"damage":39.0,"enemies":"Masked Bandits","floor":30.0,"turns":3.0},{"damage":36.0,"enemies":"Automaton","floor":33.0,"turns":8.0},{"damage":38.0,"enemies":"3 Darklings","floor":35.0,"turns":5.0},{"damage":9.0,"enemies":"Orb Walker","floor":36.0,"turns":3.0},{"damage":3.0,"enemies":"Mind Bloom Boss Battle","floor":38.0,"turns":8.0},{"damage":4.0,"enemies":"Reptomancer","floor":41.0,"turns":3.0},{"damage":6.0,"enemies":"Nemesis","floor":44.0,"turns":3.0},{"damage":21,"enemies":"Maw","floor":46,"turns":7},{"damage":4,"enemies":"4 Shapes","floor":47,"turns":6},{"damage":104,"enemies":"Donu and Deca","floor":50,"turns":7}],"seed_played":"5981532244357621353","potions_obtained":[{"floor":5.0,"key":"Ancient Potion"},{"floor":10.0,"key":"GamblersBrew"},{"floor":11.0,"key":"SkillPotion"},{"floor":20.0,"key":"BlessingOfTheForge"},{"floor":30.0,"key":"EssenceOfSteel"},{"floor":33.0,"key":"Explosive Potion"},{"floor":35.0,"key":"Explosive Potion"},{"floor":41.0,"key":"Explosive Potion"},{"floor":46,"key":"GamblersBrew"},{"floor":47,"key":"Dexterity Potion"}],"is_trial":false,"path_per_floor":["M","?","?","?","M","E","R","M","T","M","E","M","$","?","R","B",null,"M","?","M","M","$","R","M","?","T","R","?","?","?","$","R","B",null,"M","M","?","?","$","R","E","R","T","E","R","M","M","T","R","B"],"character_chosen":"THE_SILENT","items_purchased":["Shuriken","Membership Card","Accuracy","Infinite Blades","FairyPotion","Bag of Marbles","Whetstone"],"campfire_rested":7,"item_purchase_floors":[13,13,22,31,39,39,39],"current_hp_per_floor":[70,70,70,70,70,70,70,66,66,51,36,35,35,35,56,35,61,57,57,51,38,38,59,29,29,29,50,50,70,31,46,67,31,60,24,17,17,16,31,53,49,71,71,67,67,48,44,44,68,0,0],"gold":270,"neow_bonus":"THREE_ENEMY_KILL","is_daily":false,"chose_seed":false,"campfire_upgraded":2,"win_rate":0.0,"timestamp":1612785453,"path_taken":["M","?","?","?","M","E","R","M","T","?","E","M","$","?","R","BOSS","M","?","M","M","$","R","M","?","T","R","?","?","?","?","R","BOSS","M","?","?","?","$","R","E","R","T","E","R","M","M","?","R","BOSS"],"items_purchased_type":["Relic","Relic","Card","Card","Potion","Relic","Relic"],"build_version":"2020-12-22","purchased_purges":2,"victory":false,"max_hp_per_floor":[70,70,70,70,70,70,70,70,70,70,70,70,70,70,70,70,70,70,70,70,70,70,70,70,70,70,70,70,70,70,70,70,70,70,72,74,74,76,76,76,76,76,76,78,78,80,80,80,80,80,80],"card_choices":[{"not_picked":["Bane","Acrobatics","Calculated Gamble"],"picked":"SKIP","floor":1.0},{"not_picked":["Quick Slash","Endless Agony"],"picked":"Blur","floor":5.0},{"not_picked":["Glass Knife","Accuracy"],"picked":"Sucker Punch","floor":6.0},{"not_picked":["Slice","Acrobatics"],"picked":"Blade Dance","floor":8.0},{"not_picked":["Noxious Fumes","Deadly Poison"],"picked":"Dagger Spray","floor":10.0},{"not_picked":["Crippling Poison","Dash"],"picked":"Blade Dance","floor":11.0},{"not_picked":["Escape Plan","Corpse Explosion"],"picked":"Caltrops","floor":12.0},{"not_picked":["Bullet Time","Malaise"],"picked":"A Thousand Cuts","floor":16.0},{"not_picked":["Eviscerate+1","Calculated Gamble","Endless Agony"],"picked":"SKIP","floor":18.0},{"not_picked":["Prepared","Noxious Fumes"],"picked":"Dash+1","floor":20.0},{"not_picked":["Setup","Acrobatics"],"picked":"Flying Knee+1","floor":21.0},{"not_picked":["Slice","Acrobatics"],"picked":"Backstab","floor":24.0},{"not_picked":["Choke+1","Dagger Throw"],"picked":"PiercingWail+1","floor":30.0},{"not_picked":["Die Die Die","Wraith Form v2"],"picked":"A Thousand Cuts","floor":33.0},{"not_picked":["Setup","Reflex","Poisoned Stab+1"],"picked":"Singing Bowl","floor":35.0},{"not_picked":["Finisher+1","Acrobatics+1","Choke+1"],"picked":"Singing Bowl","floor":36.0},{"not_picked":["Poisoned Stab+1","PiercingWail","Dagger Throw+1"],"picked":"Singing Bowl","floor":38.0},{"not_picked":["Underhanded Strike","Terror+1"],"picked":"Cloak And Dagger","floor":41.0},{"not_picked":["Tactician+1","Backflip","Bouncing Flask"],"picked":"Singing Bowl","floor":44.0},{"not_picked":["Acrobatics+1","Deadly Poison","All Out Attack+1"],"picked":"Singing Bowl","floor":46},{"not_picked":["Terror","Deadly Poison"],"picked":"Footwork","floor":47}],"player_experience":227083,"relics_obtained":[{"floor":6.0,"key":"Bronze Scales"},{"floor":9.0,"key":"PreservedInsect"},{"floor":11.0,"key":"Anchor"},{"floor":26.0,"key":"MealTicket"},{"floor":30.0,"key":"Red Mask"},{"floor":38.0,"key":"Shovel"},{"floor":41.0,"key":"Boot"},{"floor":44.0,"key":"The Courier"},{"floor":48,"key":"Letter Opener"}],"event_choices":[{"damage_healed":0.0,"max_hp_gain":0.0,"max_hp_loss":0.0,"gold_gain":0.0,"event_name":"The Cleric","player_choice":"Leave","floor":2.0,"gold_loss":0.0,"damage_taken":0.0},{"damage_healed":0.0,"max_hp_gain":0.0,"max_hp_loss":0.0,"gold_gain":175.0,"event_name":"Liars Game","player_choice":"AGREE","floor":3.0,"gold_loss":0.0,"damage_taken":0.0,"cards_obtained":["Doubt"]},{"damage_healed":0.0,"max_hp_gain":0.0,"max_hp_loss":0.0,"gold_gain":0.0,"event_name":"Upgrade Shrine","player_choice":"Upgraded","floor":4.0,"gold_loss":0.0,"damage_taken":0.0,"cards_upgraded":["Neutralize"]},{"damage_healed":0.0,"max_hp_gain":0.0,"max_hp_loss":0.0,"gold_gain":0.0,"event_name":"Living Wall","player_choice":"Grow","floor":14.0,"gold_loss":0.0,"damage_taken":0.0,"cards_upgraded":["Caltrops"]},{"damage_healed":0.0,"max_hp_gain":0.0,"max_hp_loss":0.0,"gold_gain":0.0,"event_name":"Ghosts","player_choice":"Ignored","floor":19.0,"gold_loss":0.0,"damage_taken":0.0},{"damage_healed":0.0,"max_hp_gain":0.0,"max_hp_loss":0.0,"gold_gain":0.0,"event_name":"The Mausoleum","player_choice":"Opened","floor":25.0,"gold_loss":0.0,"damage_taken":0.0,"relics_obtained":["Pocketwatch"],"cards_obtained":["Writhe"]},{"damage_healed":0.0,"max_hp_gain":0.0,"max_hp_loss":0.0,"gold_gain":0.0,"event_name":"Addict","player_choice":"Obtained Relic","floor":28.0,"gold_loss":85.0,"damage_taken":0.0,"relics_obtained":["Singing Bowl"]},{"damage_healed":23.0,"max_hp_gain":0.0,"max_hp_loss":0.0,"gold_gain":0.0,"event_name":"The Library","player_choice":"Heal","floor":29.0,"gold_loss":0.0,"damage_taken":0.0},{"damage_healed":0.0,"max_hp_gain":0.0,"max_hp_loss":0.0,"gold_gain":0.0,"event_name":"Masked Bandits","player_choice":"Fought Bandits","floor":30.0,"gold_loss":0.0,"damage_taken":0.0},{"damage_healed":0.0,"max_hp_gain":0.0,"max_hp_loss":0.0,"gold_gain":222.0,"event_name":"Tomb of Lord Red Mask","player_choice":"Wore Mask","floor":37.0,"gold_loss":0.0,"damage_taken":0.0},{"damage_healed":0.0,"max_hp_gain":0.0,"max_hp_loss":0.0,"gold_gain":0.0,"event_name":"MindBloom","player_choice":"Fight","floor":38.0,"gold_loss":0.0,"damage_taken":0.0}],"is_beta":false,"boss_relics":[{"not_picked":["Fusion Hammer","Coffee Dripper"],"picked":"SlaversCollar"},{"not_picked":["Tiny House","Black Star"],"picked":"WristBlade"}],"items_purged_floors":[22,39],"is_endless":false,"potions_floor_spawned":[5,10,11,12,20,30,33,35,41,46,47],"killed_by":"Donu and Deca","ascension_level":5}}