{"host":"8f5cu9y0fpol72qs","time":1612820817,"event":{"mods":["AlwaysNeverKeys","BaseMod","Colored Map","Colored Powertips","Curses Come First","Highlight Path","Key Reminder","Minty Spire (QoL Compilation)","StSLib"],"gold_per_floor":[110,120,130,143,154,154,43,72,72,72,104,123,123,138,138,216,216,235,235,247,247,266,292,292,148,148,148,23,56,68,96,96,175,175,185,210,210,210,221,246,246,259,259,259,289,305,324,336,336,336,336,336,40,72,72],"floor_reached":56,"language":"ENG","playtime":5049,"items_purged":["Strike_B","Strike_B","Strike_B+1","Defend_B+1"],"score":2230,"play_id":"c1170422-1520-43f5-9087-d5ee054f2538","local_time":"20210208134657","is_ascension_mode":true,"campfire_choices":[{"data":"Loop","floor":6.0,"key":"SMITH"},{"data":"White Noise","floor":10.0,"key":"SMITH"},{"data":"Zap","floor":13.0,"key":"SMITH"},{"data":"Go for the Eyes","floor":15.0,"key":"SMITH"},{"data":"Aggregate","floor":24.0,"key":"SMITH"},{"data":"Loop","floor":32.0,"key":"SMITH"},{"data":"Amplify","floor":41.0,"key":"SMITH"},{"data":"Capacitor","floor":44,"key":"SMITH"},{"floor":49,"key":"RECALL"},{"data":"Secret Technique","floor":52,"key":"SMITH"}],"circlet_count":0,"master_deck":["AscendersBane","Defend_B+1","Defend_B+1","Defend_B+1","Zap+1","Dualcast+1","Loop+1","Self Repair","Streamline","Glacier+1","Ball Lightning","White Noise+1","Go for the Eyes+1","Doom and Gloom","Core Surge","Conserve Battery","Echo Form","Coolheaded","RitualDagger","Coolheaded+1","Self Repair","Chill+1","Aggregate+1","Loop+1","Amplify+1","Blizzard+1","Secret Technique+1","Dramatic Entrance+1","Deep Breath","Coolheaded+1","Capacitor+1","Loop+1","Barrage+1","FTL+1","Beam Cell+1","Defragment","Hologram"],"relics":["Cracked Core","Lantern","Mercury Hourglass","Unceasing Top","Cursed Key","Shuriken","Ice Cream","Molten Egg 2","Nuclear Battery","Bird Faced Urn","Torii","Vajra","Smiling Mask","Medical Kit","War Paint"],"acts_visited":["Exordium","TheCity","TheBeyond","TheEnding"],"potions_floor_usage":[50,50],"damage_taken":[{"damage":2.0,"enemies":"Jaw Worm","floor":1.0,"turns":4.0},{"damage":8.0,"enemies":"2 Louse","floor":2.0,"turns":3.0},{"damage":1.0,"enemies":"Cultist","floor":3.0,"turns":3.0},{"damage":3.0,"enemies":"2 Fungi Beasts","floor":4.0,"turns":4.0},{"damage":7.0,"enemies":"Looter","floor":5.0,"turns":3.0},{"damage":8.0,"enemies":"Lagavulin","floor":8.0,"turns":5.0},{"damage":14.0,"enemies":"3 Sentries","floor":11.0,"turns":5.0},{"damage":1.0,"enemies":"Blue Slaver","floor":12.0,"turns":2.0},{"damage":2.0,"enemies":"Lots of Slimes","floor":14.0,"turns":3.0},{"damage":25.0,"enemies":"The Guardian","floor":16.0,"turns":10.0},{"damage":16.0,"enemies":"2 Thieves","floor":18.0,"turns":4.0},{"damage":0.0,"enemies":"Chosen","floor":20.0,"turns":6.0},{"damage":35.0,"enemies":"Shelled Parasite and Fungi","floor":22.0,"turns":7.0},{"damage":9.0,"enemies":"Gremlin Leader","floor":23.0,"turns":7.0},{"damage":24.0,"enemies":"Book of Stabbing","floor":29.0,"turns":4.0},{"damage":0.0,"enemies":"3 Cultists","floor":30.0,"turns":4.0},{"damage":3.0,"enemies":"Gremlin Leader","floor":31.0,"turns":6.0},{"damage":11.0,"enemies":"Collector","floor":33.0,"turns":13.0},{"damage":0.0,"enemies":"3 Darklings","floor":35.0,"turns":5.0},{"damage":10.0,"enemies":"Mind Bloom Boss Battle","floor":36.0,"turns":7.0},{"damage":0.0,"enemies":"3 Shapes","floor":39.0,"turns":2.0},{"damage":1.0,"enemies":"Nemesis","floor":40.0,"turns":5.0},{"damage":0.0,"enemies":"Writhing Mass","floor":42.0,"turns":6.0},{"damage":8,"enemies":"Giant Head","floor":45,"turns":7},{"damage":28,"enemies":"Spire Growth","floor":46,"turns":6},{"damage":0,"enemies":"Sphere and 2 Shapes","floor":47,"turns":1},{"damage":1,"enemies":"Maw","floor":48,"turns":6},{"damage":48,"enemies":"Time Eater","floor":50,"turns":12},{"damage":0,"enemies":"Shield and Spear","floor":54,"turns":5},{"damage":56,"enemies":"The Heart","floor":55,"turns":8}],"seed_played":"1097814853822216973","potions_obtained":[{"floor":2.0,"key":"Block Potion"},{"floor":3.0,"key":"GamblersBrew"},{"floor":8.0,"key":"Block Potion"},{"floor":11.0,"key":"PowerPotion"},{"floor":29.0,"key":"Energy Potion"},{"floor":30.0,"key":"Explosive Potion"},{"floor":31.0,"key":"EntropicBrew"},{"floor":36.0,"key":"Block Potion"},{"floor":45,"key":"Strength Potion"},{"floor":47,"key":"PowerPotion"},{"floor":54,"key":"SteroidPotion"}],"is_trial":false,"path_per_floor":["M","M","M","M","M","R","$","E","T","R","E","M","R","M","R","B",null,"M","?","M","?","M","E","R","$","T","?","$","E","M","E","R","B",null,"M","?","?","?","M","E","R","M","T","R","E","M","M","M","R","B",null,"R","$","E","B",null],"character_chosen":"DEFECT","items_purchased":["White Noise","Loop","Defragment","Medical Kit"],"campfire_rested":0,"item_purchase_floors":[7,25,53,53],"current_hp_per_floor":[62,54,60,64,64,64,64,63,63,63,56,55,55,53,53,35,62,53,47,47,47,40,45,45,45,45,45,45,35,42,53,53,56,67,71,71,61,61,71,71,71,71,71,71,71,68,71,71,71,71,71,71,71,71,51],"gold":72,"neow_bonus":"RANDOM_COMMON_RELIC","is_daily":false,"chose_seed":false,"campfire_upgraded":9,"win_rate":0.0,"timestamp":1612820817,"path_taken":["M","M","M","M","M","R","$","E","T","R","E","M","R","M","R","BOSS","M","?","M","?","?","E","R","$","T","?","$","E","M","E","R","BOSS","M","?","?","?","?","E","R","M","T","R","E","M","M","M","R","BOSS","R","$","E","BOSS"],"items_purchased_type":["Card","Card","Card","Relic"],"build_version":"2020-12-22","purchased_purges":4,"victory":true,"max_hp_per_floor":[71,71,71,71,71,71,71,71,71,71,71,71,71,71,71,71,71,71,71,71,71,71,71,71,71,71,71,71,71,71,71,71,71,71,71,71,71,71,71,71,71,71,71,71,71,71,71,71,71,71,71,71,71,71,71],"card_choices":[{"not_picked":["Gash","Go for the Eyes"],"picked":"Loop","floor":1.0},{"not_picked":["Cold Snap","Undo"],"picked":"Self Repair","floor":2.0},{"not_picked":["Reprogram","Double Energy"],"picked":"Streamline","floor":3.0},{"not_picked":["Leap","Redo"],"picked":"Glacier","floor":4.0},{"not_picked":["Stack","Auto Shields"],"picked":"Ball Lightning","floor":5.0},{"not_picked":["Sweeping Beam","Recycle"],"picked":"Go for the Eyes","floor":8.0},{"not_picked":["Beam Cell","Melter"],"picked":"Doom and Gloom","floor":11.0},{"not_picked":["Heatsinks","FTL"],"picked":"Core Surge","floor":12.0},{"not_picked":["Sweeping Beam","Beam Cell"],"picked":"Conserve Battery","floor":14.0},{"not_picked":["Amplify","Machine Learning"],"picked":"Echo Form","floor":16.0},{"not_picked":["Recycle","Rebound"],"picked":"Coolheaded","floor":18.0},{"not_picked":["White Noise","Redo"],"picked":"Coolheaded+1","floor":20.0},{"not_picked":["Compile Driver","Streamline"],"picked":"Chill+1","floor":22.0},{"not_picked":["Barrage","Recycle"],"picked":"Aggregate","floor":23.0},{"not_picked":["Lockon","Sweeping Beam","Auto Shields"],"picked":"SKIP","floor":29.0},{"not_picked":["Compile Driver","Coolheaded+1","Rebound"],"picked":"SKIP","floor":30.0},{"not_picked":["Machine Learning","Redo","Streamline+1"],"picked":"SKIP","floor":31.0},{"not_picked":["Fission","Core Surge+1"],"picked":"Amplify","floor":33.0},{"not_picked":["Conserve Battery","Heatsinks","Go for the Eyes+1"],"picked":"SKIP","floor":35.0},{"not_picked":["Genetic Algorithm","BootSequence"],"picked":"Blizzard+1","floor":36.0},{"not_picked":["Impatience","PanicButton"],"picked":"Secret Technique","floor":37.0},{"not_picked":["Transmutation","Secret Weapon"],"picked":"Dramatic Entrance+1","floor":37.0},{"not_picked":["Dramatic Entrance+1","Trip"],"picked":"Deep Breath","floor":37.0},{"not_picked":["FTL+1","Hello World","Doom and Gloom+1"],"picked":"SKIP","floor":39.0},{"not_picked":["Steam+1","Aggregate"],"picked":"Coolheaded+1","floor":40.0},{"not_picked":["Barrage+1","White Noise"],"picked":"Capacitor","floor":42.0},{"not_picked":["Beam Cell+1","FTL+1"],"picked":"Loop+1","floor":45},{"not_picked":["Gash+1","Sweeping Beam+1"],"picked":"Barrage+1","floor":46},{"not_picked":["Leap","Chill"],"picked":"FTL+1","floor":47},{"not_picked":["Reinforced Body","Cold Snap+1"],"picked":"Beam Cell+1","floor":48},{"not_picked":["Hello World","Sunder+1"],"picked":"Hologram","floor":54}],"player_experience":1043086,"relics_obtained":[{"floor":8.0,"key":"Mercury Hourglass"},{"floor":11.0,"key":"Unceasing Top"},{"floor":23.0,"key":"Shuriken"},{"floor":29.0,"key":"Ice Cream"},{"floor":31.0,"key":"Molten Egg 2"},{"floor":36.0,"key":"Bird Faced Urn"},{"floor":38.0,"key":"Torii"},{"floor":40.0,"key":"Vajra"},{"floor":45,"key":"Smiling Mask"},{"floor":54,"key":"War Paint"}],"event_choices":[{"damage_healed":0.0,"max_hp_gain":0.0,"max_hp_loss":0.0,"gold_gain":0.0,"event_name":"Nest","player_choice":"Joined the Cult","floor":19.0,"gold_loss":0.0,"damage_taken":6.0,"cards_obtained":["RitualDagger"]},{"damage_healed":0.0,"max_hp_gain":0.0,"max_hp_loss":0.0,"gold_gain":0.0,"cards_transformed":["Strike_B"],"event_name":"Transmorgrifier","player_choice":"Transformed","floor":21.0,"gold_loss":0.0,"damage_taken":0.0,"cards_obtained":["Self Repair"]},{"damage_healed":0.0,"max_hp_gain":0.0,"max_hp_loss":0.0,"gold_gain":0.0,"event_name":"Back to Basics","player_choice":"Simplicity","floor":27.0,"gold_loss":0.0,"damage_taken":0.0,"cards_upgraded":["Strike_B","Defend_B","Defend_B","Defend_B","Defend_B"]},{"damage_healed":0.0,"max_hp_gain":0.0,"max_hp_loss":0.0,"gold_gain":0.0,"event_name":"MindBloom","player_choice":"Fight","floor":36.0,"gold_loss":0.0,"damage_taken":0.0},{"damage_healed":0.0,"max_hp_gain":0.0,"max_hp_loss":0.0,"gold_gain":0.0,"event_name":"SensoryStone","player_choice":"Memory 3","floor":37.0,"gold_loss":0.0,"damage_taken":10.0},{"damage_healed":0.0,"max_hp_gain":0.0,"max_hp_loss":0.0,"gold_gain":0.0,"event_name":"Wheel of Change","player_choice":"Relic","floor":38.0,"gold_loss":0.0,"damage_taken":0.0}],"is_beta":false,"boss_relics":[{"not_picked":["Philosopher\u0027s Stone","Fusion Hammer"],"picked":"Cursed Key"},{"not_picked":["FrozenCore","Calling Bell"],"picked":"Nuclear Battery"}],"items_purged_floors":[7,25,28,53],"is_endless":false,"potions_floor_spawned":[2,3,8,11,29,30,31,36,45,46,47,54],"ascension_level":18}}