{"host":"8lgo2trwv2o0qyml","time":1612814874,"event":{"mods":["BaseMod","Colored Map","Colored Powertips","DeckTracker","Highlight Path","Hubris","Infinite Spire","Minty Spire (QoL Compilation)","Quick Restart","Random Character Button","Relic Sorter","Replay The Spire","StSLib","SuperFastMode","Synergy Search"],"gold_per_floor":[113,113,129,129,144,144,175,175,255,289,289,313,3,3,3,126,126,141,180,24,50,50,50],"floor_reached":22,"playtime":1009,"items_purged":["Injury"],"score":240,"play_id":"91caddd7-d00b-4294-a94e-6152e3c1ec5f","local_time":"20210208150754","is_ascension_mode":false,"campfire_choices":[{"data":"Replay:Hum","floor":6,"key":"SMITH"},{"data":"Pray","floor":8,"key":"SMITH"},{"floor":15,"key":"DIG"}],"circlet_count":0,"master_deck":["Strike_P","Strike_P","Strike_P","Strike_P+1","Defend_P","Defend_P","Defend_P","Defend_P","Eruption+1","Vigilance","FlurryOfBlows","BattleHymn+1","Replay:Hum+1","WaveOfTheHand","Pray+1","EmptyBody","Replay:ManipulateFuture","Evaluate","hubris:NaturalOne","MasterReality+1","CurseOfTheBell","BowlingBash+1","PathToVictory","Nirvana+1"],"relics":["PureWater","hubris:Icosahedron","NeowsBlessing","Whetstone","Frozen Egg 2","infinitespire:Broken Mirror","Golden Idol","Eternal Feather","Durian","Calling Bell","Replay:Baseball","Kunai","hubris:64BitClover","Incense Burner","hubris:ToyBattleship"],"acts_visited":["Exordium","TheCity"],"potions_floor_usage":[16],"damage_taken":[{"damage":0,"enemies":"Cultist","floor":1,"turns":1},{"damage":0,"enemies":"2 Louse","floor":3,"turns":1},{"damage":0,"enemies":"Jaw Worm","floor":5,"turns":1},{"damage":36,"enemies":"3 Sentries","floor":7,"turns":9},{"damage":13,"enemies":"Lagavulin","floor":10,"turns":7},{"damage":11,"enemies":"3 Louse","floor":12,"turns":4},{"damage":0,"enemies":"Slime Boss","floor":16,"turns":6},{"damage":14,"enemies":"Spheric Guardian","floor":18,"turns":3},{"damage":45,"enemies":"3 Byrds","floor":22,"turns":5}],"seed_played":"6204382294106545001","potions_obtained":[{"floor":3,"key":"Energy Potion"},{"floor":12,"key":"BlessingOfTheForge"}],"is_trial":false,"path_per_floor":["M","?","M","?","M","R","E","R","T","E","?","M","$","?","R_BF","B",null,"M","?","$","T","M"],"character_chosen":"WATCHER","items_purchased":["Eternal Feather","Evaluate","Nirvana+1"],"campfire_rested":0,"item_purchase_floors":[13,13,20],"current_hp_per_floor":[72,72,72,72,72,72,36,36,36,23,23,12,12,12,26,26,77,63,44,44,44,0,0],"gold":50,"neow_bonus":"THREE_ENEMY_KILL","is_daily":false,"chose_seed":false,"campfire_upgraded":2,"win_rate":0.0,"timestamp":1612814874,"path_taken":["M","?","M","?","?","R","E","R","T","E","?","M","$","?","R_BF","BOSS","M","?","?","?","M"],"items_purchased_type":["Relic","Card","Card"],"build_version":"2020-12-22","purchased_purges":1,"victory":false,"max_hp_per_floor":[72,72,72,72,72,72,72,72,72,72,72,72,72,72,77,77,77,77,77,77,77,77,77],"card_choices":[{"not_picked":["FlyingSleeves","SashWhip"],"picked":"FlurryOfBlows","floor":1},{"not_picked":["ClearTheMind","SashWhip"],"picked":"Replay:Hum","floor":3},{"not_picked":["Swivel","FlurryOfBlows"],"picked":"WaveOfTheHand","floor":5},{"not_picked":["FollowUp","EmptyMind"],"picked":"Pray","floor":7},{"not_picked":["CrushJoints","Evaluate"],"picked":"EmptyBody","floor":10},{"not_picked":["Swivel","Conclude"],"picked":"Replay:ManipulateFuture","floor":12},{"not_picked":["Ragnarok","LessonLearned"],"picked":"MasterReality+1","floor":16},{"not_picked":["EmptyBody","CrushJoints"],"picked":"BowlingBash+1","floor":18},{"not_picked":["Evaluate","EmptyMind+1"],"picked":"PathToVictory","floor":19}],"player_experience":125454,"relics_obtained":[{"floor":7,"key":"Whetstone"},{"floor":9,"key":"Frozen Egg 2"},{"floor":10,"key":"infinitespire:Broken Mirror"},{"floor":15,"key":"Durian"},{"floor":17,"key":"Replay:Baseball"},{"floor":17,"key":"Kunai"},{"floor":17,"key":"hubris:64BitClover"},{"floor":19,"key":"Incense Burner"},{"floor":21,"key":"hubris:ToyBattleship"}],"event_choices":[{"damage_healed":0,"gold_gain":0,"player_choice":"Upgraded","damage_taken":0,"max_hp_gain":0,"max_hp_loss":0,"event_name":"Upgrade Shrine","floor":4,"gold_loss":0,"cards_upgraded":["BattleHymn"]},{"damage_healed":0,"gold_gain":0,"player_choice":"Take Wound","damage_taken":0,"relics_obtained":["Golden Idol"],"max_hp_gain":0,"max_hp_loss":0,"event_name":"Golden Idol","floor":11,"gold_loss":0,"cards_obtained":["Injury"]}],"is_beta":false,"boss_relics":[{"not_picked":["Tiny House","Empty Cage"],"picked":"Calling Bell"}],"items_purged_floors":[20],"is_endless":false,"potions_floor_spawned":[3,12],"killed_by":"3 Byrds","ascension_level":0}}