{"host":"344lv32hnei0mdhu","time":1612819966,"event":{"mods":["Act Like it!","BaseMod","Better Match","Better Sensory Stone","Better Skull","Better Third Choice","Better Vampires","Colored Powertips","Highlight Path","Minty Spire (QoL Compilation)","Quick Restart","Random Character Button","Rare Cards Sparkle","StSLib"],"gold_per_floor":[118,193,142,142,165,204,284,284,365,383,397,428,447,148,148,148,148],"floor_reached":16,"language":"ENG","playtime":1301,"items_purged":[],"score":209,"play_id":"f3698444-a236-4201-b099-b324e57808a3","local_time":"20210208153246","is_ascension_mode":true,"campfire_choices":[{"floor":8.0,"key":"REST"},{"floor":15,"key":"REST"}],"circlet_count":0,"master_deck":["AscendersBane","Strike_B","Strike_B","Strike_B","Strike_B","Defend_B","Defend_B","Defend_B","Defend_B","Zap","Dualcast","Coolheaded","Cold Snap","Injury","Skim","Leap","Barrage","Sunder","Conserve Battery","Electrodynamics","Steam","BootSequence","Loop"],"relics":["Cracked Core","NeowsBlessing","Golden Idol","Letter Opener","Tiny Chest","Mercury Hourglass","Question Card","Vajra"],"acts_visited":["Exordium"],"potions_floor_usage":[16],"damage_taken":[{"damage":0.0,"enemies":"2 Louse","floor":1.0,"turns":1.0},{"damage":0.0,"enemies":"Small Slimes","floor":5.0,"turns":1.0},{"damage":0.0,"enemies":"Lagavulin","floor":6.0,"turns":1.0},{"damage":29.0,"enemies":"Lagavulin Event","floor":7.0,"turns":8.0},{"damage":1.0,"enemies":"Jaw Worm","floor":10.0,"turns":2.0},{"damage":4.0,"enemies":"Blue Slaver","floor":11.0,"turns":4.0},{"damage":29.0,"enemies":"Gremlin Nob","floor":12.0,"turns":4.0},{"damage":0.0,"enemies":"2 Fungi Beasts","floor":13.0,"turns":2.0},{"damage":25,"enemies":"Hexaghost","floor":16,"turns":9}],"seed_played":"-6209280016858931524","potions_obtained":[{"floor":7.0,"key":"SneckoOil"},{"floor":10.0,"key":"AttackPotion"}],"is_trial":false,"path_per_floor":["M","?","$","?","M","E","?","R","T","M","M","E","M","$","R","B"],"character_chosen":"DEFECT","items_purchased":["Cold Snap","Vajra","BootSequence","Loop"],"campfire_rested":2,"item_purchase_floors":[3,14,14,14],"current_hp_per_floor":[68,57,57,57,57,57,28,50,50,49,45,16,16,16,38,13,13],"gold":148,"neow_bonus":"THREE_ENEMY_KILL","is_daily":false,"chose_seed":false,"campfire_upgraded":0,"win_rate":0.0,"timestamp":1612819966,"path_taken":["M","?","$","?","M","E","?","R","T","M","M","E","M","?","R","BOSS"],"items_purchased_type":["Card","Relic","Card","Card"],"build_version":"2020-12-22","purchased_purges":0,"victory":false,"max_hp_per_floor":[75,75,75,75,75,75,75,75,75,75,75,75,75,75,75,75,75],"card_choices":[{"not_picked":["Sweeping Beam","Chaos"],"picked":"Coolheaded","floor":1.0},{"not_picked":["Hologram","Redo"],"picked":"Skim","floor":5.0},{"not_picked":["Fusion","Hologram"],"picked":"Leap","floor":6.0},{"not_picked":["Glacier","Rip and Tear"],"picked":"Barrage","floor":7.0},{"not_picked":["Undo","Auto Shields"],"picked":"Sunder","floor":10.0},{"not_picked":["Lockon","Aggregate"],"picked":"Conserve Battery","floor":11.0},{"not_picked":["Cold Snap","Thunder Strike"],"picked":"Electrodynamics","floor":12.0},{"not_picked":["Genetic Algorithm","Redo","Barrage"],"picked":"Steam","floor":13.0}],"player_experience":419831,"relics_obtained":[{"floor":6.0,"key":"Letter Opener"},{"floor":9.0,"key":"Mercury Hourglass"},{"floor":12.0,"key":"Question Card"}],"event_choices":[{"damage_healed":0.0,"max_hp_gain":0.0,"max_hp_loss":0.0,"gold_gain":75.0,"event_name":"betterThird:BetterGoop","player_choice":"Gold","floor":2.0,"gold_loss":0.0,"damage_taken":11.0},{"damage_healed":0.0,"max_hp_gain":0.0,"max_hp_loss":0.0,"gold_gain":0.0,"event_name":"Golden Idol","player_choice":"Take Wound","floor":4.0,"gold_loss":0.0,"damage_taken":0.0,"relics_obtained":["Golden Idol"],"cards_obtained":["Injury"]},{"damage_healed":0.0,"max_hp_gain":0.0,"max_hp_loss":0.0,"gold_gain":0.0,"event_name":"Dead Adventurer","player_choice":"Searched \u00272\u0027 times","floor":7.0,"gold_loss":0.0,"damage_taken":0.0,"relics_obtained":["Tiny Chest"]}],"is_beta":false,"boss_relics":[],"items_purged_floors":[],"is_endless":false,"potions_floor_spawned":[7,10],"killed_by":"Hexaghost","ascension_level":11}}