{"host":"19tvufa8xx4wr4o1","time":1612747645,"event":{"mods":["AchievementEnabler","BaseMod","Better Sensory Stone","Better Third Choice","Highlight Path","Minty Spire (QoL Compilation)","Relic Stats","StSLib"],"gold_per_floor":[117,117,131,131,145,145,173,208,208,228,239,239,274,286,286,286,286],"floor_reached":16,"language":"ENG","playtime":664,"items_purged":[],"score":214,"play_id":"da5e97f0-7bec-41e3-911f-d773ad8618a9","local_time":"20210207192725","daily_mods":["Flight","DeadlyEvents","Lethality","Night Terrors"],"is_ascension_mode":true,"campfire_choices":[{"data":"Bash","floor":6.0,"key":"SMITH"},{"floor":12.0,"key":"REST"},{"data":"Double Tap","floor":15,"key":"SMITH"}],"circlet_count":0,"master_deck":["AscendersBane","Strike_R","Strike_R","Strike_R","Strike_R","Strike_R","Defend_R","Defend_R","Defend_R","Defend_R","Bash+1","Dark Embrace","Double Tap+1","Shockwave","Entrench","Dual Wield"],"relics":["Snecko Eye","Torii","Ornamental Fan","Mummified Hand","Oddly Smooth Stone"],"acts_visited":["Exordium"],"potions_floor_usage":[16],"damage_taken":[{"damage":0.0,"enemies":"Jaw Worm","floor":1.0,"turns":2.0},{"damage":4.0,"enemies":"Cultist","floor":3.0,"turns":3.0},{"damage":1.0,"enemies":"2 Louse","floor":5.0,"turns":2.0},{"damage":21.0,"enemies":"Lagavulin","floor":7.0,"turns":6.0},{"damage":26.0,"enemies":"3 Sentries","floor":8.0,"turns":8.0},{"damage":0.0,"enemies":"Large Slime","floor":10.0,"turns":3.0},{"damage":2.0,"enemies":"Blue Slaver","floor":11.0,"turns":4.0},{"damage":8.0,"enemies":"Gremlin Nob","floor":13.0,"turns":3.0},{"damage":13,"enemies":"Exordium Wildlife","floor":14,"turns":7},{"damage":55,"enemies":"Slime Boss","floor":16,"turns":8}],"seed_played":"-1559255516714923757","potions_obtained":[{"floor":1.0,"key":"DistilledChaos"},{"floor":3.0,"key":"ElixirPotion"},{"floor":10.0,"key":"FearPotion"},{"floor":13,"key":"LiquidBronze"}],"is_trial":true,"path_per_floor":["M","?","M","$","M","R","E","E","T","M","M","R","E","M","R","B"],"character_chosen":"IRONCLAD","items_purchased":[],"campfire_rested":1,"item_purchase_floors":[],"current_hp_per_floor":[68,75,71,71,70,70,49,23,23,23,21,70,62,49,49,0,0],"gold":286,"neow_bonus":"","is_daily":false,"chose_seed":false,"campfire_upgraded":2,"win_rate":0.0,"timestamp":1612747645,"path_taken":["M","?","M","$","M","R","E","?","T","M","M","R","E","M","R","BOSS"],"items_purchased_type":[],"build_version":"2020-12-22","purchased_purges":0,"victory":false,"max_hp_per_floor":[75,75,75,75,75,75,75,75,75,75,75,70,70,70,70,70,70],"relic_stats":{"Torii":26,"counters":[10,46],"Ornamental Fan":[20],"Mummified Hand":[5],"Snecko Eye":[79,68,87,82],"obtain_stats":[{"Torii":7,"Ornamental Fan":8,"Mummified Hand":9,"Snecko Eye":0,"Oddly Smooth Stone":13},{"Torii":4,"Ornamental Fan":5,"Mummified Hand":5,"Snecko Eye":0,"Oddly Smooth Stone":8},{"Torii":13,"Ornamental Fan":21,"Mummified Hand":21,"Snecko Eye":0,"Oddly Smooth Stone":31}]},"card_choices":[{"not_picked":["Rage","Pommel Strike"],"picked":"Sever Soul","floor":1.0},{"not_picked":["Headbutt","Combust","Clash"],"picked":"SKIP","floor":3.0},{"not_picked":["Sword Boomerang","Shrug It Off"],"picked":"Dark Embrace","floor":5.0},{"not_picked":["Reckless Charge","Armaments"],"picked":"Double Tap","floor":7.0},{"not_picked":["Twin Strike","Iron Wave"],"picked":"Shockwave","floor":8.0},{"not_picked":["True Grit","Perfected Strike"],"picked":"Entrench","floor":10.0},{"not_picked":["Reckless Charge","True Grit","Warcry"],"picked":"SKIP","floor":11.0},{"not_picked":["Sword Boomerang","Seeing Red","Dropkick"],"picked":"SKIP","floor":13},{"not_picked":["Cleave","Second Wind"],"picked":"Dual Wield","floor":14}],"player_experience":629234,"relics_obtained":[{"floor":7.0,"key":"Torii"},{"floor":8.0,"key":"Ornamental Fan"},{"floor":9.0,"key":"Mummified Hand"},{"floor":13,"key":"Oddly Smooth Stone"}],"event_choices":[{"cards_removed":["Sever Soul"],"damage_healed":7.0,"max_hp_gain":0.0,"max_hp_loss":0.0,"gold_gain":0.0,"event_name":"Bonfire Elementals","player_choice":"Offered Uncommon","floor":2.0,"gold_loss":0.0,"damage_taken":0.0}],"is_beta":false,"boss_relics":[],"items_purged_floors":[],"is_endless":false,"potions_floor_spawned":[1,3,10,13],"killed_by":"Slime Boss","ascension_level":15}}