{"host":"ydg0vn0pu4pubmdt","time":1612789429,"event":{"mods":["AchievementEnabler","BaseMod","Colored Map","Gold Saver","Minty Spire (QoL Compilation)","Quick Restart","SuperFastMode"],"gold_per_floor":[933,953,953,965,965,965,1015,1030,1330,1330,1357,1375,1375,1375,1375,1449,1449,1468,1486,1401,1157,1157,1157,1157,1157],"floor_reached":24,"language":"KOR","playtime":755,"items_purged":["Defend_P"],"score":388,"play_id":"f60bb576-6db2-4a6a-8edb-856f1f596748","local_time":"20210208220349","is_ascension_mode":true,"campfire_choices":[{"data":"MentalFortress","floor":6.0,"key":"SMITH"},{"data":"FlurryOfBlows","floor":10.0,"key":"SMITH"},{"data":"Adaptation","floor":13.0,"key":"SMITH"},{"floor":15.0,"key":"REST"},{"floor":23.0,"key":"REST"}],"circlet_count":0,"master_deck":["AscendersBane","Strike_P","Strike_P","Strike_P","Defend_P","Defend_P+1","Defend_P","Eruption+1","Vigilance+1","FlurryOfBlows+1","InnerPeace","MentalFortress+1","EmptyMind","Adaptation+1","LessonLearned","EmptyBody"],"relics":["PureWater","Old Coin","WingedGreaves","Frozen Egg 2","Runic Pyramid","Ornamental Fan","Centennial Puzzle"],"acts_visited":["Exordium","TheCity"],"potions_floor_usage":[],"damage_taken":[{"damage":6.0,"enemies":"2 Louse","floor":1.0,"turns":2.0},{"damage":3.0,"enemies":"Small Slimes","floor":2.0,"turns":4.0},{"damage":0.0,"enemies":"Cultist","floor":4.0,"turns":2.0},{"damage":3.0,"enemies":"3 Louse","floor":8.0,"turns":3.0},{"damage":12.0,"enemies":"3 Sentries","floor":11.0,"turns":7.0},{"damage":0.0,"enemies":"Looter","floor":12.0,"turns":3.0},{"damage":36.0,"enemies":"Hexaghost","floor":16.0,"turns":12.0},{"damage":16.0,"enemies":"Chosen","floor":18.0,"turns":7.0},{"damage":7.0,"enemies":"Spheric Guardian","floor":19.0,"turns":4.0},{"damage":57,"enemies":"Slavers","floor":24,"turns":6}],"seed_played":"-141152869368168714","potions_obtained":[{"floor":4.0,"key":"DistilledChaos"},{"floor":8.0,"key":"Weak Potion"},{"floor":11.0,"key":"AttackPotion"}],"is_trial":false,"path_per_floor":["M","M","?","M","?","R","?","M","T","R","E","M","R","?","R","B",null,"M","M","?","$","?","R","E"],"character_chosen":"WATCHER","items_purchased":["Centennial Puzzle"],"campfire_rested":2,"item_purchase_floors":[21],"current_hp_per_floor":[55,52,45,45,45,45,39,36,36,36,24,24,24,19,39,3,52,36,29,29,29,29,49,0,0],"gold":1157,"neow_bonus":"THREE_CARDS","is_daily":false,"chose_seed":false,"campfire_upgraded":3,"win_rate":0.0,"timestamp":1612789429,"path_taken":["M","M","?","M","?","R","?","M","T","R","E","?","R","?","R","BOSS","M","M","?","$","?","R","E"],"items_purchased_type":["Relic"],"build_version":"2020-12-22","purchased_purges":1,"victory":false,"max_hp_per_floor":[68,68,68,68,68,68,68,68,68,68,68,68,68,68,68,68,68,68,68,68,68,68,68,68,68],"card_choices":[{"not_picked":["ThirdEye","Halt"],"picked":"FlurryOfBlows","floor":0.0},{"not_picked":["Prostrate","Vengeance","Protect"],"picked":"SKIP","floor":1.0},{"not_picked":["Consecrate","SashWhip"],"picked":"InnerPeace","floor":2.0},{"not_picked":["SashWhip","BowlingBash"],"picked":"MentalFortress","floor":4.0},{"not_picked":["WaveOfTheHand","Crescendo"],"picked":"EmptyMind","floor":8.0},{"not_picked":["Study","EmptyFist"],"picked":"Adaptation","floor":11.0},{"not_picked":["Fasting2","Protect","JustLucky"],"picked":"SKIP","floor":12.0},{"not_picked":["SpiritShield","Blasphemy"],"picked":"LessonLearned","floor":16.0},{"not_picked":["CrushJoints","Prostrate"],"picked":"EmptyBody","floor":18.0},{"not_picked":["InnerPeace","PathToVictory","Prostrate"],"picked":"SKIP","floor":19.0}],"player_experience":671827,"relics_obtained":[{"floor":9.0,"key":"Old Coin"},{"floor":11.0,"key":"WingedGreaves"}],"event_choices":[{"cards_removed":["Strike_P"],"damage_healed":0.0,"max_hp_gain":0.0,"max_hp_loss":0.0,"gold_gain":0.0,"event_name":"Golden Wing","player_choice":"Card Removal","floor":3.0,"gold_loss":0.0,"damage_taken":7.0},{"damage_healed":0.0,"max_hp_gain":0.0,"max_hp_loss":0.0,"gold_gain":0.0,"event_name":"Living Wall","player_choice":"Grow","floor":5.0,"gold_loss":0.0,"damage_taken":0.0,"cards_upgraded":["Eruption"]},{"damage_healed":0.0,"max_hp_gain":0.0,"max_hp_loss":0.0,"gold_gain":50.0,"event_name":"FaceTrader","player_choice":"Touch","floor":7.0,"gold_loss":0.0,"damage_taken":6.0},{"damage_healed":0.0,"max_hp_gain":0.0,"max_hp_loss":0.0,"gold_gain":0.0,"event_name":"Scrap Ooze","player_choice":"Success","floor":14.0,"gold_loss":0.0,"damage_taken":5.0,"relics_obtained":["Frozen Egg 2"]},{"damage_healed":0.0,"max_hp_gain":0.0,"max_hp_loss":0.0,"gold_gain":0.0,"event_name":"Addict","player_choice":"Obtained Relic","floor":20.0,"gold_loss":85.0,"damage_taken":0.0,"relics_obtained":["Ornamental Fan"]},{"damage_healed":0.0,"max_hp_gain":0.0,"max_hp_loss":0.0,"gold_gain":0.0,"event_name":"The Mausoleum","player_choice":"Ignored","floor":22.0,"gold_loss":0.0,"damage_taken":0.0}],"is_beta":false,"boss_relics":[{"not_picked":["Calling Bell","Snecko Eye"],"picked":"Runic Pyramid"}],"items_purged_floors":[21],"is_endless":false,"potions_floor_spawned":[4,8,11],"killed_by":"Slavers","ascension_level":20}}