{"host":"h4lp0eeso8a0ssq0","time":1612827855,"event":{"mods":["2.2 Compatiblity","AchievementEnabler","BaseMod","CapriCore","Colored Map","Minty Spire (QoL Compilation)","StSLib","SuperFastMode"],"gold_per_floor":[114,114,134,7,26,53,53,82,82,82,82,94,129,146,146,217,217,230,230,80,80,98,98,127,127,153,43,72,88,88,106,106,183,183,193,38,0,25,25,43,73,83,83,83,83,83,101,128,128,128],"floor_reached":51,"language":"KOR","playtime":1735,"items_purged":["Strike_G"],"score":1410,"play_id":"77804097-58c4-4073-b35e-55f2d1ae7410","local_time":"20210209084415","is_ascension_mode":true,"campfire_choices":[{"floor":7.0,"key":"REST"},{"data":"Catalyst","floor":11.0,"key":"SMITH"},{"floor":15.0,"key":"REST"},{"floor":23.0,"key":"REST"},{"floor":25.0,"key":"REST"},{"floor":32.0,"key":"REST"},{"floor":44,"key":"REST"},{"floor":49,"key":"REST"}],"circlet_count":0,"master_deck":["AscendersBane","Defend_G","Defend_G","Defend_G+1","Defend_G","Defend_G","Survivor","Neutralize","Backflip","Bouncing Flask+1","Acrobatics","Noxious Fumes","PiercingWail","Backflip","Escape Plan+1","Catalyst+1","Leg Sweep","Malaise","Calculated Gamble+1","Footwork","Poisoned Stab","Crippling Poison","Backflip","Burst","Well Laid Plans","Deadly Poison","Backflip","Concentrate"],"relics":["Ring of the Snake","Orichalcum","Shuriken","InkBottle","War Paint","Fusion Hammer","CaptainsWheel","Nunchaku","Darkstone Periapt","Sozu","Snake Skull","Red Mask","Pocketwatch","Kunai","Pantograph","Ancient Tea Set"],"acts_visited":["Exordium","TheCity","TheBeyond"],"potions_floor_usage":[],"damage_taken":[{"damage":4.0,"enemies":"Jaw Worm","floor":1.0,"turns":5.0},{"damage":1.0,"enemies":"Cultist","floor":3.0,"turns":3.0},{"damage":1.0,"enemies":"2 Louse","floor":5.0,"turns":4.0},{"damage":20.0,"enemies":"Gremlin Nob","floor":6.0,"turns":4.0},{"damage":2.0,"enemies":"Lagavulin","floor":8.0,"turns":5.0},{"damage":18.0,"enemies":"Large Slime","floor":12.0,"turns":7.0},{"damage":14.0,"enemies":"3 Sentries","floor":13.0,"turns":7.0},{"damage":3.0,"enemies":"3 Louse","floor":14.0,"turns":5.0},{"damage":22.0,"enemies":"The Guardian","floor":16.0,"turns":8.0},{"damage":7.0,"enemies":"3 Byrds","floor":18.0,"turns":5.0},{"damage":0.0,"enemies":"Shell Parasite","floor":22.0,"turns":4.0},{"damage":19.0,"enemies":"Slavers","floor":24.0,"turns":6.0},{"damage":22.0,"enemies":"Gremlin Leader","floor":28.0,"turns":7.0},{"damage":9.0,"enemies":"Cultist and Chosen","floor":29.0,"turns":6.0},{"damage":0.0,"enemies":"3 Cultists","floor":30.0,"turns":4.0},{"damage":4.0,"enemies":"Shelled Parasite and Fungi","floor":31.0,"turns":5.0},{"damage":15.0,"enemies":"Champ","floor":33.0,"turns":7.0},{"damage":0.0,"enemies":"Orb Walker","floor":35.0,"turns":5.0},{"damage":0.0,"enemies":"Mind Bloom Boss Battle","floor":38.0,"turns":4.0},{"damage":0.0,"enemies":"3 Shapes","floor":40.0,"turns":4.0},{"damage":9.0,"enemies":"Nemesis","floor":41.0,"turns":5.0},{"damage":0,"enemies":"Transient","floor":42,"turns":5},{"damage":8,"enemies":"Spire Growth","floor":47,"turns":4},{"damage":0,"enemies":"Giant Head","floor":48,"turns":4},{"damage":36,"enemies":"Time Eater","floor":50,"turns":6}],"seed_played":"-6972338618328545637","potions_obtained":[{"floor":5.0,"key":"AttackPotion"},{"floor":6.0,"key":"GamblersBrew"},{"floor":8.0,"key":"GamblersBrew"},{"floor":13.0,"key":"SmokeBomb"},{"floor":18.0,"key":"SkillPotion"},{"floor":29.0,"key":"Block Potion"},{"floor":33.0,"key":"Explosive Potion"}],"is_trial":false,"path_per_floor":["M","?","M","$","M","E","R","E","T","?","R","M","E","M","R","B",null,"M","?","$","?","M","R","E","R","T","?","E","M","M","M","R","B",null,"M","$","?","?","?","M","E","M","T","R","?","?","M","E","R","B",null],"character_chosen":"THE_SILENT","items_purchased":["Noxious Fumes","PiercingWail","Footwork","Snake Skull"],"campfire_rested":7,"item_purchase_floors":[4,4,20,36],"current_hp_per_floor":[55,55,54,54,53,33,52,50,50,43,43,25,11,8,27,5,51,44,44,44,44,44,63,44,63,63,63,41,32,32,28,47,32,58,58,58,58,58,58,58,49,49,49,66,63,63,55,55,63,27],"gold":128,"neow_bonus":"THREE_CARDS","is_daily":false,"chose_seed":false,"campfire_upgraded":1,"win_rate":0.0,"timestamp":1612827855,"path_taken":["M","?","M","?","M","E","R","E","T","?","R","M","E","M","R","BOSS","M","?","$","?","M","R","E","R","T","?","E","M","M","?","R","BOSS","M","$","?","?","?","M","E","M","T","R","?","?","?","E","R","BOSS"],"items_purchased_type":["Card","Card","Card","Relic"],"build_version":"2020-12-22","purchased_purges":1,"victory":true,"max_hp_per_floor":[66,66,66,66,66,66,66,66,66,66,66,66,66,66,66,66,66,66,66,66,66,66,66,66,66,66,66,66,66,66,66,66,66,66,66,66,66,66,66,66,66,66,66,66,63,63,63,63,63,63],"card_choices":[{"not_picked":["Eviscerate","Outmaneuver"],"picked":"Backflip","floor":0.0},{"not_picked":["Dagger Throw","Slice"],"picked":"Bouncing Flask","floor":1.0},{"not_picked":["Outmaneuver","Predator"],"picked":"Acrobatics","floor":3.0},{"not_picked":["Slice","Malaise"],"picked":"Backflip","floor":5.0},{"not_picked":["Tactician","Poisoned Stab"],"picked":"Escape Plan","floor":6.0},{"not_picked":["Backflip","Reflex"],"picked":"Catalyst","floor":8.0},{"not_picked":["Accuracy","Dodge and Roll","Blade Dance"],"picked":"SKIP","floor":12.0},{"not_picked":["Night Terror","Slice","Backflip"],"picked":"SKIP","floor":13.0},{"not_picked":["All Out Attack","Caltrops"],"picked":"Leg Sweep","floor":14.0},{"not_picked":["Tools of the Trade","Storm of Steel"],"picked":"Malaise","floor":16.0},{"not_picked":["Quick Slash","Outmaneuver"],"picked":"Calculated Gamble","floor":18.0},{"not_picked":["Deflect","Finisher"],"picked":"Poisoned Stab","floor":22.0},{"not_picked":["Malaise","Noxious Fumes"],"picked":"Crippling Poison","floor":24.0},{"not_picked":["Grand Finale","Dagger Throw"],"picked":"Backflip","floor":28.0},{"not_picked":["Dodge and Roll+1","Terror","Backflip"],"picked":"SKIP","floor":29.0},{"not_picked":["Cloak And Dagger","Deflect","Dagger Spray"],"picked":"SKIP","floor":31.0},{"not_picked":["Glass Knife","Unload"],"picked":"Burst","floor":33.0},{"not_picked":["Backflip","Infinite Blades"],"picked":"Well Laid Plans","floor":35.0},{"not_picked":["Dagger Spray","Deflect"],"picked":"Deadly Poison","floor":38.0},{"not_picked":["Caltrops","Underhanded Strike","Deflect"],"picked":"SKIP","floor":40.0},{"not_picked":["Footwork+1","Crippling Poison"],"picked":"Backflip","floor":41.0},{"not_picked":["Cloak And Dagger","Poisoned Stab","Tactician"],"picked":"SKIP","floor":42},{"not_picked":["Infinite Blades","Acrobatics","Dagger Throw"],"picked":"SKIP","floor":47},{"not_picked":["Venomology","Prepared","Heel Hook"],"picked":"SKIP","floor":48}],"player_experience":191227,"relics_obtained":[{"floor":6.0,"key":"Orichalcum"},{"floor":8.0,"key":"Shuriken"},{"floor":9.0,"key":"InkBottle"},{"floor":13.0,"key":"War Paint"},{"floor":24.0,"key":"CaptainsWheel"},{"floor":26.0,"key":"Nunchaku"},{"floor":28.0,"key":"Darkstone Periapt"},{"floor":38.0,"key":"Pocketwatch"},{"floor":41.0,"key":"Kunai"},{"floor":43,"key":"Pantograph"},{"floor":48,"key":"Ancient Tea Set"}],"event_choices":[{"damage_healed":0.0,"max_hp_gain":0.0,"max_hp_loss":0.0,"gold_gain":0.0,"event_name":"Accursed Blacksmith","player_choice":"Forge","floor":2.0,"gold_loss":0.0,"damage_taken":0.0,"cards_upgraded":["Bouncing Flask"]},{"cards_removed":["Strike_G"],"damage_healed":0.0,"max_hp_gain":0.0,"max_hp_loss":0.0,"gold_gain":0.0,"event_name":"Golden Wing","player_choice":"Card Removal","floor":10.0,"gold_loss":0.0,"damage_taken":7.0},{"cards_removed":["Strike_G"],"damage_healed":0.0,"max_hp_gain":0.0,"max_hp_loss":0.0,"gold_gain":0.0,"event_name":"Back to Basics","player_choice":"Elegance","floor":19.0,"gold_loss":0.0,"damage_taken":0.0},{"cards_removed":["Strike_G"],"damage_healed":0.0,"max_hp_gain":0.0,"max_hp_loss":0.0,"gold_gain":0.0,"event_name":"Designer","player_choice":"Upgrade and Remove","floor":27.0,"gold_loss":110.0,"damage_taken":0.0,"cards_upgraded":["Calculated Gamble"]},{"damage_healed":0.0,"max_hp_gain":0.0,"max_hp_loss":0.0,"gold_gain":0.0,"event_name":"Tomb of Lord Red Mask","player_choice":"Paid","floor":37.0,"gold_loss":38.0,"damage_taken":0.0,"relics_obtained":["Red Mask"]},{"damage_healed":0.0,"max_hp_gain":0.0,"max_hp_loss":0.0,"gold_gain":0.0,"event_name":"MindBloom","player_choice":"Fight","floor":38.0,"gold_loss":0.0,"damage_taken":0.0},{"damage_healed":0.0,"max_hp_gain":0.0,"max_hp_loss":0.0,"gold_gain":0.0,"event_name":"SensoryStone","player_choice":"Memory 1","floor":39.0,"gold_loss":0.0,"damage_taken":0.0},{"damage_healed":0,"gold_gain":0,"player_choice":"Max HP","damage_taken":0,"max_hp_gain":0,"max_hp_loss":3,"event_name":"Winding Halls","floor":45,"gold_loss":0},{"damage_healed":0,"gold_gain":0,"cards_transformed":["Strike_G"],"player_choice":"Transformed","damage_taken":0,"max_hp_gain":0,"max_hp_loss":0,"event_name":"Transmorgrifier","floor":46,"gold_loss":0,"cards_obtained":["Concentrate"]}],"is_beta":false,"boss_relics":[{"not_picked":["Pandora\u0027s Box","Empty Cage"],"picked":"Fusion Hammer"},{"not_picked":["HoveringKite","Snecko Eye"],"picked":"Sozu"}],"items_purged_floors":[20],"is_endless":false,"potions_floor_spawned":[5,6,8,13,18,29,30,33,40,41,47],"ascension_level":15}}