{"host":"8f5cu9y0fpol72qs","time":1612821375,"event":{"mods":["AlwaysNeverKeys","BaseMod","Colored Map","Colored Powertips","Curses Come First","Highlight Path","Key Reminder","Minty Spire (QoL Compilation)","StSLib"],"gold_per_floor":[113,123,143,143,162,197,197,214,238,238,238],"floor_reached":10,"language":"ENG","playtime":454,"items_purged":[],"score":130,"play_id":"cd26dd10-0fbe-4114-900f-a6ebb8f03726","local_time":"20210208135615","is_ascension_mode":true,"campfire_choices":[{"floor":7,"key":"REST"}],"circlet_count":0,"master_deck":["AscendersBane","Strike_G","Strike_G","Strike_G","Strike_G","Strike_G","Defend_G","Defend_G","Defend_G","Defend_G","Defend_G","Survivor","Neutralize","Noxious Fumes","Dash","Blade Dance","Backflip","Glass Knife"],"relics":["Black Star","Omamori","Lantern","Boot"],"acts_visited":["Exordium"],"potions_floor_usage":[5,6,8],"damage_taken":[{"damage":0.0,"enemies":"2 Louse","floor":1.0,"turns":4.0},{"damage":11,"enemies":"Cultist","floor":2,"turns":6},{"damage":7,"enemies":"Jaw Worm","floor":3,"turns":4},{"damage":10,"enemies":"Large Slime","floor":5,"turns":4},{"damage":32,"enemies":"Lagavulin","floor":6,"turns":9},{"damage":0,"enemies":"Blue Slaver","floor":8,"turns":3},{"damage":38,"enemies":"Gremlin Nob","floor":10,"turns":5}],"seed_played":"-5155682830435900293","potions_obtained":[{"floor":2,"key":"Ancient Potion"},{"floor":3,"key":"SteroidPotion"},{"floor":6,"key":"BlessingOfTheForge"}],"is_trial":false,"path_per_floor":["M","M","M","?","M","E","R","M","T","E"],"character_chosen":"THE_SILENT","items_purchased":[],"campfire_rested":1,"item_purchase_floors":[],"current_hp_per_floor":[59,48,41,46,36,4,25,25,25,0,0],"gold":238,"neow_bonus":"BOSS_RELIC","is_daily":false,"chose_seed":false,"campfire_upgraded":0,"win_rate":0.0,"timestamp":1612821375,"path_taken":["M","M","M","?","M","E","R","M","T","E"],"items_purchased_type":[],"build_version":"2020-12-22","purchased_purges":0,"victory":false,"max_hp_per_floor":[66,66,66,71,71,71,71,71,71,71,71],"card_choices":[{"not_picked":["Cloak And Dagger","Deadly Poison"],"picked":"Noxious Fumes","floor":1.0},{"not_picked":["Accuracy","Cloak And Dagger"],"picked":"Dash","floor":2},{"not_picked":["Terror","Deadly Poison"],"picked":"Blade Dance","floor":3},{"not_picked":["Dodge and Roll","Tactician"],"picked":"Backflip","floor":5},{"not_picked":["Heel Hook","Riddle With Holes","Outmaneuver"],"picked":"SKIP","floor":6},{"not_picked":["Tactician","Finisher"],"picked":"Glass Knife","floor":8}],"player_experience":1048135,"relics_obtained":[{"floor":6,"key":"Omamori"},{"floor":6,"key":"Lantern"},{"floor":9,"key":"Boot"}],"event_choices":[{"damage_healed":0,"gold_gain":0,"player_choice":"Donut","damage_taken":0,"max_hp_gain":5,"max_hp_loss":0,"event_name":"Big Fish","floor":4,"gold_loss":0}],"is_beta":false,"boss_relics":[],"items_purged_floors":[],"is_endless":false,"potions_floor_spawned":[2,3,6],"killed_by":"Gremlin Nob","ascension_level":17}}