{"host":"665g8wmplxs7g59h","time":1612786416,"event":{"mods":["AchievementEnabler","BaseMod","Colored Map","DeckTracker","Minty Spire (QoL Compilation)","Permanent Neow","SuperFastMode"],"gold_per_floor":[119,133,133,133,133,133,148,148,148,148,164,164,178,178,178,301,301,324,6,25,43,43,43,43],"floor_reached":23,"language":"KOR","playtime":831,"items_purged":["Defend_G"],"score":181,"play_id":"aaa7efa8-d577-4a40-932c-1d08893dc15e","local_time":"20210208211336","is_ascension_mode":false,"campfire_choices":[{"floor":6,"key":"REST"},{"data":"Crippling Poison","floor":8,"key":"SMITH"},{"data":"Acrobatics","floor":10,"key":"SMITH"},{"floor":15,"key":"REST"}],"circlet_count":0,"master_deck":["Strike_G","Strike_G","Strike_G","Defend_G","Defend_G","Defend_G","Survivor","Neutralize","Acrobatics+1","Crippling Poison+1","Backflip","Calculated Gamble+1"],"relics":["Ring of the Snake","Golden Idol","Bag of Marbles","Shuriken","HoveringKite","Toxic Egg 2"],"acts_visited":["Exordium","TheCity"],"potions_floor_usage":[16,16,21,23],"damage_taken":[{"damage":0,"enemies":"Small Slimes","floor":1,"turns":3},{"damage":0,"enemies":"Jaw Worm","floor":2,"turns":5},{"damage":0,"enemies":"2 Louse","floor":7,"turns":2},{"damage":3,"enemies":"Looter","floor":11,"turns":4},{"damage":0,"enemies":"2 Fungi Beasts","floor":13,"turns":3},{"damage":41,"enemies":"The Guardian","floor":16,"turns":22},{"damage":31,"enemies":"Shell Parasite","floor":18,"turns":14},{"damage":20,"enemies":"2 Thieves","floor":20,"turns":5},{"damage":5,"enemies":"Snake Plant","floor":21,"turns":8},{"damage":20,"enemies":"Gremlin Leader","floor":23,"turns":5}],"seed_played":"-1656944651886226677","potions_obtained":[{"floor":1,"key":"GhostInAJar"},{"floor":11,"key":"GamblersBrew"},{"floor":16,"key":"Dexterity Potion"},{"floor":21,"key":"LiquidBronze"}],"is_trial":false,"path_per_floor":["M","M","?","?","?","R","M","R","T","R","M","T","M","?","R","B",null,"M","$","M","M","$","E"],"character_chosen":"THE_SILENT","items_purchased":["Toxic Egg 2"],"campfire_rested":2,"item_purchase_floors":[19],"current_hp_per_floor":[49,49,32,14,14,35,35,35,35,35,32,32,32,32,53,12,70,39,39,19,14,14,0,0],"gold":43,"neow_bonus":"REMOVE_TWO","is_daily":false,"chose_seed":false,"campfire_upgraded":2,"win_rate":0.0,"timestamp":1612786416,"path_taken":["M","M","?","?","?","R","M","R","T","R","M","?","M","?","R","BOSS","M","$","M","M","$","E"],"items_purchased_type":["Relic"],"build_version":"2020-12-22","purchased_purges":1,"victory":false,"max_hp_per_floor":[70,70,70,70,70,70,70,70,70,70,70,70,70,70,70,70,70,70,70,70,70,70,70,70],"card_choices":[{"not_picked":["Flechettes","Flying Knee"],"picked":"Acrobatics","floor":1},{"not_picked":["PiercingWail","Well Laid Plans","Outmaneuver"],"picked":"SKIP","floor":2},{"not_picked":["PiercingWail","Flying Knee"],"picked":"Crippling Poison","floor":7},{"not_picked":["Masterful Stab","Deadly Poison","Acrobatics"],"picked":"SKIP","floor":11},{"not_picked":["PiercingWail","Footwork"],"picked":"Backflip","floor":13},{"not_picked":["Blade Dance","Deflect","Acrobatics"],"picked":"SKIP","floor":18},{"not_picked":["Bouncing Flask+1","Riddle With Holes","Masterful Stab"],"picked":"SKIP","floor":20},{"not_picked":["Expertise+1","Quick Slash"],"picked":"Calculated Gamble+1","floor":21}],"player_experience":62511,"relics_obtained":[{"floor":9,"key":"Shuriken"}],"event_choices":[{"damage_healed":0,"gold_gain":0,"player_choice":"Take Damage","damage_taken":17,"relics_obtained":["Golden Idol"],"max_hp_gain":0,"max_hp_loss":0,"event_name":"Golden Idol","floor":3,"gold_loss":0},{"damage_healed":0,"gold_gain":0,"player_choice":"Success","damage_taken":18,"relics_obtained":["Bag of Marbles"],"max_hp_gain":0,"max_hp_loss":0,"event_name":"Scrap Ooze","floor":4,"gold_loss":0},{"cards_removed":["Strike_G"],"damage_healed":0,"gold_gain":0,"player_choice":"Forget","damage_taken":0,"max_hp_gain":0,"max_hp_loss":0,"event_name":"Living Wall","floor":5,"gold_loss":0},{"damage_healed":0,"gold_gain":0,"player_choice":"Searched \u00270\u0027 times","damage_taken":0,"max_hp_gain":0,"max_hp_loss":0,"event_name":"Dead Adventurer","floor":14,"gold_loss":0}],"is_beta":false,"boss_relics":[{"not_picked":["Fusion Hammer","Tiny House"],"picked":"HoveringKite"}],"items_purged_floors":[19],"is_endless":false,"potions_floor_spawned":[1,11,16,21],"killed_by":"Gremlin Leader","ascension_level":0}}