{"host":"qhn6g0owdgjb77rz","time":1612771122,"event":{"mods":["BaseMod","BetterRewards","Colored Map","Downfall","Minty Spire (QoL Compilation)","Relic Sorter","Reliquary","Spire Arcade","StSLib"],"gold_per_floor":[117,117,131,149,161,161,161,161,184,184,204,236,236,236,236,315,315,332,348,365,365,381,381,381,381],"floor_reached":24,"language":"ENG","playtime":1191,"items_purged":[],"score":614,"play_id":"3329803e-840d-42e6-84ac-f5efb28d2c64","local_time":"20210208165842","is_ascension_mode":true,"campfire_choices":[{"data":"Footwork","floor":6.0,"key":"SMITH"},{"data":"All Out Attack","floor":8.0,"key":"SMITH"},{"data":"Neutralize","floor":10.0,"key":"SMITH"},{"data":"Well Laid Plans","floor":15.0,"key":"SMITH"},{"floor":23,"key":"REST"}],"circlet_count":0,"master_deck":["AscendersBane","Strike_G","Strike_G","Strike_G","Strike_G","Strike_G","Defend_G","Defend_G","Defend_G","Defend_G","Defend_G","Survivor","Neutralize+1","Acrobatics","Well Laid Plans+1","All Out Attack+1","Footwork+1","Underhanded Strike","Dagger Throw","Dagger Throw","Footwork+1","Pain","Grand Finale","Corpse Explosion","Dodge and Roll+1"],"relics":["Ring of the Snake","Tingsha","reliquary:Firecrackers","TheAbacus","TungstenRod","Toy Ornithopter","reliquary:RosewoodLute","WarpedTongs","reliquary:Ember"],"acts_visited":["Exordium","TheCity"],"potions_floor_usage":[22,24],"damage_taken":[{"damage":0.0,"enemies":"2 Louse","floor":1.0,"turns":2.0},{"damage":0.0,"enemies":"Cultist","floor":3.0,"turns":2.0},{"damage":0.0,"enemies":"Small Slimes","floor":4.0,"turns":3.0},{"damage":11.0,"enemies":"3 Louse","floor":5.0,"turns":3.0},{"damage":0.0,"enemies":"Red Slaver","floor":11.0,"turns":5.0},{"damage":0.0,"enemies":"Gremlin Nob","floor":12.0,"turns":2.0},{"damage":18.0,"enemies":"Hexaghost","floor":16.0,"turns":10.0},{"damage":17.0,"enemies":"Shell Parasite","floor":18.0,"turns":6.0},{"damage":35.0,"enemies":"2 Thieves","floor":19.0,"turns":4.0},{"damage":17.0,"enemies":"Shelled Parasite and Fungi","floor":20.0,"turns":7.0},{"damage":6,"enemies":"Snake Plant","floor":22,"turns":4},{"damage":30,"enemies":"Book of Stabbing","floor":24,"turns":6}],"seed_played":"3356232147509334769","potions_obtained":[{"floor":2.0,"key":"GhostInAJar"},{"floor":11.0,"key":"GamblersBrew"},{"floor":12.0,"key":"Poison Potion"},{"floor":16.0,"key":"BlessingOfTheForge"},{"floor":19.0,"key":"champ:CounterPotion"},{"floor":22,"key":"AttackPotion"}],"is_trial":false,"path_per_floor":["M","?","M","M","M","R","$","R","T","R","M","E","?","?","R","B",null,"M","M","M","?","M","R","E"],"character_chosen":"THE_SILENT","items_purchased":["Tingsha","reliquary:Firecrackers","TheAbacus","Acrobatics","Well Laid Plans","All Out Attack","TungstenRod","Footwork","LiquidMemories"],"campfire_rested":1,"item_purchase_floors":[0,0,0,0,0,0,0,0,0],"current_hp_per_floor":[59,59,59,59,48,48,48,48,48,48,53,63,63,63,63,45,61,49,14,2,2,1,20,0,0],"gold":381,"neow_bonus":"","is_daily":false,"chose_seed":false,"campfire_upgraded":4,"win_rate":0.0,"timestamp":1612771122,"path_taken":["M","?","M","M","M","R","?","R","T","R","?","E","?","?","R","BOSS","M","M","M","?","?","R","E"],"items_purchased_type":["Relic","Relic","Relic","Card","Card","Card","Relic","Card","Potion"],"build_version":"2020-12-22","purchased_purges":0,"victory":false,"max_hp_per_floor":[66,66,66,66,66,66,66,66,66,66,66,66,66,66,66,66,66,66,66,66,66,66,66,66,66],"card_choices":[{"not_picked":["Poisoned Stab","Deadly Poison"],"picked":"Underhanded Strike","floor":1.0},{"not_picked":["Slice","Sucker Punch"],"picked":"Dagger Throw","floor":3.0},{"not_picked":["Dagger Throw","Riddle With Holes","Deadly Poison"],"picked":"SKIP","floor":4.0},{"not_picked":["Riddle With Holes","Deadly Poison"],"picked":"Dagger Throw","floor":4.0},{"not_picked":["Backstab","Predator","Dodge and Roll"],"picked":"SKIP","floor":5.0},{"not_picked":["Blade Dance","Dagger Throw"],"picked":"Footwork","floor":11.0},{"not_picked":["Well Laid Plans","Deflect","Dagger Throw"],"picked":"SKIP","floor":12.0},{"not_picked":["Glass Knife","Wraith Form v2"],"picked":"Grand Finale","floor":16.0},{"not_picked":["Dodge and Roll","Dagger Spray","Distraction"],"picked":"SKIP","floor":18.0},{"not_picked":["Blade Dance","Cloak And Dagger","Slice"],"picked":"SKIP","floor":19.0},{"not_picked":["Blade Dance","Flying Knee","Expertise"],"picked":"SKIP","floor":20.0},{"not_picked":["All Out Attack","Footwork"],"picked":"Dodge and Roll+1","floor":22}],"player_experience":678001,"relics_obtained":[{"floor":9.0,"key":"Toy Ornithopter"},{"floor":12.0,"key":"reliquary:RosewoodLute"}],"event_choices":[{"damage_healed":0.0,"max_hp_gain":0.0,"max_hp_loss":0.0,"gold_gain":0.0,"event_name":"Lab","player_choice":"Got Potions","floor":2.0,"gold_loss":0.0,"damage_taken":0.0},{"damage_healed":0.0,"max_hp_gain":0.0,"max_hp_loss":0.0,"gold_gain":0.0,"event_name":"Living Wall","player_choice":"Grow","floor":13.0,"gold_loss":0.0,"damage_taken":0.0,"cards_upgraded":["Footwork"]},{"damage_healed":0.0,"max_hp_gain":0.0,"max_hp_loss":0.0,"gold_gain":0.0,"event_name":"Accursed Blacksmith","player_choice":"Rummage","floor":14.0,"gold_loss":0.0,"damage_taken":0.0,"relics_obtained":["WarpedTongs"],"cards_obtained":["Pain"]},{"damage_healed":0,"gold_gain":0,"player_choice":"1 cards matched","damage_taken":0,"max_hp_gain":0,"max_hp_loss":0,"event_name":"Match and Keep!","floor":21,"gold_loss":0,"cards_obtained":["Corpse Explosion"]}],"is_beta":false,"boss_relics":[{"not_picked":["Tiny House","Empty Cage"],"picked":"reliquary:Ember"}],"items_purged_floors":[],"is_endless":false,"potions_floor_spawned":[11,12,16,19,22],"killed_by":"Book of Stabbing","ascension_level":18}}