{"host":"7gewg82ormp6yt4e","time":1612795298,"event":{"mods":["BaseMod","Block Reminder","Colored Map","DeckTracker","Highlight Path","Minty Spire (QoL Compilation)","Relic Stats","StSLib","ojb\u0027s Info Mod"],"gold_per_floor":[109,109,34,52,52,52,82,101,169,169,169,199,219,219,219,296,296,306,356,370,260,25,25,58,72,125,125,157,174,191,205,205,276,276,295,54,70,80,99,99,99,99],"floor_reached":41,"language":"JPN","playtime":2917,"items_purged":["Strike_P"],"score":1086,"play_id":"c9ab8f33-5ec6-463e-b1f3-b5f1b0b5318a","local_time":"20210208234138","is_ascension_mode":true,"campfire_choices":[{"data":"SignatureMove","floor":6.0,"key":"SMITH"},{"data":"Eruption","floor":10.0,"key":"SMITH"},{"data":"Prostrate","floor":15.0,"key":"SMITH"},{"data":"Omniscience","floor":23.0,"key":"SMITH"},{"floor":27.0,"key":"REST"},{"data":"WaveOfTheHand","floor":32.0,"key":"SMITH"},{"floor":40,"key":"REST"}],"circlet_count":0,"master_deck":["AscendersBane","Defend_P","Defend_P","Defend_P","Defend_P","Eruption+1","Vigilance","SignatureMove+1","Crescendo+1","Indignation","ClearTheMind","Prostrate+1","Prostrate","Omniscience+1","Consecrate","FlurryOfBlows","Sanctity","Wireheading","ThirdEye+1","FlurryOfBlows+1","WaveOfTheHand+1","JustLucky+1","Prostrate","FlurryOfBlows+1","DevaForm","ClearTheMind","TalkToTheHand+1","Adaptation+1","EmptyFist+1"],"relics":["HolyWater","Omamori","Shuriken","Oddly Smooth Stone","Molten Egg 2","Darkstone Periapt","Fusion Hammer","Lee\u0027s Waffle"],"acts_visited":["Exordium","TheCity","TheBeyond"],"potions_floor_usage":[35,41],"damage_taken":[{"damage":1.0,"enemies":"Small Slimes","floor":1.0,"turns":4.0},{"damage":0.0,"enemies":"Cultist","floor":4.0,"turns":2.0},{"damage":0.0,"enemies":"Gremlin Nob","floor":7.0,"turns":1.0},{"damage":0.0,"enemies":"2 Louse","floor":8.0,"turns":2.0},{"damage":9.0,"enemies":"3 Sentries","floor":12.0,"turns":6.0},{"damage":7.0,"enemies":"Large Slime","floor":13.0,"turns":3.0},{"damage":0.0,"enemies":"The Guardian","floor":16.0,"turns":3.0},{"damage":0.0,"enemies":"Shell Parasite","floor":18.0,"turns":1.0},{"damage":0.0,"enemies":"Spheric Guardian","floor":20.0,"turns":2.0},{"damage":15.0,"enemies":"Gremlin Leader","floor":24.0,"turns":4.0},{"damage":3.0,"enemies":"Centurion and Healer","floor":25.0,"turns":4.0},{"damage":24.0,"enemies":"Slavers","floor":28.0,"turns":5.0},{"damage":5.0,"enemies":"Chosen and Byrds","floor":29.0,"turns":4.0},{"damage":0.0,"enemies":"Snake Plant","floor":30.0,"turns":1.0},{"damage":0.0,"enemies":"Snecko","floor":31.0,"turns":1.0},{"damage":14.0,"enemies":"Collector","floor":33.0,"turns":5.0},{"damage":52,"enemies":"3 Darklings","floor":35,"turns":4},{"damage":0,"enemies":"3 Shapes","floor":37,"turns":10},{"damage":0,"enemies":"3 Darklings","floor":38,"turns":3},{"damage":43,"enemies":"Jaw Worm Horde","floor":39,"turns":5},{"damage":60,"enemies":"Reptomancer","floor":41,"turns":2}],"seed_played":"8162108078814036130","potions_obtained":[{"floor":0.0,"key":"Regen Potion"},{"floor":0.0,"key":"FearPotion"},{"floor":4.0,"key":"BlessingOfTheForge"},{"floor":13.0,"key":"Swift Potion"},{"floor":18.0,"key":"Energy Potion"},{"floor":28.0,"key":"Strength Potion"},{"floor":33.0,"key":"SpeedPotion"},{"floor":39,"key":"DuplicationPotion"}],"is_trial":false,"path_per_floor":["M","?","$","M","$","R","E","M","T","R","?","E","M","?","R","B",null,"M","?","M","?","$","R","E","M","T","R","E","M","M","M","R","B",null,"M","$","M","M","M","R","E"],"character_chosen":"WATCHER","items_purchased":["FlurryOfBlows","Sanctity","Wireheading","PowerPotion","Lee\u0027s Waffle","TalkToTheHand+1"],"campfire_rested":2,"item_purchase_floors":[22,22,22,22,36,36],"current_hp_per_floor":[60,60,60,60,60,60,60,60,60,60,60,51,44,44,44,44,62,62,62,62,62,62,62,47,44,44,64,40,35,35,35,35,21,56,4,75,75,75,32,54,0,0],"gold":99,"neow_bonus":"THREE_SMALL_POTIONS","is_daily":false,"chose_seed":false,"campfire_upgraded":5,"win_rate":0.0,"timestamp":1612795298,"path_taken":["M","?","?","M","$","R","E","M","T","R","?","E","M","?","R","BOSS","M","?","M","?","$","R","E","?","T","R","E","?","?","M","R","BOSS","M","$","M","?","M","R","E"],"items_purchased_type":["Card","Card","Card","Potion","Relic","Card"],"build_version":"2020-12-22","purchased_purges":1,"victory":false,"max_hp_per_floor":[68,68,68,68,68,68,68,68,68,68,68,68,68,68,68,68,68,68,68,68,68,68,68,68,68,68,68,68,68,68,68,68,68,68,68,75,75,75,75,75,75,75],"relic_stats":{"Darkstone Periapt":0,"Lee\u0027s Waffle":71,"counters":[21,72],"Shuriken":[22],"obtain_stats":[{"Darkstone Periapt":28,"Lee\u0027s Waffle":36,"Shuriken":9,"Oddly Smooth Stone":12,"HolyWater":17,"Molten Egg 2":24,"Fusion Hammer":34,"Omamori":7,"PureWater":0},{"Darkstone Periapt":12,"Lee\u0027s Waffle":17,"Shuriken":4,"Oddly Smooth Stone":5,"HolyWater":7,"Molten Egg 2":10,"Fusion Hammer":16,"Omamori":3,"PureWater":0},{"Darkstone Periapt":37,"Lee\u0027s Waffle":52,"Shuriken":9,"Oddly Smooth Stone":15,"HolyWater":21,"Molten Egg 2":28,"Fusion Hammer":48,"Omamori":7,"PureWater":0}]},"card_choices":[{"not_picked":["Consecrate","SashWhip"],"picked":"SignatureMove","floor":1.0},{"not_picked":["Worship","EmptyFist"],"picked":"Crescendo","floor":4.0},{"not_picked":["BattleHymn","LikeWater","CarveReality"],"picked":"SKIP","floor":7.0},{"not_picked":["EmptyMind","CutThroughFate"],"picked":"Indignation","floor":8.0},{"not_picked":["WreathOfFlame","JustLucky"],"picked":"Prostrate","floor":12.0},{"not_picked":["FlurryOfBlows","EmptyFist"],"picked":"Prostrate","floor":13.0},{"not_picked":["LessonLearned","MasterReality"],"picked":"Omniscience","floor":16.0},{"not_picked":["ThirdEye","FlyingSleeves"],"picked":"Consecrate","floor":18.0},{"not_picked":["ForeignInfluence","Evaluate","Ragnarok"],"picked":"SKIP","floor":20.0},{"not_picked":["Fasting2+1","FlyingSleeves+1"],"picked":"ThirdEye+1","floor":24.0},{"not_picked":["SandsOfTime+1","Halt"],"picked":"FlurryOfBlows+1","floor":25.0},{"not_picked":["Meditate","ThirdEye"],"picked":"WaveOfTheHand","floor":28.0},{"not_picked":["WheelKick+1","SashWhip+1"],"picked":"JustLucky+1","floor":29.0},{"not_picked":["CrushJoints+1","Sanctity+1"],"picked":"Prostrate","floor":30.0},{"not_picked":["FollowUp+1","PathToVictory"],"picked":"FlurryOfBlows+1","floor":31.0},{"not_picked":["DeusExMachina","Blasphemy"],"picked":"DevaForm","floor":33.0},{"not_picked":["Halt","CutThroughFate+1"],"picked":"ClearTheMind","floor":35},{"not_picked":["EmptyFist+1","Protect"],"picked":"Adaptation+1","floor":37},{"not_picked":["Perseverance+1","PathToVictory","Consecrate+1"],"picked":"SKIP","floor":38},{"not_picked":["SashWhip+1","FlurryOfBlows+1"],"picked":"EmptyFist+1","floor":39}],"player_experience":2803828,"relics_obtained":[{"floor":7.0,"key":"Omamori"},{"floor":9.0,"key":"Shuriken"},{"floor":12.0,"key":"Oddly Smooth Stone"},{"floor":24.0,"key":"Molten Egg 2"},{"floor":28.0,"key":"Darkstone Periapt"}],"event_choices":[{"cards_removed":["Strike_P"],"damage_healed":0.0,"max_hp_gain":0.0,"max_hp_loss":0.0,"gold_gain":0.0,"event_name":"Bonfire Elementals","player_choice":"Offered Basic","floor":2.0,"gold_loss":0.0,"damage_taken":0.0},{"damage_healed":0.0,"max_hp_gain":0.0,"max_hp_loss":0.0,"gold_gain":0.0,"cards_transformed":["Strike_P"],"event_name":"Living Wall","player_choice":"Change","floor":11.0,"gold_loss":0.0,"damage_taken":0.0,"cards_obtained":["ClearTheMind"]},{"damage_healed":0.0,"max_hp_gain":0.0,"max_hp_loss":0.0,"gold_gain":0.0,"event_name":"Liars Game","player_choice":"Ignored","floor":14.0,"gold_loss":0.0,"damage_taken":0.0},{"damage_healed":0.0,"max_hp_gain":0.0,"max_hp_loss":0.0,"gold_gain":50.0,"event_name":"Nest","player_choice":"Stole From Cult","floor":19.0,"gold_loss":0.0,"damage_taken":0.0},{"cards_removed":["Strike_P"],"damage_healed":0.0,"max_hp_gain":0.0,"max_hp_loss":0.0,"gold_gain":0.0,"event_name":"Designer","player_choice":"Upgrade and Remove","floor":21.0,"gold_loss":110.0,"damage_taken":0.0,"cards_upgraded":["Crescendo"]}],"is_beta":false,"boss_relics":[{"not_picked":["Velvet Choker","Ectoplasm"],"picked":"HolyWater"},{"not_picked":["Snecko Eye","Tiny House"],"picked":"Fusion Hammer"}],"items_purged_floors":[3],"is_endless":false,"potions_floor_spawned":[4,13,18,24,28,33,39],"killed_by":"Reptomancer","ascension_level":20}}