{"host":"a3wpq7kyokchzawk","time":1612786799,"event":{"mods":["BaseMod","Colored Map","Highlight Path","Minty Spire (QoL Compilation)","Permanent Neow","Potion Indicator Mod","Relic Stats","Weighted Paths"],"gold_per_floor":[16,28,303,314,332,332,360,360,360,378,398,414,445,12,12,89,89,104,119,119,197,211,211,211],"floor_reached":23,"language":"ENG","playtime":3293,"items_purged":["Regret"],"score":410,"play_id":"f8a8b16c-b42e-45f0-a0da-5c421e3a53c8","local_time":"20210208101959","is_ascension_mode":true,"campfire_choices":[{"data":"Storm of Steel","floor":6.0,"key":"SMITH"},{"floor":8.0,"key":"REST"},{"floor":15.0,"key":"REST"}],"circlet_count":0,"master_deck":["AscendersBane","Strike_G+1","Strike_G+1","Strike_G+1","Strike_G+1","Strike_G+1","Defend_G+1","Defend_G+1","Defend_G+1","Defend_G+1","Defend_G+1","Survivor","Neutralize","Storm of Steel+1","Dagger Throw","Dagger Spray","Dagger Throw","Caltrops","Cloak And Dagger","PiercingWail","Underhanded Strike+1","Cloak And Dagger","Dash+1","Thinking Ahead","Venomology","Well Laid Plans+1","Tactician+1"],"relics":["Ring of the Snake","Molten Egg 2","Membership Card","PreservedInsect","Philosopher\u0027s Stone","Paper Crane"],"acts_visited":["Exordium","TheCity"],"potions_floor_usage":[22,22],"damage_taken":[{"damage":5.0,"enemies":"Jaw Worm","floor":1.0,"turns":6.0},{"damage":1.0,"enemies":"Cultist","floor":2.0,"turns":4.0},{"damage":1.0,"enemies":"Small Slimes","floor":4.0,"turns":3.0},{"damage":10.0,"enemies":"Exordium Thugs","floor":5.0,"turns":4.0},{"damage":29.0,"enemies":"3 Sentries","floor":7.0,"turns":11.0},{"damage":3.0,"enemies":"3 Louse","floor":10.0,"turns":3.0},{"damage":3.0,"enemies":"Large Slime","floor":11.0,"turns":5.0},{"damage":0.0,"enemies":"Gremlin Gang","floor":12.0,"turns":3.0},{"damage":9.0,"enemies":"Gremlin Nob","floor":13.0,"turns":4.0},{"damage":26.0,"enemies":"The Guardian","floor":16.0,"turns":14.0},{"damage":35.0,"enemies":"Shell Parasite","floor":18.0,"turns":6.0},{"damage":7.0,"enemies":"Spheric Guardian","floor":19.0,"turns":5.0},{"damage":1,"enemies":"Snake Plant","floor":22,"turns":4},{"damage":12,"enemies":"Slavers","floor":23,"turns":2}],"seed_played":"8452822496285269804","potions_obtained":[{"floor":7.0,"key":"LiquidBronze"},{"floor":11.0,"key":"Dexterity Potion"},{"floor":12.0,"key":"GhostInAJar"},{"floor":13.0,"key":"Block Potion"}],"is_trial":false,"path_per_floor":["M","M","?","M","M","R","E","R","T","M","M","M","E","$","R","B",null,"M","M","?","T","M","E"],"character_chosen":"THE_SILENT","items_purchased":["Membership Card","PreservedInsect","Dash+1","Thinking Ahead"],"campfire_rested":2,"item_purchase_floors":[14,14,14,14],"current_hp_per_floor":[54,53,53,52,42,42,13,32,32,29,26,26,17,17,36,10,52,17,10,10,10,9,0,0],"gold":211,"neow_bonus":"THREE_RARE_CARDS","is_daily":false,"chose_seed":false,"campfire_upgraded":1,"win_rate":0.0,"timestamp":1612786799,"path_taken":["M","M","?","M","M","R","E","R","T","?","M","?","E","$","R","BOSS","M","M","?","?","M","E"],"items_purchased_type":["Relic","Relic","Card","Card"],"build_version":"2020-12-22","purchased_purges":1,"victory":false,"max_hp_per_floor":[66,66,66,66,66,66,66,66,66,66,66,66,66,66,66,66,66,66,66,66,66,66,66,66],"relic_stats":{"counters":[14,74],"PreservedInsect":42,"obtain_stats":[{"Molten Egg 2":7,"Philosopher\u0027s Stone":17,"PreservedInsect":14,"Membership Card":14,"Paper Crane":21,"Ring of the Snake":0},{"Molten Egg 2":5,"Philosopher\u0027s Stone":10,"PreservedInsect":9,"Membership Card":9,"Paper Crane":12,"Ring of the Snake":0},{"Molten Egg 2":28,"Philosopher\u0027s Stone":57,"PreservedInsect":43,"Membership Card":43,"Paper Crane":68,"Ring of the Snake":0}],"Ring of the Snake":[28]},"card_choices":[{"not_picked":["Bullet Time","Envenom"],"picked":"Storm of Steel","floor":0.0},{"not_picked":["PiercingWail","Backflip"],"picked":"Dagger Throw","floor":1.0},{"not_picked":["Masterful Stab","Deadly Poison"],"picked":"Dagger Spray","floor":2.0},{"not_picked":["Flying Knee","Calculated Gamble"],"picked":"Dagger Throw","floor":4.0},{"not_picked":["Well Laid Plans","Dodge and Roll"],"picked":"Caltrops","floor":5.0},{"not_picked":["Blur","Deadly Poison"],"picked":"Cloak And Dagger","floor":7.0},{"not_picked":["Noxious Fumes","Dodge and Roll"],"picked":"PiercingWail","floor":10.0},{"not_picked":["Bane+1","Sucker Punch+1"],"picked":"Underhanded Strike+1","floor":11.0},{"not_picked":["Outmaneuver","Quick Slash+1","Deadly Poison"],"picked":"SKIP","floor":12.0},{"not_picked":["Bane+1","Escape Plan"],"picked":"Cloak And Dagger","floor":13.0},{"not_picked":["Corpse Explosion","Storm of Steel"],"picked":"Venomology","floor":16.0},{"not_picked":["Dagger Throw+1","Riddle With Holes+1"],"picked":"Well Laid Plans+1","floor":18.0},{"not_picked":["Predator+1","Poisoned Stab+1"],"picked":"Tactician+1","floor":19.0},{"not_picked":["Outmaneuver","Sucker Punch+1","Deadly Poison"],"picked":"SKIP","floor":22}],"player_experience":2669162,"relics_obtained":[{"floor":7.0,"key":"Molten Egg 2"},{"floor":21.0,"key":"Paper Crane"}],"event_choices":[{"damage_healed":0.0,"max_hp_gain":0.0,"max_hp_loss":0.0,"gold_gain":275.0,"event_name":"Golden Shrine","player_choice":"Desecrate","floor":3.0,"gold_loss":0.0,"damage_taken":0.0,"cards_obtained":["Regret"]},{"damage_healed":0.0,"max_hp_gain":0.0,"max_hp_loss":0.0,"gold_gain":0.0,"event_name":"Back to Basics","player_choice":"Simplicity","floor":20.0,"gold_loss":0.0,"damage_taken":0.0,"cards_upgraded":["Strike_G","Strike_G","Strike_G","Strike_G","Strike_G","Defend_G","Defend_G","Defend_G","Defend_G","Defend_G"]}],"is_beta":false,"boss_relics":[{"not_picked":["Black Star","Velvet Choker"],"picked":"Philosopher\u0027s Stone"}],"items_purged_floors":[14],"is_endless":false,"potions_floor_spawned":[7,11,12,13,18],"killed_by":"Slavers","ascension_level":20}}