{"host":"v5dl0pdw4dbht0w1","time":1612744821,"event":{"mods":["AchievementEnabler","Ascension Reborn","BaseMod","Best Route Mod","BetterRewards","Card Filter","Card Forge","Clockwork Mod","Colored Powertips","Fiend Mod","Friendly Minions","Glutton Mod","Hermit","Hunter ?êl","Mad Scientist","Minty Spire (QoL Compilation)","READ ME - Snecko Mod","Railgun Mod","Random Character Button","Relic Filter","SIMod","SOSÅiézîb?îVéqÅj","Shop Mod","StSLib","The Administrix","The Alterego","The Blackbeard","The Bladedancer","The Bug Knight","The Clintock","The Construct","The Cursed","The Death Knight","The Forsaken","The Gatherer","The Hierophant","The Judge","The Mystic","The Necromancer","The Problem Sleuth","The Runesmith","The Servant 0.9.4","The Valiant","TheBandit","TheFirefly","TheVacant","Transform Curses","Treasure Hunter","Yohane!","Yuri Mod","thorton"],"gold_per_floor":[120,130,144,154,29,59,59,71,94,67,67,81,100,130,130,235,235,262,284,284,300,330,379,379,431,431,42,57,109,112,145,148,293,300,327,3,18,67,129,132,210,216,262,296,303,327,373,435,447,459],"floor_reached":51,"language":"ENG","playtime":2378,"items_purged":[],"score":1005,"play_id":"a2f4811b-aaa7-4faa-a87a-998a2db6ece5","local_time":"20210207184021","is_ascension_mode":true,"campfire_choices":[{"floor":7,"key":"REST"},{"data":"Strike_B","floor":11,"key":"SMITH"},{"floor":15,"key":"REST"},{"floor":24,"key":"REST"},{"floor":30,"key":"DIG"},{"floor":32,"key":"DIG"},{"floor":40,"key":"DIG"},{"floor":42,"key":"DIG"},{"floor":45,"key":"DIG"},{"floor":49,"key":"REST"}],"circlet_count":0,"master_deck":["Defend_B+1","Defend_B+1","Defend_B+1","Defend_B+1","Zap+1","Dualcast+1","Loop+1","Ball Lightning+1","Storm+1","Defragment+1","Leap+1","Lockon+1","Redo+1","Conserve Battery+1","Defragment+1","Capacitor+1","Defragment+1","Defragment+1","Heatsinks+1","Capacitor+1","Double Energy+1","Amplify+1","Loop+1","Conserve Battery+1","Parasite","Machine Learning","Double Energy+1"],"relics":["Cracked Core","Hammer of Thor","Seething Fire","Anvil of the Gods","Bag of Preparation","theForsaken:Lifeblossom","Pocketwatch","thethorton:GreedFountain","Ginger","Shovel","Oddly Smooth Stone","TheAbacus","DataDisk","thethorton:BankDeed","HollowMod:LifeEnderRelic","DeathKnight:PutricidesVial","SlaversCollar","Blood Vial","thethorton:BrokenCalculator","Incense Burner","TungstenRod","Potion Belt","Boot","Pear","Torii"],"acts_visited":["Exordium","TheCity","TheBeyond"],"potions_floor_usage":[19,23,23,33,33,47],"damage_taken":[{"damage":1,"enemies":"Jaw Worm","floor":1,"turns":4},{"damage":1,"enemies":"Cultist","floor":2,"turns":3},{"damage":2,"enemies":"2 Louse","floor":3,"turns":3},{"damage":12,"enemies":"Large Slime","floor":4,"turns":5},{"damage":4,"enemies":"3 Sentries","floor":6,"turns":5},{"damage":0,"enemies":"Blue Slaver","floor":8,"turns":3},{"damage":4,"enemies":"Gremlin Gang","floor":12,"turns":3},{"damage":0,"enemies":"Exordium Wildlife","floor":13,"turns":3},{"damage":14,"enemies":"Gremlin Nob","floor":14,"turns":3},{"damage":0,"enemies":"Slime Boss","floor":16,"turns":5},{"damage":10,"enemies":"3 Byrds","floor":18,"turns":3},{"damage":4,"enemies":"Shell Parasite","floor":19,"turns":3},{"damage":9,"enemies":"Snake Plant","floor":21,"turns":3},{"damage":2,"enemies":"Cultist and Chosen","floor":22,"turns":4},{"damage":0,"enemies":"Book of Stabbing","floor":23,"turns":4},{"damage":42,"enemies":"Slavers","floor":25,"turns":4},{"damage":1,"enemies":"Centurion and Healer","floor":28,"turns":3},{"damage":0,"enemies":"Gremlin Leader","floor":29,"turns":4},{"damage":8,"enemies":"Snecko","floor":31,"turns":3},{"damage":14,"enemies":"Collector","floor":33,"turns":5},{"damage":7,"enemies":"3 Shapes","floor":35,"turns":2},{"damage":10,"enemies":"Orb Walker","floor":37,"turns":3},{"damage":21,"enemies":"Sphere and 2 Shapes","floor":38,"turns":4},{"damage":12,"enemies":"Writhing Mass","floor":39,"turns":3},{"damage":2,"enemies":"Mind Bloom Boss Battle","floor":41,"turns":3},{"damage":32,"enemies":"3 Darklings","floor":44,"turns":3},{"damage":0,"enemies":"Sphere and 2 Shapes","floor":46,"turns":2},{"damage":2,"enemies":"Writhing Mass","floor":47,"turns":3},{"damage":3,"enemies":"Giant Head","floor":48,"turns":6},{"damage":0,"enemies":"Time Eater","floor":50,"turns":4}],"seed_played":"-623340628067318901","potions_obtained":[{"floor":1,"key":"SkillPotion"},{"floor":2,"key":"ColorlessPotion"},{"floor":4,"key":"ColorlessPotion"},{"floor":16,"key":"DistilledChaos"},{"floor":18,"key":"Weak Potion"},{"floor":22,"key":"AttackPotion"},{"floor":23,"key":"LiquidBronze"},{"floor":28,"key":"GamblersBrew"},{"floor":37,"key":"SpeedPotion"},{"floor":39,"key":"EssenceOfSteel"},{"floor":46,"key":"Block Potion"},{"floor":48,"key":"Fire Potion"}],"is_trial":false,"path_per_floor":["M","M","M","M","$","E","R","M","T","$","R","M","M","E","R","B",null,"M","M","?","M","M","E","R","E","T","$","M","E","R","M","R","B",null,"M","$","M","M","M","R","?","R","T","M","R","M","M","E","R","B",null],"character_chosen":"DEFECT","items_purchased":["Defragment","Leap","Redo","Capacitor","TheAbacus","DataDisk","Loop","Blood Vial","thethorton:BrokenCalculator"],"campfire_rested":4,"item_purchase_floors":[5,5,10,27,27,27,36,36,36],"current_hp_per_floor":[74,73,71,59,59,55,75,75,75,75,75,71,75,61,75,75,75,67,68,68,64,68,74,75,36,36,36,40,46,46,43,43,36,75,68,68,65,52,47,47,52,52,52,27,37,42,48,53,78,85],"gold":472,"neow_bonus":"REMOVE_CARD","is_daily":false,"chose_seed":false,"campfire_upgraded":1,"win_rate":0.0,"timestamp":1612744821,"path_taken":["M","M","M","M","$","E","R","M","T","$","R","M","M","E","R","BOSS","M","M","?","M","M","E","R","E","T","?","M","E","R","M","R","BOSS","M","$","M","M","M","R","?","R","T","M","R","M","M","E","R","BOSS"],"items_purchased_type":["Card","Card","Card","Card","Relic","Relic","Card","Relic","Relic"],"build_version":"2020-12-22","purchased_purges":0,"victory":true,"max_hp_per_floor":[75,75,75,75,75,75,75,75,75,75,75,75,75,75,75,75,75,75,75,75,75,75,75,75,75,75,75,75,75,75,75,75,75,75,75,75,75,75,75,75,75,75,75,75,85,85,85,85,85,85],"card_choices":[{"not_picked":["Coolheaded","Rip and Tear"],"picked":"Loop","floor":1},{"not_picked":["Rip and Tear","Cold Snap"],"picked":"Ball Lightning","floor":2},{"not_picked":["Barrage","Turbo"],"picked":"Storm","floor":3},{"not_picked":["Genetic Algorithm","Ball Lightning","Consume"],"picked":"SKIP","floor":4},{"not_picked":["TH:DeckOfManyThings","TH:CursedSword"],"picked":"SKIP","floor":6},{"not_picked":["Sweeping Beam","Darkness","All For One"],"picked":"SKIP","floor":6},{"not_picked":["Doom and Gloom","FTL"],"picked":"Lockon","floor":8},{"not_picked":["TH:CopperCoins","TH:Mimic"],"picked":"SKIP","floor":9},{"not_picked":["Leap","Cold Snap"],"picked":"Conserve Battery","floor":12},{"not_picked":["Cold Snap","Turbo"],"picked":"Defragment","floor":13},{"not_picked":["TH:CopperCoins","TH:TreasureMap"],"picked":"SKIP","floor":14},{"not_picked":["Coolheaded","Cold Snap","Sunder"],"picked":"SKIP","floor":14},{"not_picked":["Fission","All For One"],"picked":"Echo Form","floor":16},{"not_picked":["White Noise","Reinforced Body"],"picked":"Capacitor","floor":18},{"not_picked":["Hello World","Hologram"],"picked":"Defragment","floor":19},{"not_picked":["Rebound","Streamline+1","Ball Lightning+1"],"picked":"SKIP","floor":21},{"not_picked":["Sweeping Beam+1","White Noise"],"picked":"Defragment","floor":22},{"not_picked":["Gash","Hologram"],"picked":"Heatsinks","floor":23},{"not_picked":["TH:ArmorSpikes","TH:TreasureMap"],"picked":"SKIP","floor":23},{"not_picked":["TH:DeckOfManyThings","TH:CursedSword"],"picked":"SKIP","floor":25},{"not_picked":["Streamline","Tempest","Multi-Cast"],"picked":"SKIP","floor":25},{"not_picked":["TH:TreasureMap","TH:DeckOfManyThings"],"picked":"SKIP","floor":26},{"not_picked":["Ball Lightning","Compile Driver","Rebound+1"],"picked":"SKIP","floor":28},{"not_picked":["TH:BikiniMail","TH:Mimic"],"picked":"SKIP","floor":29},{"not_picked":["Buffer","Redo+1","Blizzard"],"picked":"SKIP","floor":29},{"not_picked":["Rebound","Undo+1"],"picked":"Double Energy+1","floor":31},{"not_picked":["Fission","Meteor Strike"],"picked":"Amplify","floor":33},{"not_picked":["Chaos+1","Compile Driver+1","Ball Lightning+1"],"picked":"SKIP","floor":35},{"not_picked":["Scrape+1","Stack"],"picked":"Conserve Battery","floor":37},{"not_picked":["Streamline","Genetic Algorithm+1","Auto Shields+1"],"picked":"SKIP","floor":38},{"not_picked":["Stack","Streamline","Lockon+1"],"picked":"SKIP","floor":39},{"not_picked":["TH:ArmorSpikes","TH:PixieDust"],"picked":"SKIP","floor":43},{"not_picked":["Chill","Cold Snap"],"picked":"Machine Learning","floor":44},{"not_picked":["Doom and Gloom","Stack","Streamline+1"],"picked":"SKIP","floor":46},{"not_picked":["Sweeping Beam+1","Streamline+1"],"picked":"Double Energy+1","floor":47},{"not_picked":["TH:DeckOfManyThings","TH:PixieDust"],"picked":"SKIP","floor":48},{"not_picked":["Rebound+1","Cold Snap+1","Hologram+1"],"picked":"SKIP","floor":48}],"player_experience":504779,"relics_obtained":[{"floor":6,"key":"Bag of Preparation"},{"floor":9,"key":"theForsaken:Lifeblossom"},{"floor":14,"key":"Pocketwatch"},{"floor":23,"key":"Ginger"},{"floor":25,"key":"Shovel"},{"floor":26,"key":"Oddly Smooth Stone"},{"floor":29,"key":"thethorton:BankDeed"},{"floor":30,"key":"HollowMod:LifeEnderRelic"},{"floor":32,"key":"DeathKnight:PutricidesVial"},{"floor":40,"key":"Incense Burner"},{"floor":41,"key":"TungstenRod"},{"floor":42,"key":"Potion Belt"},{"floor":43,"key":"Boot"},{"floor":45,"key":"Pear"},{"floor":48,"key":"Torii"}],"event_choices":[{"damage_healed":0,"gold_gain":0,"cards_transformed":["Echo Form"],"player_choice":"Transformed","damage_taken":0,"max_hp_gain":0,"max_hp_loss":0,"event_name":"Transmorgrifier","floor":20,"gold_loss":0,"cards_obtained":["Consume"]},{"damage_healed":0,"gold_gain":0,"player_choice":"Fight","damage_taken":0,"max_hp_gain":0,"max_hp_loss":0,"event_name":"MindBloom","floor":41,"gold_loss":0}],"is_beta":false,"boss_relics":[{"not_picked":["Cursed Key","thethorton:BottledFunds"],"picked":"thethorton:GreedFountain"},{"not_picked":["Busted Crown","Tiny House"],"picked":"SlaversCollar"}],"items_purged_floors":[],"is_endless":false,"potions_floor_spawned":[1,2,4,8,16,18,22,23,28,29,37,39,46,48],"ascension_level":0}}