{"host":"vflj39ie5n27t074","time":1612763712,"event":{"mods":["BaseMod","BetterRewards","Bossed Relics","Colored Map","Colored Powertips","Downfall","Hero for Fun","Hubris","Infinite Spire","Marisa????????","Minty Spire (QoL Compilation)","Replay The Spire","SIMod","StSLib","The Jungle","The Mystic","The Poker Player","The Servant 0.9.4"],"gold_per_floor":[112,129,99,118,118,144,144,144,214,232,263,283,139,154,154,259,259,269,281,281,291,302,302,314,348,373,373,373,373,401,415,415,515,515,535,342,359,359,359,359],"floor_reached":39,"language":"ENG","playtime":3188,"items_purged":["Decay","hubris:Despair"],"score":504,"play_id":"3a9f8be5-6cff-4cd3-abf3-3ebabd02c27d","local_time":"20210207235512","is_ascension_mode":true,"campfire_choices":[{"data":"Eruption","floor":7,"key":"SMITH"},{"data":"BattleHymn","floor":15,"key":"SMITH"},{"data":"DevaForm","floor":23,"key":"SMITH"},{"data":"Meditate","floor":29,"key":"SMITH"},{"floor":32,"key":"REST"}],"circlet_count":0,"master_deck":["Strike_P","Strike_P","Strike_P","Strike_P","Defend_P","Defend_P","Defend_P","Defend_P","Eruption+1","Vigilance","Evaluate","FlyingSleeves","CutThroughFate","Meditate+1","BattleHymn+1","FearNoEvil","DevaForm+1","Consecrate","FlurryOfBlows","Pot Of Greed","Pot Of Greed","CarveReality+1","Indignation","Judgement","Replay:Battleflow+1","Pot Of Greed","BattleHymn"],"relics":["PureWater","hubris:MobiusCoin","ReplayTheSpireMod:Shallot","Strawberry","Cursed Key","Grinning Jar","Lantern","infinitespire:Cupcake","Centennial Puzzle","Busted Crown","Damaru","hubris:Towel"],"acts_visited":["Exordium","TheCity","TheBeyond"],"potions_floor_usage":[6,11,16,24,25,30,30,30,33,33,39],"damage_taken":[{"damage":7,"enemies":"Cultist","floor":1,"turns":3},{"damage":6,"enemies":"Small Slimes","floor":2,"turns":4},{"damage":1,"enemies":"Jaw Worm","floor":4,"turns":4},{"damage":0,"enemies":"Lagavulin","floor":6,"turns":3},{"damage":0,"enemies":"Exordium Wildlife","floor":10,"turns":3},{"damage":22,"enemies":"3 Sentries","floor":11,"turns":6},{"damage":0,"enemies":"2 Fungi Beasts","floor":12,"turns":4},{"damage":6,"enemies":"Looter","floor":14,"turns":3},{"damage":19,"enemies":"Hexaghost","floor":16,"turns":6},{"damage":1,"enemies":"Chosen","floor":18,"turns":4},{"damage":0,"enemies":"Spheric Guardian","floor":19,"turns":2},{"damage":0,"enemies":"Cultist and Chosen","floor":21,"turns":4},{"damage":15,"enemies":"Shelled Parasite and Fungi","floor":22,"turns":4},{"damage":8,"enemies":"Snecko","floor":24,"turns":3},{"damage":26,"enemies":"Gremlin Leader","floor":25,"turns":4},{"damage":15,"enemies":"Slavers","floor":30,"turns":5},{"damage":1,"enemies":"Chosen and Byrds","floor":31,"turns":3},{"damage":19,"enemies":"Pondfish","floor":33,"turns":5},{"damage":5,"enemies":"Orb Walker","floor":35,"turns":3},{"damage":20,"enemies":"3 Shapes","floor":37,"turns":2},{"damage":72,"enemies":"Writhing Mass","floor":39,"turns":5}],"seed_played":"-4073503455799424539","potions_obtained":[{"floor":2,"key":"champ:CounterPotion"},{"floor":3,"key":"BottledMiracle"},{"floor":3,"key":"Ambrosia"},{"floor":6,"key":"sneckomod:MuddlingPotion"},{"floor":11,"key":"StancePotion"},{"floor":19,"key":"EntropicBrew"},{"floor":24,"key":"PowerPotion"},{"floor":30,"key":"Swift Potion"},{"floor":35,"key":"Weak Potion"},{"floor":37,"key":"sneckomod:MuddlingPotion"}],"is_trial":false,"path_per_floor":["M","M","?","M","$","E","R","?","T","M","E","M","$","M","R","B",null,"M","M","?","M","M","R","M","E","T","?","AVR","R","E","M","R","B",null,"M","$","M","?","M"],"character_chosen":"WATCHER","items_purchased":["FearNoEvil","BattleHymn","Damaru"],"campfire_rested":1,"item_purchase_floors":[13,36,36],"current_hp_per_floor":[72,66,66,65,65,65,65,65,65,65,50,50,50,44,44,25,86,85,85,85,85,70,70,62,36,36,36,36,36,21,20,45,26,86,81,81,61,61,0,0],"gold":359,"neow_bonus":"TEN_PERCENT_HP_BONUS","is_daily":false,"chose_seed":false,"campfire_upgraded":4,"win_rate":0.0,"timestamp":1612763712,"path_taken":["M","M","?","?","$","E","R","?","T","M","E","?","?","M","R","BOSS","M","M","?","M","M","R","M","E","T","?","AVR","R","E","M","R","BOSS","M","$","M","?","M"],"items_purchased_type":["Card","Card","Relic"],"build_version":"2020-12-22","purchased_purges":2,"victory":false,"max_hp_per_floor":[79,79,79,79,79,79,79,79,79,79,86,86,86,86,86,86,86,86,86,86,86,86,86,86,86,86,86,86,86,86,86,86,86,86,86,86,86,86,86,86],"card_choices":[{"not_picked":["BowlingBash","DeceiveReality","FlyingSleeves"],"picked":"SKIP","floor":1},{"not_picked":["DeceiveReality","BowlingBash"],"picked":"Evaluate","floor":2},{"not_picked":["ThirdEye","Brilliance"],"picked":"FlyingSleeves","floor":4},{"not_picked":["Collect","Replay:ManipulateFuture"],"picked":"CutThroughFate","floor":6},{"not_picked":["FlyingSleeves","Replay:Battleflow","Replay:BluntJabs"],"picked":"SKIP","floor":10},{"not_picked":["Replay:Battleflow","CarveReality"],"picked":"Meditate","floor":11},{"not_picked":["FlyingSleeves","Crescendo"],"picked":"BattleHymn","floor":12},{"not_picked":["Replay:Battleflow","Replay:ManipulateFuture","BowlingBash"],"picked":"SKIP","floor":14},{"not_picked":["Devotion","ConjureBlade"],"picked":"DevaForm","floor":16},{"not_picked":["ClearTheMind","Replay:Anticipation"],"picked":"Consecrate","floor":18},{"not_picked":["Replay:AtTheReady","Collect"],"picked":"FlurryOfBlows","floor":19},{"not_picked":["ClearTheMind+1","SashWhip+1","Replay:BluntJabs"],"picked":"SKIP","floor":21},{"not_picked":["Sanctity","Halt","PathToVictory"],"picked":"SKIP","floor":22},{"not_picked":["CrushJoints","Replay:Hum","Replay:AtTheReady"],"picked":"SKIP","floor":24},{"not_picked":["FollowUp","ThirdEye"],"picked":"CarveReality+1","floor":25},{"not_picked":["Conclude","ClearTheMind","Worship+1"],"picked":"SKIP","floor":30},{"not_picked":["Prostrate","Protect+1"],"picked":"Indignation","floor":31},{"not_picked":["SpiritShield","ConjureBlade"],"picked":"Judgement","floor":33},{"not_picked":[],"picked":"Replay:Battleflow+1","floor":35},{"not_picked":["SandsOfTime"],"picked":"SKIP","floor":37}],"player_experience":94697,"relics_obtained":[{"floor":6,"key":"hubris:MobiusCoin"},{"floor":9,"key":"ReplayTheSpireMod:Shallot"},{"floor":11,"key":"Strawberry"},{"floor":25,"key":"Grinning Jar"},{"floor":26,"key":"Lantern"},{"floor":30,"key":"Centennial Puzzle"}],"event_choices":[{"damage_healed":0,"gold_gain":0,"player_choice":"Bought 2 Potions","damage_taken":0,"max_hp_gain":0,"max_hp_loss":0,"event_name":"The Woman in Blue","floor":3,"gold_loss":0},{"damage_healed":0,"gold_gain":0,"player_choice":"Cursed","damage_taken":0,"max_hp_gain":0,"max_hp_loss":0,"event_name":"Wheel of Change","floor":8,"gold_loss":0,"cards_obtained":["Decay"]},{"damage_healed":0,"gold_gain":0,"player_choice":"Ignored","damage_taken":0,"max_hp_gain":0,"max_hp_loss":0,"event_name":"Ghosts","floor":20,"gold_loss":0}],"is_beta":false,"boss_relics":[{"not_picked":["SacredBark","ChewingGum"],"picked":"Cursed Key"},{"not_picked":["Replay:Ancient Bell","Honey Jar"],"picked":"Busted Crown"}],"items_purged_floors":[13,28],"is_endless":false,"potions_floor_spawned":[2,4,6,11,14,19,24,30,35,37],"killed_by":"Writhing Mass","ascension_level":2}}