{"host":"v3qphhcqhwfpabne","time":1612759371,"event":{"mods":["100% Spire Juice","2.2 Compatiblity","BaseMod","CapriCore","KinomotoSakuraMod(ÙÊñýÜâ?)","Koishi","Marisa£¨Ùöéë¡¡Øª×âÞÞ£©","Minty Spire (QoL Compilation)","Permanent Neow","Prisma Mod","StSLib","Td1madao Mod","The Bug Knight","The Cursed","The Immortal","The Runesmith","WarShipGirlsR/??á´Ò³R mod"],"gold_per_floor":[110,123,140,140,140,86,106,123,123,123,156,156,166,176,176,273,273,288,24,43,43,60,60,60],"floor_reached":23,"language":"KOR","playtime":1297,"items_purged":["HollowMod:NailStrikeStart"],"score":195,"play_id":"d66f2205-cbb2-481b-b9c8-66b8a2cf2a1c","local_time":"20210208134251","is_ascension_mode":false,"campfire_choices":[{"floor":10,"key":"DIG"},{"floor":15,"key":"DIG"}],"circlet_count":0,"master_deck":["HollowMod:NailStrikeStart","HollowMod:NailStrikeStart","HollowMod:NailStrikeStart","HollowMod:QuickDashStart","HollowMod:QuickDashStart","HollowMod:QuickDashStart","HollowMod:QuickDashStart","HollowMod:FocusHealStart","HollowMod:PogoStrike","CurseOfTheBell","HollowMod:CycloneSlash+1","HollowMod:VoidDash","HollowMod:CloakDash","HollowMod:MantisMark","HollowMod:DashSlash+1","HollowMod:SlysStrikes","HollowMod:SoulStrike+1","Panache","Decay","HollowMod:SoulEater"],"relics":["Calling Bell","Pen Nib","Molten Egg 2","Shovel","White Beast Statue","HollowMod:MantisClawRelic","Gremlin Horn","Darkstone Periapt","Philosopher\u0027s Stone"],"acts_visited":["Exordium","TheCity"],"potions_floor_usage":[16,16,18,20,22],"damage_taken":[{"damage":2,"enemies":"2 Louse","floor":1,"turns":3},{"damage":1,"enemies":"Cultist","floor":2,"turns":4},{"damage":7,"enemies":"Small Slimes","floor":3,"turns":3},{"damage":0,"enemies":"Looter","floor":7,"turns":3},{"damage":4,"enemies":"Blue Slaver","floor":8,"turns":4},{"damage":21,"enemies":"3 Sentries","floor":11,"turns":6},{"damage":5,"enemies":"3 Louse","floor":13,"turns":2},{"damage":12,"enemies":"Large Slime","floor":14,"turns":4},{"damage":40,"enemies":"The Guardian","floor":16,"turns":11},{"damage":22,"enemies":"Spheric Guardian","floor":18,"turns":4},{"damage":30,"enemies":"3 Byrds","floor":20,"turns":3},{"damage":11,"enemies":"3 Cultists","floor":22,"turns":4},{"damage":22,"enemies":"Book of Stabbing","floor":23,"turns":3}],"seed_played":"8214483049466373739","potions_obtained":[{"floor":1,"key":"Fire Potion"},{"floor":11,"key":"Swift Potion"},{"floor":12,"key":"FairyPotion"},{"floor":13,"key":"DuplicationPotion"},{"floor":16,"key":"PowerPotion"},{"floor":18,"key":"Explosive Potion"},{"floor":20,"key":"Fire Potion"},{"floor":22,"key":"Strength Potion"}],"is_trial":false,"path_per_floor":["M","M","M","$","?","$","M","M","T","R","E","?","M","M","R","B",null,"M","$","M","?","M","E"],"character_chosen":"THE_BUGKNIGHT","items_purchased":["HollowMod:CloakDash","Panache"],"campfire_rested":0,"item_purchase_floors":[6,19],"current_hp_per_floor":[73,72,65,65,65,65,65,61,61,61,40,40,35,23,23,7,75,53,53,23,29,18,0,0],"gold":60,"neow_bonus":"BOSS_RELIC","is_daily":false,"chose_seed":false,"campfire_upgraded":0,"win_rate":0.0,"timestamp":1612759371,"path_taken":["M","M","M","$","?","$","M","M","T","R","E","?","M","?","R","BOSS","M","$","M","?","M","E"],"items_purchased_type":["Card","Card"],"build_version":"2020-12-22","purchased_purges":1,"victory":false,"max_hp_per_floor":[75,75,75,75,75,75,75,75,75,75,75,75,75,75,75,75,75,75,75,75,81,81,81,81],"card_choices":[{"not_picked":["HollowMod:DreamGate","HollowMod:CornifersMapStart","HollowMod:NewJinnsSoul"],"picked":"SKIP","floor":1},{"not_picked":["HollowMod:ChannelNail","HollowMod:NewJinnsSoul"],"picked":"HollowMod:CycloneSlash+1","floor":2},{"not_picked":["HollowMod:NewLittleFool+1","HollowMod:InfectedCysts+1"],"picked":"HollowMod:VoidDash","floor":3},{"not_picked":["HollowMod:GoodIntentions","HollowMod:CycloneSlash+1","HollowMod:VengefulVoid+1"],"picked":"SKIP","floor":7},{"not_picked":["HollowMod:HeavyBlow+1","HollowMod:LifebloodCocoon"],"picked":"HollowMod:MantisMark","floor":8},{"not_picked":["HollowMod:DoubleDash","HollowMod:SharpenedNail+1","HollowMod:WraithStrike+1"],"picked":"SKIP","floor":11},{"not_picked":["HollowMod:DescendingDark+1","HollowMod:MothsMistake","HollowMod:HeavyBlow+1"],"picked":"SKIP","floor":13},{"not_picked":["HollowMod:FastStrike+1","HollowMod:WraithStrike+1"],"picked":"HollowMod:DashSlash+1","floor":14},{"not_picked":["HollowMod:MidwifesHunger+1","HollowMod:Weaversong"],"picked":"HollowMod:SlysStrikes","floor":16},{"not_picked":["HollowMod:HeavyBlow+1","HollowMod:GoodIntentions"],"picked":"HollowMod:SoulStrike+1","floor":18},{"not_picked":["HollowMod:DescendingDark+1","HollowMod:ChannelNail","HollowMod:LifebloodCocoon"],"picked":"SKIP","floor":20},{"not_picked":["HollowMod:TaintedHusks+1","HollowMod:NewJinnsSoul+1"],"picked":"HollowMod:SoulEater","floor":22}],"player_experience":102064,"relics_obtained":[{"floor":0,"key":"Pen Nib"},{"floor":0,"key":"Molten Egg 2"},{"floor":0,"key":"Shovel"},{"floor":9,"key":"White Beast Statue"},{"floor":10,"key":"HollowMod:MantisClawRelic"},{"floor":11,"key":"Gremlin Horn"},{"floor":15,"key":"Darkstone Periapt"}],"event_choices":[{"damage_healed":0,"gold_gain":0,"player_choice":"Got Potions","damage_taken":0,"max_hp_gain":0,"max_hp_loss":0,"event_name":"Lab","floor":12,"gold_loss":0},{"damage_healed":0,"gold_gain":0,"player_choice":"Smashed Altar","damage_taken":0,"max_hp_gain":0,"max_hp_loss":0,"event_name":"Forgotten Altar","floor":21,"gold_loss":0,"cards_obtained":["Decay"]}],"is_beta":false,"boss_relics":[{"not_picked":["Ectoplasm","Tiny House"],"picked":"Philosopher\u0027s Stone"}],"items_purged_floors":[19],"is_endless":false,"potions_floor_spawned":[1,11,13,14,16,18,20,22],"killed_by":"Book of Stabbing","ascension_level":0}}