{"host":"2pmmafybkq7zb6na","time":1612794279,"event":{"mods":["AchievementEnabler","BaseMod","Colored Map","Highlight Path","Keyboard Shortcuts","Minty Spire (QoL Compilation)","Quick Restart","StSLib","SuperFastMode"],"gold_per_floor":[110,121,23,38,38,70,83,83,83,118,118,130,165,176,176,276,276,291,291,291,306,231,231,231,244,322,322,86,121,63,80,80,185,185,203,40,58,58,70,96,96,126,150,150,182,182,196,72,72,72,72,72,11,40,40,40],"floor_reached":55,"language":"KOR","playtime":2685,"items_purged":["Strike_R","Strike_R","Defend_R"],"score":897,"play_id":"1054d086-0cf1-4737-8441-7e4446c98cdd","local_time":"20210208232439","is_ascension_mode":true,"campfire_choices":[{"data":"True Grit","floor":8,"key":"SMITH"},{"floor":15,"key":"REST"},{"data":"Havoc","floor":23,"key":"SMITH"},{"data":"Flame Barrier","floor":27,"key":"SMITH"},{"floor":32,"key":"REST"},{"data":"Fiend Fire","floor":44,"key":"SMITH"},{"floor":46,"key":"RECALL"},{"data":"Fiend Fire","floor":49,"key":"SMITH"},{"data":"Second Wind","floor":52,"key":"SMITH"}],"circlet_count":0,"master_deck":["Defend_R","Defend_R","Bash","Reckless Charge","Headbutt+1","Body Slam","True Grit+1","Spot Weakness","Intimidate","Pommel Strike","Havoc+1","Flame Barrier+1","Intimidate","Thunderclap","Sever Soul","Dark Embrace","Havoc","Reaper","Second Wind+1","Fiend Fire+1","Power Through","Havoc+1","Fiend Fire+1","Impervious","Havoc+1","Second Wind"],"relics":["Burning Blood","Dead Branch","Letter Opener","Bronze Scales","The Courier","Snecko Eye","Red Skull","Sundial","Vajra","HornCleat","Mark of Pain","Nunchaku","Art of War","Ancient Tea Set","Shuriken","Oddly Smooth Stone","TungstenRod"],"acts_visited":["Exordium","TheCity","TheBeyond","TheEnding"],"potions_floor_usage":[6,13,16,29,55,55],"damage_taken":[{"damage":9,"enemies":"Jaw Worm","floor":1,"turns":3},{"damage":1,"enemies":"Cultist","floor":2,"turns":3},{"damage":0,"enemies":"Small Slimes","floor":4,"turns":3},{"damage":20,"enemies":"Gremlin Nob","floor":6,"turns":4},{"damage":4,"enemies":"Looter","floor":7,"turns":3},{"damage":16,"enemies":"3 Sentries","floor":10,"turns":8},{"damage":11,"enemies":"Blue Slaver","floor":12,"turns":3},{"damage":6,"enemies":"Gremlin Nob","floor":13,"turns":3},{"damage":4,"enemies":"3 Louse","floor":14,"turns":3},{"damage":40,"enemies":"The Guardian","floor":16,"turns":9},{"damage":4,"enemies":"3 Byrds","floor":18,"turns":2},{"damage":0,"enemies":"Chosen","floor":21,"turns":3},{"damage":0,"enemies":"Snecko","floor":25,"turns":3},{"damage":43,"enemies":"Gremlin Leader","floor":29,"turns":4},{"damage":13,"enemies":"Shelled Parasite and Fungi","floor":31,"turns":2},{"damage":9,"enemies":"Champ","floor":33,"turns":6},{"damage":25,"enemies":"3 Shapes","floor":35,"turns":3},{"damage":6,"enemies":"Orb Walker","floor":37,"turns":2},{"damage":0,"enemies":"Jaw Worm Horde","floor":39,"turns":4},{"damage":6,"enemies":"Nemesis","floor":40,"turns":3},{"damage":0,"enemies":"Reptomancer","floor":42,"turns":3},{"damage":7,"enemies":"Nemesis","floor":45,"turns":5},{"damage":13,"enemies":"Maw","floor":47,"turns":5},{"damage":26,"enemies":"Awakened One","floor":50,"turns":7},{"damage":6,"enemies":"Shield and Spear","floor":54,"turns":5},{"damage":110,"enemies":"The Heart","floor":55,"turns":9}],"seed_played":"178952958205766578","potions_obtained":[{"floor":1,"key":"DuplicationPotion"},{"floor":4,"key":"GamblersBrew"},{"floor":12,"key":"Energy Potion"},{"floor":25,"key":"Regen Potion"},{"floor":33,"key":"PowerPotion"},{"floor":39,"key":"Regen Potion"},{"floor":40,"key":"FearPotion"},{"floor":42,"key":"FairyPotion"}],"is_trial":false,"path_per_floor":["M","M","$","M","?","E","M","R","T","E","T","M","E","M","R","B",null,"M","?","?","M","?","R","?","M","T","R","$","E","$","M","R","B",null,"M","$","M","?","M","E","?","E","T","R","E","R","M","$","R","B",null,"R","$","E","B"],"character_chosen":"IRONCLAD","items_purchased":["True Grit","Havoc","Vajra","Second Wind","Power Through","Oddly Smooth Stone","Second Wind"],"campfire_rested":2,"item_purchase_floors":[3,28,28,30,36,48,53],"current_hp_per_floor":[77,80,80,80,64,50,52,52,52,42,42,37,37,39,63,29,80,80,80,80,80,80,80,80,80,80,80,80,52,52,53,77,77,80,69,69,76,76,80,80,80,80,80,80,79,79,80,80,80,66,80,80,80,80,0,0],"gold":40,"neow_bonus":"THREE_CARDS","is_daily":false,"chose_seed":false,"campfire_upgraded":6,"win_rate":0.0,"timestamp":1612794279,"path_taken":["M","M","$","M","?","E","M","R","T","E","?","M","E","?","R","BOSS","M","?","?","M","?","R","?","M","T","R","$","E","$","M","R","BOSS","M","$","M","?","M","E","?","E","T","R","E","R","?","$","R","BOSS","R","$","E","BOSS"],"items_purchased_type":["Card","Card","Relic","Card","Card","Relic","Card"],"build_version":"2020-12-22","purchased_purges":3,"victory":false,"max_hp_per_floor":[80,80,80,80,80,80,80,80,80,80,80,80,80,80,80,80,80,80,80,80,80,80,80,80,80,80,80,80,80,80,80,80,80,80,80,80,80,80,80,80,80,80,80,80,80,80,80,80,80,80,80,80,80,80,80,80],"card_choices":[{"not_picked":["Armaments","Thunderclap"],"picked":"Reckless Charge","floor":0},{"not_picked":["Clash","Armaments"],"picked":"Headbutt","floor":1},{"not_picked":["Demon Form","Iron Wave"],"picked":"Body Slam","floor":2},{"not_picked":["Sword Boomerang","Headbutt"],"picked":"Spot Weakness","floor":4},{"not_picked":["Wild Strike","Hemokinesis"],"picked":"Intimidate","floor":6},{"not_picked":["Cleave","Anger"],"picked":"Pommel Strike","floor":7},{"not_picked":["Demon Form","Fire Breathing"],"picked":"Havoc","floor":10},{"not_picked":["Anger","Havoc","Iron Wave"],"picked":"SKIP","floor":12},{"not_picked":["Body Slam","Whirlwind","Pummel"],"picked":"SKIP","floor":13},{"not_picked":["Anger","Cleave","Clash"],"picked":"SKIP","floor":14},{"not_picked":["Iron Wave","Clothesline","Thunderclap"],"picked":"SKIP","floor":18},{"not_picked":["Sentinel","Ghostly Armor"],"picked":"Sever Soul","floor":21},{"not_picked":["Shrug It Off+1","Combust"],"picked":"Dark Embrace","floor":25},{"not_picked":["Thunderclap","Inflame"],"picked":"Reaper","floor":29},{"not_picked":["Pommel Strike","Wild Strike","Metallicize"],"picked":"SKIP","floor":31},{"not_picked":["Offering","Feed"],"picked":"Fiend Fire","floor":33},{"not_picked":["Armaments","Shrug It Off","Reckless Charge+1"],"picked":"SKIP","floor":35},{"not_picked":["Pummel+1","Headbutt+1","Iron Wave"],"picked":"SKIP","floor":37},{"not_picked":["Spot Weakness","Twin Strike"],"picked":"Havoc+1","floor":39},{"not_picked":["Cleave+1","True Grit"],"picked":"Fiend Fire","floor":40},{"not_picked":["Thunderclap","True Grit"],"picked":"Impervious","floor":42},{"not_picked":["Clothesline+1","Feel No Pain","Flex"],"picked":"SKIP","floor":45},{"not_picked":["Ghostly Armor+1","Inflame"],"picked":"Havoc+1","floor":47},{"not_picked":["Reckless Charge","Wild Strike+1","Clash+1"],"picked":"SKIP","floor":54},{"not_picked":["Reckless Charge","Wild Strike+1","Clash+1"],"picked":"SKIP","floor":54}],"player_experience":110026,"relics_obtained":[{"floor":6,"key":"Dead Branch"},{"floor":10,"key":"Letter Opener"},{"floor":11,"key":"Bronze Scales"},{"floor":13,"key":"The Courier"},{"floor":26,"key":"Sundial"},{"floor":29,"key":"HornCleat"},{"floor":40,"key":"Nunchaku"},{"floor":42,"key":"Art of War"},{"floor":43,"key":"Ancient Tea Set"},{"floor":45,"key":"Shuriken"},{"floor":54,"key":"TungstenRod"}],"event_choices":[{"damage_healed":0,"gold_gain":0,"player_choice":"Entered Light","damage_taken":16,"max_hp_gain":0,"max_hp_loss":0,"event_name":"Shining Light","floor":5,"gold_loss":0,"cards_upgraded":["Headbutt","Defend_R"]},{"damage_healed":0,"gold_gain":0,"player_choice":"Read","damage_taken":0,"max_hp_gain":0,"max_hp_loss":0,"event_name":"The Library","floor":19,"gold_loss":0,"cards_obtained":["Flame Barrier"]},{"damage_healed":0,"gold_gain":0,"cards_transformed":["Strike_R","Strike_R"],"player_choice":"Became Test Subject","damage_taken":0,"max_hp_gain":0,"max_hp_loss":0,"event_name":"Drug Dealer","floor":20,"gold_loss":0,"cards_obtained":["Intimidate","Thunderclap"]},{"cards_removed":["Strike_R"],"damage_healed":0,"gold_gain":0,"player_choice":"Gave Gold","damage_taken":0,"max_hp_gain":0,"max_hp_loss":0,"event_name":"Beggar","floor":22,"gold_loss":75},{"damage_healed":0,"gold_gain":0,"player_choice":"Opened","damage_taken":0,"relics_obtained":["Red Skull"],"max_hp_gain":0,"max_hp_loss":0,"event_name":"The Mausoleum","floor":24,"gold_loss":0},{"cards_removed":["Defend_R"],"damage_healed":0,"gold_gain":0,"player_choice":"Removed Skill","damage_taken":0,"max_hp_gain":0,"max_hp_loss":0,"event_name":"Falling","floor":38,"gold_loss":0},{"damage_healed":0,"gold_gain":0,"player_choice":"Bought 0 Potions","damage_taken":0,"max_hp_gain":0,"max_hp_loss":0,"event_name":"The Woman in Blue","floor":41,"gold_loss":0}],"is_beta":false,"boss_relics":[{"not_picked":["Black Blood","SlaversCollar"],"picked":"Snecko Eye"},{"not_picked":["Cursed Key","Runic Cube"],"picked":"Mark of Pain"}],"items_purged_floors":[3,28,36],"is_endless":false,"potions_floor_spawned":[1,4,12,25,33,39,40,42],"killed_by":"The Heart","ascension_level":2}}