{"host":"sav7uxregyirlf69","time":1612781486,"event":{"mods":["AchievementEnabler","BaseMod","Colored Map","DeckTracker","Keyboard Shortcuts","Minty Spire (QoL Compilation)","READ ME - Guardian Mod","StSLib","SuperFastMode"],"gold_per_floor":[119,134,134,49,64,64,99,109,109,119,135,145,175,175,175,175,175],"floor_reached":16,"language":"KOR","playtime":263,"items_purged":[],"score":228,"play_id":"abf66cde-f7e6-41c3-8fd1-3587025db901","local_time":"20210208195126","is_ascension_mode":true,"campfire_choices":[{"data":"Anger","floor":6,"key":"SMITH"},{"floor":15,"key":"REST"}],"circlet_count":0,"master_deck":["AscendersBane","Strike_R","Strike_R","Strike_R","Strike_R","Defend_R","Defend_R","Defend_R","Defend_R","Bash","Second Wind","Dark Embrace","Anger+1","Burning Pact","Shrug It Off","Feel No Pain"],"relics":["Burning Blood","NeowsBlessing","Nunchaku","Centennial Puzzle","Meat on the Bone","Mercury Hourglass"],"acts_visited":["Exordium"],"potions_floor_usage":[10,12,13],"damage_taken":[{"damage":0,"enemies":"Cultist","floor":1,"turns":1},{"damage":0,"enemies":"2 Louse","floor":2,"turns":1},{"damage":0,"enemies":"Jaw Worm","floor":5,"turns":1},{"damage":45,"enemies":"Gremlin Nob","floor":7,"turns":5},{"damage":15,"enemies":"Large Slime","floor":8,"turns":5},{"damage":29,"enemies":"3 Louse","floor":10,"turns":5},{"damage":11,"enemies":"2 Fungi Beasts","floor":11,"turns":4},{"damage":12,"enemies":"Red Slaver","floor":12,"turns":4},{"damage":18,"enemies":"Lagavulin","floor":13,"turns":9},{"damage":33,"enemies":"The Guardian","floor":16,"turns":6}],"seed_played":"-1462433156166342267","potions_obtained":[{"floor":1,"key":"BloodPotion"},{"floor":2,"key":"BloodPotion"},{"floor":11,"key":"EssenceOfSteel"},{"floor":12,"key":"DuplicationPotion"}],"is_trial":false,"path_per_floor":["M","M","?","$","M","R","E","M","T","M","M","M","E","T","R","B"],"character_chosen":"IRONCLAD","items_purchased":["Dark Embrace"],"campfire_rested":1,"item_purchase_floors":[4],"current_hp_per_floor":[74,75,75,75,75,75,36,27,27,19,14,23,11,11,33,0,0],"gold":175,"neow_bonus":"THREE_ENEMY_KILL","is_daily":false,"chose_seed":false,"campfire_upgraded":1,"win_rate":0.0,"timestamp":1612781486,"path_taken":["M","?","?","?","M","R","E","M","T","M","M","M","E","?","R","BOSS"],"items_purchased_type":["Card"],"build_version":"2020-12-22","purchased_purges":0,"victory":false,"max_hp_per_floor":[75,75,75,75,75,75,75,75,75,75,75,75,75,75,75,75,75],"card_choices":[{"not_picked":["Bloodletting","Heavy Blade","Armaments"],"picked":"SKIP","floor":1},{"not_picked":["Power Through","Pommel Strike"],"picked":"Second Wind","floor":2},{"not_picked":["Intimidate","Flex"],"picked":"Anger","floor":5},{"not_picked":["Cleave","Demon Form"],"picked":"Burning Pact","floor":7},{"not_picked":["True Grit","Warcry","Perfected Strike"],"picked":"SKIP","floor":8},{"not_picked":["Armaments","Inflame","Clothesline"],"picked":"SKIP","floor":10},{"not_picked":["Bloodletting","Armaments"],"picked":"Shrug It Off","floor":11},{"not_picked":["Sword Boomerang","Battle Trance"],"picked":"Feel No Pain","floor":12},{"not_picked":["Flex","Impervious","Entrench"],"picked":"SKIP","floor":13}],"player_experience":1525140,"relics_obtained":[{"floor":7,"key":"Nunchaku"},{"floor":9,"key":"Centennial Puzzle"},{"floor":13,"key":"Meat on the Bone"},{"floor":14,"key":"Mercury Hourglass"}],"event_choices":[{"cards_removed":["Strike_R"],"damage_healed":0,"gold_gain":0,"player_choice":"Card Removal","damage_taken":0,"max_hp_gain":0,"max_hp_loss":0,"event_name":"Wheel of Change","floor":3,"gold_loss":0}],"is_beta":false,"boss_relics":[],"items_purged_floors":[],"is_endless":false,"potions_floor_spawned":[1,2,11,12],"killed_by":"The Guardian","ascension_level":20}}