{"host":"d61fcf2p3sjwe6yo","time":1612811042,"event":{"mods":["BaseMod","Colored Map","Koishi","Marisa????????","Minty Spire (QoL Compilation)","StSLib","SuperFastMode","The Servant 0.9.4"],"gold_per_floor":[116,131,131,148,148,148,30,30,30,43,72,72,13,13,13],"floor_reached":14,"language":"ENG","playtime":730,"items_purged":["Koishi:BasicStrike"],"score":176,"play_id":"ce7445ff-f1e5-4a65-b2cc-005dc132917d","local_time":"20210208220402","is_ascension_mode":true,"campfire_choices":[{"data":"Koishi:RuptureMind","floor":6,"key":"SMITH"},{"data":"Koishi:PhantomBarrier","floor":8,"key":"SMITH"}],"circlet_count":0,"master_deck":["AscendersBane","Koishi:BasicDefend","Koishi:BasicDefend","Koishi:BasicDefend","Koishi:BasicDefend","Koishi:Provoke","Koishi:HauntingSlash","Koishi:PhantomBarrier+1","Koishi:RuptureMind+1","Koishi:YoukaiPolygraph","Koishi:Possession","Koishi:IdleWhim","Koishi:UnconsciousUprising","Koishi:PhantomStrike"],"relics":["Koishi:ImaginaryFriend","Koishi:AHoleWhereASisterShouldBe","Eternal Feather","Koishi:ImperfectMetamorphosis"],"acts_visited":["Exordium"],"potions_floor_usage":[14],"damage_taken":[{"damage":1,"enemies":"Small Slimes","floor":1,"turns":5},{"damage":0,"enemies":"2 Louse","floor":2,"turns":4},{"damage":2,"enemies":"Jaw Worm","floor":4,"turns":6},{"damage":10,"enemies":"Large Slime","floor":10,"turns":11},{"damage":30,"enemies":"Lagavulin","floor":11,"turns":10},{"damage":8,"enemies":"3 Sentries","floor":14,"turns":8}],"seed_played":"-6825126212831471052","potions_obtained":[{"floor":11,"key":"PowerPotion"}],"is_trial":false,"path_per_floor":["M","M","?","M","?","R","$","R","T","M","E","?","$","E"],"character_chosen":"KOISHI","items_purchased":["Koishi:YoukaiPolygraph","Koishi:PhantomStrike"],"campfire_rested":0,"item_purchase_floors":[7,13],"current_hp_per_floor":[56,57,46,46,46,46,46,46,46,42,20,13,13,5,5],"gold":13,"neow_bonus":"TEN_PERCENT_HP_BONUS","is_daily":false,"chose_seed":false,"campfire_upgraded":2,"win_rate":0.0,"timestamp":1612811042,"path_taken":["M","M","?","M","?","R","$","R","T","M","E","?","?","E"],"items_purchased_type":["Card","Card"],"build_version":"2020-12-22","purchased_purges":1,"victory":false,"max_hp_per_floor":[62,62,62,62,62,62,62,62,62,62,62,62,62,62,62],"card_choices":[{"not_picked":["Koishi:HeartfeltFancy","Koishi:DreadfulBlow"],"picked":"Koishi:PhantomBarrier","floor":1},{"not_picked":["Koishi:Prune","Koishi:UnansweredLove","Koishi:CatchAndRose"],"picked":"SKIP","floor":2},{"not_picked":["Koishi:EmbryosDream","Koishi:PhantomStrike"],"picked":"Koishi:RuptureMind","floor":4},{"not_picked":["Koishi:SubconsciousSweep","Koishi:GeneticsOfTheUnconscious"],"picked":"Koishi:SprinkleStarAndHeart","floor":10},{"not_picked":["Koishi:PredatoryInstincts","Koishi:Catatonia"],"picked":"Koishi:Possession","floor":11}],"player_experience":291051,"relics_obtained":[{"floor":9,"key":"Eternal Feather"},{"floor":11,"key":"Koishi:ImperfectMetamorphosis"}],"event_choices":[{"damage_healed":0,"gold_gain":0,"player_choice":"Success","damage_taken":11,"relics_obtained":["Koishi:AHoleWhereASisterShouldBe"],"max_hp_gain":0,"max_hp_loss":0,"event_name":"Scrap Ooze","floor":3,"gold_loss":0},{"cards_removed":["Koishi:BasicStrike"],"damage_healed":0,"gold_gain":0,"player_choice":"Forget","damage_taken":0,"max_hp_gain":0,"max_hp_loss":0,"event_name":"Living Wall","floor":5,"gold_loss":0},{"cards_removed":["Koishi:BasicStrike"],"damage_healed":0,"gold_gain":0,"player_choice":"Card Removal","damage_taken":7,"max_hp_gain":0,"max_hp_loss":0,"event_name":"Golden Wing","floor":12,"gold_loss":0}],"is_beta":false,"boss_relics":[],"items_purged_floors":[7],"is_endless":false,"potions_floor_spawned":[11],"killed_by":"3 Sentries","ascension_level":20}}