{"host":"u1ystlfkdtaqkn2r","time":1612765921,"event":{"mods":["ATMod(阿瑾Mod)","Act Like it!","Arknights","BaseMod","Colored Powertips","Friendly Minions","Gensokyo","GifTheSpireLib","Jedi Mod","Koishi","KomeijiMod","Luminous","Minty Spire (QoL Compilation)","Pale of the Ancients","Prisma Mod","Replay The Spire","RumiaBox-露米娅的神秘盒子","Spicy Shops","StSLib","SuperFastMode","UnlockEverythingMod","WarShipGirlsR/战舰少女R mod","Warlord Emblem","Yakumo Yukari mod","【遗物卡牌】REMEMod"],"gold_per_floor":[117,131,131,146,146,146,174,184,184,184,1,1,33,48,48,352,352],"floor_reached":16,"language":"ZHS","playtime":794,"items_purged":[],"score":110,"play_id":"6f1c2e7c-32dd-46d8-8965-9f91ee9f2cdb","local_time":"20210208143201","is_ascension_mode":false,"campfire_choices":[{"data":"ats:Composite Medical Shells","floor":6.0,"key":"SMITH"},{"data":"ats:Charging Defense","floor":12.0,"key":"SMITH"},{"data":"ats:Healing Strengthening","floor":15.0,"key":"SMITH"}],"circlet_count":0,"master_deck":["ats:Strike C","ats:Strike G","ats:Strike S","ats:Strike V","ats:Armor Crushing Shot","ats:Defend","ats:Defend","ats:Defend","ats:Defend","ats:Emotion Absorption","ats:Composite Medical Shells+1","ats:Apocalypse+1","ats:Charging Defense+1","Gensokyo:BlemishedSteel","ats:Healing Strengthening+1","ats:Encircling Forest"],"relics":["ats:Sanity","AT_ATBox","REME_ComplimentaryCards","Gensokyo:OccultBall","ats:Originium","Sundial","Bag of Marbles","Replay:Bandana","Omamori"],"acts_visited":["Gensokyo:Gensokyo"],"potions_floor_usage":[16],"damage_taken":[{"damage":1.0,"enemies":"Gensokyo:Python","floor":1.0,"turns":4.0},{"damage":2.0,"enemies":"Gensokyo:2_Kodama","floor":2.0,"turns":6.0},{"damage":24.0,"enemies":"Gensokyo:Gryphon","floor":4.0,"turns":6.0},{"damage":62.0,"enemies":"Gensokyo:Mamizou","floor":7.0,"turns":12.0},{"damage":16.0,"enemies":"Gensokyo:Kitsune","floor":8.0,"turns":5.0},{"damage":44.0,"enemies":"Gensokyo:Aya","floor":13.0,"turns":6.0},{"damage":0.0,"enemies":"Gensokyo:LivingMonolith","floor":14.0,"turns":7.0},{"damage":54,"enemies":"Gensokyo:Kokoro","floor":16,"turns":13}],"seed_played":"3102419170650351929","potions_obtained":[{"floor":7.0,"key":"jedi:StrikingPotion"},{"floor":13.0,"key":"Swift Potion"}],"is_trial":false,"path_per_floor":["M","M","?","M","?","R","E","M","T","?","COS","R","E","M","R","B"],"character_chosen":"DOCTOR_CLASS","items_purchased":[],"campfire_rested":0,"item_purchase_floors":[],"current_hp_per_floor":[78,76,76,67,67,67,41,31,31,46,46,46,8,21,21,0,0],"gold":352,"neow_bonus":"TEN_PERCENT_HP_BONUS","is_daily":false,"chose_seed":false,"campfire_upgraded":3,"win_rate":0.0,"timestamp":1612765921,"path_taken":["M","M","?","?","?","R","E","?","T","?","COS","R","E","M","R","BOSS"],"items_purchased_type":[],"build_version":"2020-12-22","purchased_purges":0,"victory":false,"max_hp_per_floor":[79,79,79,79,79,79,79,79,79,79,79,79,79,79,79,79,79],"card_choices":[{"not_picked":["ats:Ignite","ats:Explosion Area Strengthen"],"picked":"ats:Composite Medical Shells","floor":1.0},{"not_picked":["ats:Demon Strength","ats:Curse Doll","ats:Chain Hook"],"picked":"SKIP","floor":2.0},{"not_picked":["ats:Absolute Focus","ats:Leaping Hammer","ats:Explosion Area Strengthen"],"picked":"SKIP","floor":4.0},{"not_picked":["ats:Cat Scratch","ats:Closed Bolt Burst Fire","ats:Hammer On"],"picked":"SKIP","floor":7.0},{"not_picked":["ats:Hammer On","ats:Guard Mode"],"picked":"ats:Charging Defense","floor":8.0},{"not_picked":["ats:Collapsing Strike","ats:Hook Shot"],"picked":"ats:Healing Strengthening","floor":13.0},{"not_picked":["ats:Song Of Battle","ats:Flame Of Heaven"],"picked":"ats:Encircling Forest","floor":14.0}],"player_experience":192219,"relics_obtained":[{"floor":7.0,"key":"Gensokyo:OccultBall"},{"floor":7.0,"key":"ats:Originium"},{"floor":7.0,"key":"Sundial"},{"floor":9.0,"key":"Bag of Marbles"},{"floor":13.0,"key":"ats:Originium"},{"floor":13.0,"key":"Replay:Bandana"}],"event_choices":[],"is_beta":false,"boss_relics":[],"items_purged_floors":[],"is_endless":false,"potions_floor_spawned":[7,13],"killed_by":"Gensokyo:Kokoro","ascension_level":0}}