{"host":"lktusdb9orijgc6z","time":1612811861,"event":{"mods":["BaseMod","Bestiary","Colored Map","Colored Powertips","Minty Spire (QoL Compilation)","Permanent Neow","Quick Restart","Relic Stats","StSLib","everything is the same but u backflip on backflip","slay the spire mod where everything is the same but ironclad has a cowboy hat"],"gold_per_floor":[109,125,144,161,161,188,188,204,204,204,232,250,277,292,292,292,292],"floor_reached":16,"language":"ENG","playtime":648,"items_purged":[],"score":211,"play_id":"74be7449-05af-4cce-b136-a73df8d447cb","local_time":"20210208201741","is_ascension_mode":true,"campfire_choices":[{"data":"Metallicize","floor":7.0,"key":"SMITH"},{"floor":10.0,"key":"REST"},{"data":"Fire Breathing","floor":15,"key":"SMITH"}],"circlet_count":0,"master_deck":["AscendersBane","Strike_R","Strike_R","Strike_R","Strike_R","Strike_R","Defend_R","Defend_R","Defend_R","Bash","Bloodletting","Twin Strike","Shrug It Off","Sentinel","Metallicize+1","Immolate","Combust","Fire Breathing+1","Brutality","Anger"],"relics":["Burning Blood","NeowsBlessing","The Courier","Orichalcum","Vajra","Pear"],"acts_visited":[],"potions_floor_usage":[11,11,16,16],"damage_taken":[{"damage":0.0,"enemies":"Cultist","floor":1.0,"turns":1.0},{"damage":0.0,"enemies":"2 Louse","floor":2.0,"turns":1.0},{"damage":0.0,"enemies":"Jaw Worm","floor":3.0,"turns":1.0},{"damage":15.0,"enemies":"Blue Slaver","floor":4.0,"turns":6.0},{"damage":33.0,"enemies":"3 Sentries","floor":6.0,"turns":10.0},{"damage":31.0,"enemies":"Large Slime","floor":8.0,"turns":9.0},{"damage":14,"enemies":"Gremlin Nob","floor":11,"turns":4},{"damage":4,"enemies":"Exordium Thugs","floor":12,"turns":5},{"damage":14,"enemies":"3 Sentries","floor":13,"turns":4},{"damage":11,"enemies":"3 Louse","floor":14,"turns":2},{"damage":27,"enemies":"Hexaghost","floor":16,"turns":8}],"seed_played":"3302579533358643816","potions_obtained":[{"floor":1.0,"key":"FearPotion"},{"floor":6.0,"key":"Swift Potion"},{"floor":12,"key":"FearPotion"},{"floor":14,"key":"BlessingOfTheForge"}],"is_trial":false,"path_per_floor":["M","M","M","M","?","E","R","M","T","R","E","M","E","M","R","B"],"character_chosen":"IRONCLAD","items_purchased":[],"campfire_rested":1,"item_purchase_floors":[],"current_hp_per_floor":[74,75,75,66,66,39,39,14,14,36,28,30,32,27,27,0,0],"gold":292,"neow_bonus":"THREE_ENEMY_KILL","is_daily":false,"chose_seed":false,"campfire_upgraded":2,"win_rate":0.0,"timestamp":1612811861,"path_taken":["M","?","M","?","?","E","R","M","T","R","E","M","E","M","R","BOSS"],"items_purchased_type":[],"build_version":"2020-12-22","purchased_purges":0,"victory":false,"max_hp_per_floor":[75,75,75,75,75,75,75,75,75,75,75,75,85,85,85,85,85],"relic_stats":{"counters":[5,23],"Orichalcum":[72],"obtain_stats":[{"Pear":13,"NeowsBlessing":0,"Vajra":11,"The Courier":0,"Orichalcum":0,"Burning Blood":0},{"Pear":3,"NeowsBlessing":0,"Vajra":1,"The Courier":0,"Orichalcum":0,"Burning Blood":0},{"Pear":13,"NeowsBlessing":0,"Vajra":4,"The Courier":0,"Orichalcum":0,"Burning Blood":0}],"Burning Blood":24},"card_choices":[{"not_picked":["Headbutt","Rupture"],"picked":"Bloodletting","floor":1.0},{"not_picked":["Sentinel","True Grit"],"picked":"Twin Strike","floor":2.0},{"not_picked":["Wild Strike","Evolve","Clash"],"picked":"SKIP","floor":3.0},{"not_picked":["Headbutt","Armaments"],"picked":"Shrug It Off","floor":4.0},{"not_picked":["Havoc","Fire Breathing"],"picked":"Metallicize","floor":6.0},{"not_picked":["Rupture","Inflame"],"picked":"Immolate","floor":8.0},{"not_picked":["Intimidate","Power Through"],"picked":"Combust","floor":11},{"not_picked":["Warcry","Rampage"],"picked":"Fire Breathing","floor":12},{"not_picked":["Armaments","Warcry"],"picked":"Brutality","floor":13},{"not_picked":["Flex","Heavy Blade"],"picked":"Anger","floor":14}],"player_experience":773145,"relics_obtained":[{"floor":6.0,"key":"The Courier"},{"floor":9.0,"key":"Orichalcum"},{"floor":11,"key":"Vajra"},{"floor":13,"key":"Pear"}],"event_choices":[{"damage_healed":0.0,"max_hp_gain":0.0,"max_hp_loss":0.0,"gold_gain":0.0,"cards_transformed":["Defend_R"],"event_name":"Living Wall","player_choice":"Change","floor":5.0,"gold_loss":0.0,"damage_taken":0.0,"cards_obtained":["Sentinel"]}],"is_beta":false,"boss_relics":[],"items_purged_floors":[],"is_endless":false,"potions_floor_spawned":[1,6,12,14],"killed_by":"Hexaghost","ascension_level":14}}