{"host":"n605f8gctjc87d7h","time":1612803438,"event":{"mods":["Aspiration","Bard","BaseMod","Better Match","Better Note","Better Skull","Better Third Choice","Conspire","Downfall","Halation","Hermit","Infinite Spire","Minty Spire (QoL Compilation)","Reliquary","Replay The Spire","Retaliation","Shade Mod","Spicy Shops","StSLib","The IronCluck","The Jungle","The Runesmith"],"gold_per_floor":[119,119,139,139,151,151,151,177,225,59,59,79,96,110,110,189,189,206,206,206,220,220,220],"floor_reached":22,"language":"ENG","playtime":1039,"items_purged":[],"score":335,"play_id":"db58584d-3254-486d-8eed-fefc65692590","local_time":"20210208085718","is_ascension_mode":true,"campfire_choices":[{"data":"Genetic Algorithm","floor":6,"key":"SMITH"},{"floor":11,"key":"REST"},{"floor":15,"key":"REST"}],"circlet_count":0,"master_deck":["AscendersBane","Strike_B","Strike_B","Strike_B","Strike_B+1","Defend_B","Defend_B","Defend_B","Defend_B","Zap","Dualcast","Genetic Algorithm+1","Static Discharge","Chill","Doom and Gloom","Defragment+1","Leap"],"relics":["Cracked Core","Omamori","WarpedTongs","aspiration:TomeofQuesting","halation:Gekota","Runesmith:AutoHammer","Gremlin Food","sneckomod:BabySnecko","reliquary:BoilingFlask"],"acts_visited":["Exordium","TheCity"],"potions_floor_usage":[16,18,22],"damage_taken":[{"damage":6,"enemies":"Cultist","floor":1,"turns":4},{"damage":5,"enemies":"Small Slimes","floor":3,"turns":4},{"damage":2,"enemies":"Jaw Worm","floor":5,"turns":4},{"damage":22,"enemies":"3 Sentries","floor":8,"turns":7},{"damage":5,"enemies":"Exordium Wildlife","floor":12,"turns":3},{"damage":7,"enemies":"Exordium Thugs","floor":13,"turns":4},{"damage":0,"enemies":"Looter","floor":14,"turns":4},{"damage":25,"enemies":"Slime Boss","floor":16,"turns":6},{"damage":37,"enemies":"3 Byrds","floor":18,"turns":3},{"damage":6,"enemies":"Chosen","floor":21,"turns":5},{"damage":21,"enemies":"Snake Plant","floor":22,"turns":2}],"seed_played":"-3740337273106638448","potions_obtained":[{"floor":1,"key":"Explosive Potion"},{"floor":13,"key":"DistilledChaos"},{"floor":14,"key":"hexamod:SoulburnPotion"},{"floor":16,"key":"Swift Potion"},{"floor":18,"key":"Strength Potion"}],"is_trial":false,"path_per_floor":["M","?","M","?","M","R","T","E","T","$","R","M","M","M","R","B",null,"M","?","T","M","M"],"character_chosen":"DEFECT","items_purchased":["Gremlin Food"],"campfire_rested":2,"item_purchase_floors":[10],"current_hp_per_floor":[58,58,53,53,51,51,51,29,29,29,50,45,38,38,59,34,62,25,25,25,19,0,0],"gold":220,"neow_bonus":"RANDOM_COMMON_RELIC","is_daily":false,"chose_seed":false,"campfire_upgraded":1,"win_rate":0.0,"timestamp":1612803438,"path_taken":["M","?","M","?","?","R","?","E","T","$","R","M","M","M","R","BOSS","M","?","?","M","?"],"items_purchased_type":["Relic"],"build_version":"2020-12-22","purchased_purges":0,"victory":false,"max_hp_per_floor":[71,71,71,71,71,71,71,71,71,71,71,71,71,71,71,71,71,71,71,71,71,71,71],"card_choices":[{"not_picked":["FIFO Queue","ReplayTheSpireMod:Reroute Power"],"picked":"Genetic Algorithm","floor":1},{"not_picked":["Scrape","Panic Button"],"picked":"Static Discharge","floor":3},{"not_picked":["BasicCrystalCard","Redo"],"picked":"Chill","floor":5},{"not_picked":["Turbo","Sweeping Beam"],"picked":"Doom and Gloom","floor":8},{"not_picked":["Redo","Ball Lightning","Go for the Eyes"],"picked":"SKIP","floor":12},{"not_picked":["Steam","Hologram","ReplayTheSpireMod:Dual Polarity"],"picked":"SKIP","floor":13},{"not_picked":["Seek","Consume"],"picked":"Defragment","floor":14},{"not_picked":["ReplaySolidLightProjector","Coolheaded"],"picked":"Leap","floor":18},{"not_picked":["conspire:SharedLibrary","Doom and Gloom","Blizzard"],"picked":"SKIP","floor":21}],"player_experience":843401,"relics_obtained":[{"floor":7,"key":"aspiration:TomeofQuesting"},{"floor":8,"key":"halation:Gekota"},{"floor":9,"key":"Runesmith:AutoHammer"},{"floor":20,"key":"reliquary:BoilingFlask"}],"event_choices":[{"damage_healed":0,"gold_gain":0,"player_choice":"Rummage","damage_taken":0,"relics_obtained":["WarpedTongs"],"max_hp_gain":0,"max_hp_loss":0,"event_name":"Accursed Blacksmith","floor":4,"gold_loss":0,"cards_obtained":["Pain"]}],"is_beta":false,"boss_relics":[{"not_picked":["halation:MonkeysPaw","halation:PlatinumPhoenix","reliquary:RedPaperclip"]}],"items_purged_floors":[],"is_endless":false,"potions_floor_spawned":[1,13,14,16,18],"killed_by":"Snake Plant","ascension_level":16}}