{"host":"v6bx4j78sqvho3ll","time":1612826219,"event":{"mods":["AchievementEnabler","BaseMod","Colored Map","Colored Powertips","Minty Spire (QoL Compilation)","Relic Stats","StSLib"],"gold_per_floor":[114,125,135,11,86,121,121,140,208,208,208,241,255,271,271,370,370,386,386,386,398,70,70,104,104,130,53,53,53,53,68,68,68,68],"floor_reached":33,"language":"ENG","playtime":2091,"items_purged":["Strike_B","Defend_B"],"score":273,"play_id":"bfe5d67d-b4d9-4ee2-861b-fa2133149359","local_time":"20210209001659","is_ascension_mode":false,"campfire_choices":[{"data":"Sunder","floor":7.0,"key":"SMITH"},{"data":"Hologram","floor":11.0,"key":"SMITH"},{"floor":15.0,"key":"REST"},{"data":"Rainbow","floor":23.0,"key":"SMITH"},{"data":"Defragment","floor":30.0,"key":"SMITH"},{"floor":32.0,"key":"REST"}],"circlet_count":0,"master_deck":["Defend_B","Defend_B","Zap","Dualcast","BootSequence","Conserve Battery","Doom and Gloom","Cold Snap","Sunder+1","Hologram+1","Capacitor","Gash","Rebound","Amplify","Stack+1","Rainbow+1","Undo","Gash","Defragment+1","Heatsinks","Reboot","Coolheaded+1"],"relics":["Empty Cage","Du-Vu Doll","Bottled Lightning","Happy Flower","Black Star","Bronze Scales","Oddly Smooth Stone","Strawberry","Lantern","Juzu Bracelet"],"acts_visited":["Exordium","TheCity"],"potions_floor_usage":[33],"damage_taken":[{"damage":8.0,"enemies":"Cultist","floor":1.0,"turns":5.0},{"damage":0.0,"enemies":"Jaw Worm","floor":2.0,"turns":5.0},{"damage":2.0,"enemies":"2 Louse","floor":3.0,"turns":3.0},{"damage":23.0,"enemies":"Gremlin Nob","floor":6.0,"turns":4.0},{"damage":3.0,"enemies":"Blue Slaver","floor":8.0,"turns":3.0},{"damage":7.0,"enemies":"3 Sentries","floor":12.0,"turns":6.0},{"damage":3.0,"enemies":"Gremlin Gang","floor":13.0,"turns":3.0},{"damage":5.0,"enemies":"Exordium Wildlife","floor":14.0,"turns":3.0},{"damage":15.0,"enemies":"Slime Boss","floor":16.0,"turns":10.0},{"damage":1.0,"enemies":"Chosen","floor":18.0,"turns":6.0},{"damage":18.0,"enemies":"Shell Parasite","floor":21.0,"turns":5.0},{"damage":29.0,"enemies":"Book of Stabbing","floor":24.0,"turns":7.0},{"damage":4.0,"enemies":"Centurion and Healer","floor":31.0,"turns":8.0},{"damage":59,"enemies":"Collector","floor":33,"turns":7}],"seed_played":"5581698423324506126","potions_obtained":[{"floor":1.0,"key":"SmokeBomb"},{"floor":3.0,"key":"ColorlessPotion"},{"floor":8.0,"key":"FocusPotion"},{"floor":12.0,"key":"Fire Potion"},{"floor":16.0,"key":"SpeedPotion"},{"floor":18.0,"key":"GamblersBrew"},{"floor":31.0,"key":"Weak Potion"}],"is_trial":false,"path_per_floor":["M","M","M","$","?","E","R","M","T","?","R","E","M","M","R","B",null,"M","?","?","M","$","R","E","?","T","$","?","?","R","M","R","B"],"character_chosen":"DEFECT","items_purchased":["Cold Snap","Oddly Smooth Stone","Rainbow","Defragment"],"campfire_rested":2,"item_purchase_floors":[4,22,22,27],"current_hp_per_floor":[67,67,65,65,54,31,31,28,28,53,53,46,43,38,60,45,75,74,74,75,57,57,57,35,35,35,35,35,35,35,31,55,0,0],"gold":68,"neow_bonus":"BOSS_RELIC","is_daily":false,"chose_seed":false,"campfire_upgraded":4,"win_rate":0.0,"timestamp":1612826219,"path_taken":["M","M","M","$","?","E","R","M","T","?","R","E","M","M","R","BOSS","M","?","?","?","$","R","E","?","T","$","?","?","R","M","R","BOSS"],"items_purchased_type":["Card","Relic","Card","Card"],"build_version":"2020-12-13","purchased_purges":2,"victory":false,"max_hp_per_floor":[75,75,75,75,75,75,75,75,75,75,75,75,75,75,75,75,75,75,75,75,75,75,75,82,82,82,82,82,82,82,82,82,82,82],"relic_stats":{"Happy Flower":[16],"counters":[14,75],"Bronze Scales":[108],"Black Star":1,"Juzu Bracelet":1,"obtain_stats":[{"Du-Vu Doll":6,"Lantern":24,"Happy Flower":12,"Bronze Scales":19,"Strawberry":24,"Oddly Smooth Stone":22,"Black Star":17,"Juzu Bracelet":26,"Bottled Lightning":9,"Cracked Core":0,"Empty Cage":0},{"Du-Vu Doll":4,"Lantern":12,"Happy Flower":6,"Bronze Scales":10,"Strawberry":12,"Oddly Smooth Stone":11,"Black Star":9,"Juzu Bracelet":12,"Bottled Lightning":5,"Cracked Core":0,"Empty Cage":0},{"Du-Vu Doll":17,"Lantern":60,"Happy Flower":26,"Bronze Scales":48,"Strawberry":60,"Oddly Smooth Stone":53,"Black Star":42,"Juzu Bracelet":60,"Bottled Lightning":20,"Cracked Core":0,"Empty Cage":0}]},"card_choices":[{"not_picked":["Reinforced Body","Blizzard"],"picked":"BootSequence","floor":1.0},{"not_picked":["Force Field","Chaos"],"picked":"Conserve Battery","floor":2.0},{"not_picked":["Steam Power","Turbo"],"picked":"Doom and Gloom","floor":3.0},{"not_picked":["Gash","Sweeping Beam"],"picked":"Sunder","floor":6.0},{"not_picked":["Go for the Eyes","Sweeping Beam"],"picked":"Hologram","floor":8.0},{"not_picked":["Cold Snap","BootSequence"],"picked":"Capacitor","floor":12.0},{"not_picked":["Sweeping Beam","Storm"],"picked":"Gash","floor":13.0},{"not_picked":["Steam","Reinforced Body"],"picked":"Rebound","floor":14.0},{"not_picked":["Fission","Reboot"],"picked":"Amplify","floor":16.0},{"not_picked":["Auto Shields","Go for the Eyes+1"],"picked":"Beam Cell+1","floor":18.0},{"not_picked":["Beam Cell","Skim"],"picked":"Stack+1","floor":21.0},{"not_picked":["Stack+1","Multi-Cast"],"picked":"Undo","floor":24.0},{"not_picked":["Compile Driver","Conserve Battery"],"picked":"Coolheaded+1","floor":31.0}],"player_experience":38365,"relics_obtained":[{"floor":6.0,"key":"Du-Vu Doll"},{"floor":9.0,"key":"Bottled Lightning"},{"floor":12.0,"key":"Happy Flower"},{"floor":24.0,"key":"Strawberry"},{"floor":24.0,"key":"Lantern"},{"floor":26.0,"key":"Juzu Bracelet"}],"event_choices":[{"damage_healed":0.0,"max_hp_gain":0.0,"max_hp_loss":0.0,"gold_gain":75.0,"event_name":"World of Goop","player_choice":"Gather Gold","floor":5.0,"gold_loss":0.0,"damage_taken":11.0},{"damage_healed":25.0,"max_hp_gain":0.0,"max_hp_loss":0.0,"gold_gain":0.0,"event_name":"Big Fish","player_choice":"Banana","floor":10.0,"gold_loss":0.0,"damage_taken":0.0},{"damage_healed":0.0,"max_hp_gain":0.0,"max_hp_loss":0.0,"gold_gain":0.0,"event_name":"The Mausoleum","player_choice":"Opened","floor":19.0,"gold_loss":0.0,"damage_taken":0.0,"relics_obtained":["Bronze Scales"]},{"cards_removed":["Beam Cell"],"damage_healed":5.0,"max_hp_gain":0.0,"max_hp_loss":0.0,"gold_gain":0.0,"event_name":"Bonfire Elementals","player_choice":"Offered Common","floor":20.0,"gold_loss":0.0,"damage_taken":0.0},{"cards_removed":["Beam Cell"],"damage_healed":5.0,"max_hp_gain":0.0,"max_hp_loss":0.0,"gold_gain":0.0,"event_name":"Bonfire Elementals","player_choice":"Offered Special","floor":20.0,"gold_loss":0.0,"damage_taken":0.0},{"damage_healed":0.0,"max_hp_gain":0.0,"max_hp_loss":0.0,"gold_gain":0.0,"event_name":"The Library","player_choice":"Read","floor":25.0,"gold_loss":0.0,"damage_taken":0.0,"cards_obtained":["Gash"]},{"damage_healed":0.0,"max_hp_gain":0.0,"max_hp_loss":0.0,"gold_gain":0.0,"event_name":"NoteForYourself","player_choice":"Ignored","floor":28.0,"gold_loss":0.0,"damage_taken":0.0},{"damage_healed":0.0,"max_hp_gain":0.0,"max_hp_loss":0.0,"gold_gain":0.0,"cards_transformed":["Strike_B","Defend_B"],"event_name":"Drug Dealer","player_choice":"Became Test Subject","floor":29.0,"gold_loss":0.0,"damage_taken":0.0,"cards_obtained":["Heatsinks","Reboot"]}],"is_beta":false,"boss_relics":[{"not_picked":["Sozu","Snecko Eye"],"picked":"Black Star"}],"items_purged_floors":[4,22],"is_endless":false,"potions_floor_spawned":[1,3,8,12,16,18,31],"killed_by":"Collector","ascension_level":0}}