{"host":"oehe2dxjvdgux73m","time":1612796874,"event":{"mods":["AchievementEnabler","BaseMod","Colored Map","Colored Powertips","DeckTracker","Keyboard Shortcuts","Minty Spire (QoL Compilation)","Permanent Neow","Quick Restart","StSLib","SuperFastMode"],"gold_per_floor":[111,36,46,46,62,62,92,110,110,110,130,148,148,158,158,233,233,207,207,225,150,11,11,46,46,123,223,223,123,123,138,138,212,212,225,235,255,275,300,325,335,60,60,70,80,97,97,114,114,114,114,114],"floor_reached":51,"language":"KOR","playtime":1561,"items_purged":["Parasite","Strike_G"],"score":1331,"play_id":"a886112a-34e7-45ba-9005-7c25693fcf3e","local_time":"20210209000754","is_ascension_mode":true,"campfire_choices":[{"data":"Cloak And Dagger","floor":6.0,"key":"SMITH"},{"floor":10.0,"key":"REST"},{"data":"Neutralize","floor":15.0,"key":"SMITH"},{"data":"After Image","floor":23.0,"key":"SMITH"},{"data":"Cloak And Dagger","floor":25.0,"key":"SMITH"},{"floor":32.0,"key":"REST"},{"data":"Prepared","floor":47.0,"key":"SMITH"},{"floor":49,"key":"RECALL"}],"circlet_count":0,"master_deck":["AscendersBane","Defend_G","Defend_G","Defend_G","Defend_G","Survivor","Neutralize+1","Adrenaline","Cloak And Dagger+1","PiercingWail","Crippling Poison","Cloak And Dagger+1","Accuracy","Accuracy","Backflip","After Image+1","Finisher","Cloak And Dagger+1","Dodge and Roll+1","Terror","Phantasmal Killer+1","Quick Slash+1","Tactician+1","Acrobatics+1","PiercingWail","Cloak And Dagger+1","Blade Dance","Prepared+1","Reflex","Backflip","Parasite","Blade Dance"],"relics":["Ring of the Snake","Pen Nib","Mercury Hourglass","Runic Dome","Ornamental Fan","Letter Opener","Lizard Tail","Sundial","Astrolabe","Tingsha","Unceasing Top","Shuriken"],"acts_visited":["Exordium","TheCity","TheBeyond"],"potions_floor_usage":[50],"damage_taken":[{"damage":0.0,"enemies":"2 Louse","floor":1.0,"turns":6.0},{"damage":8.0,"enemies":"Jaw Worm","floor":3.0,"turns":8.0},{"damage":5.0,"enemies":"Small Slimes","floor":5.0,"turns":5.0},{"damage":28.0,"enemies":"Lagavulin","floor":7.0,"turns":7.0},{"damage":0.0,"enemies":"2 Fungi Beasts","floor":8.0,"turns":3.0},{"damage":0.0,"enemies":"Lots of Slimes","floor":11.0,"turns":3.0},{"damage":0.0,"enemies":"3 Louse","floor":12.0,"turns":2.0},{"damage":0.0,"enemies":"Blue Slaver","floor":14.0,"turns":3.0},{"damage":34.0,"enemies":"Hexaghost","floor":16.0,"turns":10.0},{"damage":0.0,"enemies":"2 Thieves","floor":18.0,"turns":4.0},{"damage":0.0,"enemies":"Chosen","floor":20.0,"turns":4.0},{"damage":5.0,"enemies":"Book of Stabbing","floor":24.0,"turns":5.0},{"damage":11.0,"enemies":"Colosseum Slavers","floor":27.0,"turns":4.0},{"damage":10.0,"enemies":"Colosseum Nobs","floor":27.0,"turns":4.0},{"damage":4.0,"enemies":"Shelled Parasite and Fungi","floor":31.0,"turns":4.0},{"damage":51.0,"enemies":"Collector","floor":33.0,"turns":8.0},{"damage":0.0,"enemies":"3 Shapes","floor":35.0,"turns":4.0},{"damage":0.0,"enemies":"Orb Walker","floor":36.0,"turns":3.0},{"damage":0.0,"enemies":"Transient","floor":37.0,"turns":6.0},{"damage":0.0,"enemies":"3 Darklings","floor":38.0,"turns":4.0},{"damage":0.0,"enemies":"Mind Bloom Boss Battle","floor":39.0,"turns":6.0},{"damage":12.0,"enemies":"Nemesis","floor":40.0,"turns":7.0},{"damage":1.0,"enemies":"Spire Growth","floor":41.0,"turns":3.0},{"damage":13.0,"enemies":"Maw","floor":44.0,"turns":5.0},{"damage":0.0,"enemies":"Writhing Mass","floor":45.0,"turns":3.0},{"damage":2.0,"enemies":"Spire Growth","floor":46.0,"turns":3.0},{"damage":0,"enemies":"3 Darklings","floor":48,"turns":3},{"damage":13,"enemies":"Donu and Deca","floor":50,"turns":7},{"damage":18,"enemies":"Awakened One","floor":51,"turns":2}],"seed_played":"6661028603950322311","potions_obtained":[{"floor":3.0,"key":"AttackPotion"},{"floor":5.0,"key":"PowerPotion"},{"floor":14.0,"key":"PowerPotion"},{"floor":27.0,"key":"EssenceOfSteel"},{"floor":36.0,"key":"SneckoOil"},{"floor":37.0,"key":"Strength Potion"},{"floor":40.0,"key":"Ancient Potion"},{"floor":44.0,"key":"Dexterity Potion"}],"is_trial":false,"path_per_floor":["M","$","M","?","M","R","E","M","T","R","M","M","?","M","R","B",null,"M","?","M","?","$","R","E","R","T","?","?","$","?","M","R","B",null,"M","M","M","M","?","E","M","$","T","M","M","M","R","M","R","B","B"],"character_chosen":"THE_SILENT","items_purchased":["Cloak And Dagger","DistilledChaos","Shuriken"],"campfire_rested":2,"item_purchase_floors":[22,22,42],"current_hp_per_floor":[59,59,51,51,46,46,18,18,18,36,36,36,36,36,36,2,48,48,48,48,48,48,48,43,43,43,22,22,22,22,18,36,31,55,55,55,55,55,55,43,42,42,42,29,29,27,27,27,27,14,0,0],"gold":114,"neow_bonus":"TRANSFORM_TWO_CARDS","is_daily":false,"chose_seed":false,"campfire_upgraded":5,"win_rate":0.0,"timestamp":1612796874,"path_taken":["M","$","M","?","M","R","E","M","T","R","M","M","?","M","R","BOSS","M","?","M","?","$","R","E","R","T","?","?","$","?","M","R","BOSS","M","?","M","M","?","E","M","$","T","M","M","M","R","M","R","BOSS","BOSS"],"items_purchased_type":["Card","Potion","Relic"],"build_version":"2020-12-22","purchased_purges":2,"victory":false,"max_hp_per_floor":[66,63,63,63,63,63,63,63,63,63,63,63,63,63,63,63,63,63,63,63,63,63,63,63,63,63,63,63,63,63,63,63,63,63,63,63,63,63,63,63,63,63,63,63,63,63,63,63,63,63,63,63],"card_choices":[{"not_picked":["Distraction","Dodge and Roll"],"picked":"PiercingWail","floor":1.0},{"not_picked":["Slice","Cloak And Dagger"],"picked":"Crippling Poison","floor":3.0},{"not_picked":["Prepared","Poisoned Stab"],"picked":"Masterful Stab","floor":5.0},{"not_picked":["Acrobatics","Prepared"],"picked":"Cloak And Dagger","floor":7.0},{"not_picked":["Deflect","Deadly Poison"],"picked":"Accuracy","floor":8.0},{"not_picked":["Noxious Fumes","Outmaneuver"],"picked":"Accuracy","floor":11.0},{"not_picked":["Sucker Punch","Flechettes"],"picked":"Backflip","floor":12.0},{"not_picked":["Unload","Flying Knee","Reflex"],"picked":"SKIP","floor":14.0},{"not_picked":["Phantasmal Killer","Corpse Explosion"],"picked":"After Image","floor":16.0},{"not_picked":["Dagger Throw","Choke"],"picked":"Deadly Poison+1","floor":18.0},{"not_picked":["Flying Knee","Cloak And Dagger"],"picked":"Finisher","floor":20.0},{"not_picked":["Dash","Deflect+1"],"picked":"Dodge and Roll+1","floor":24.0},{"not_picked":["Dagger Spray","Backflip"],"picked":"Terror","floor":27.0},{"not_picked":["Sucker Punch","Dagger Throw+1","Dodge and Roll"],"picked":"SKIP","floor":31.0},{"not_picked":["Outmaneuver","Quick Slash+1"],"picked":"Acrobatics+1","floor":35.0},{"not_picked":["Cloak And Dagger","Poisoned Stab"],"picked":"PiercingWail","floor":36.0},{"not_picked":["Dodge and Roll","Riddle With Holes"],"picked":"Cloak And Dagger+1","floor":37.0},{"not_picked":["Bane","Venomology","Deflect"],"picked":"SKIP","floor":38.0},{"not_picked":["Deadly Poison+1","Underhanded Strike"],"picked":"Blade Dance","floor":39.0},{"not_picked":["Riddle With Holes","Dash"],"picked":"Prepared","floor":40.0},{"not_picked":["Escape Plan","Dagger Throw+1"],"picked":"Reflex","floor":41.0},{"not_picked":["Deadly Poison","Underhanded Strike"],"picked":"Backflip","floor":44.0},{"not_picked":["Dagger Throw","Finisher","Dodge and Roll"],"picked":"SKIP","floor":45.0},{"not_picked":["Slice+1","Reflex","Dagger Throw+1"],"picked":"SKIP","floor":46.0},{"not_picked":["Storm of Steel","Calculated Gamble"],"picked":"Blade Dance","floor":48}],"player_experience":421628,"relics_obtained":[{"floor":7.0,"key":"Pen Nib"},{"floor":9.0,"key":"Mercury Hourglass"},{"floor":24.0,"key":"Ornamental Fan"},{"floor":26.0,"key":"Letter Opener"},{"floor":27.0,"key":"Lizard Tail"},{"floor":27.0,"key":"Sundial"},{"floor":39.0,"key":"Tingsha"},{"floor":40.0,"key":"Unceasing Top"}],"event_choices":[{"damage_healed":0.0,"max_hp_gain":0.0,"max_hp_loss":0.0,"gold_gain":0.0,"event_name":"The Cleric","player_choice":"Leave","floor":4.0,"gold_loss":0.0,"damage_taken":0.0},{"damage_healed":0.0,"max_hp_gain":0.0,"max_hp_loss":0.0,"gold_gain":0.0,"event_name":"Living Wall","player_choice":"Grow","floor":13.0,"gold_loss":0.0,"damage_taken":0.0,"cards_upgraded":["Cloak And Dagger"]},{"damage_healed":0.0,"max_hp_gain":0.0,"max_hp_loss":0.0,"gold_gain":0.0,"event_name":"Ghosts","player_choice":"Ignored","floor":19.0,"gold_loss":0.0,"damage_taken":0.0},{"cards_removed":["Strike_G"],"damage_healed":0.0,"max_hp_gain":0.0,"max_hp_loss":0.0,"gold_gain":0.0,"event_name":"Beggar","player_choice":"Gave Gold","floor":21.0,"gold_loss":75.0,"damage_taken":0.0},{"damage_healed":0.0,"max_hp_gain":0.0,"max_hp_loss":0.0,"gold_gain":0.0,"event_name":"Colosseum","player_choice":"Fight","floor":27.0,"gold_loss":0.0,"damage_taken":0.0},{"damage_healed":0.0,"max_hp_gain":0.0,"max_hp_loss":0.0,"gold_gain":0.0,"event_name":"Colosseum","player_choice":"Fought Nobs","floor":27.0,"gold_loss":0.0,"damage_taken":0.0},{"damage_healed":0.0,"max_hp_gain":0.0,"max_hp_loss":0.0,"gold_gain":0.0,"event_name":"Cursed Tome","player_choice":"Ignored","floor":28.0,"gold_loss":0.0,"damage_taken":0.0},{"cards_removed":["Strike_G"],"damage_healed":0.0,"max_hp_gain":0.0,"max_hp_loss":0.0,"gold_gain":0.0,"event_name":"Purifier","player_choice":"Purged","floor":30.0,"gold_loss":0.0,"damage_taken":0.0},{"damage_healed":0.0,"max_hp_gain":0.0,"max_hp_loss":0.0,"gold_gain":0.0,"event_name":"MindBloom","player_choice":"Fight","floor":39.0,"gold_loss":0.0,"damage_taken":0.0}],"is_beta":false,"boss_relics":[{"not_picked":["Busted Crown","Fusion Hammer"],"picked":"Runic Dome"},{"not_picked":["Pandora\u0027s Box","Snecko Eye"],"picked":"Astrolabe"}],"items_purged_floors":[2,29],"is_endless":false,"potions_floor_spawned":[3,5,14,27,27,36,37,40,44,45],"killed_by":"Awakened One","ascension_level":20}}