{"host":"i70yit5z0kpl303k","time":1612809220,"event":{"mods":["2.2 Compatiblity","Act Like it!","BaseMod","BetterRewards","Evolution","Infinite Spire","Ironclad Rager","Koishi","Marked Mod","Minty Spire (QoL Compilation)","Relic Stats","Reliquary","Replay The Spire","StSLib","The Blue Laboratory","The Marked","TheSwordswoman"],"gold_per_floor":[10,10,10,30,46,73,86,119,144,144,144,162,178,192,192,289,289,229,229,229,229,229,229,229,229,229,229,166,166,166],"floor_reached":29,"language":"ENG","playtime":976,"items_purged":[],"score":275,"play_id":"9394aabe-b8da-4a16-bdf4-b2383d66fa6f","local_time":"20210208103340","is_ascension_mode":true,"campfire_choices":[{"floor":10,"key":"REST"},{"floor":15,"key":"REST"},{"floor":23,"key":"REST"}],"circlet_count":0,"master_deck":["Barrage+1","Zap","ReplayTheSpireMod:Faulty Equipment","Ball Lightning","Cold Snap","Ball Lightning+1","Leap","Leap","Leap","Leap","Turbo","Conserve Battery","Coolheaded","Blizzard","Barrage","Capacitor","Panic Button","Echo Form","Redo","All For One","Melter","All For One","ICR:FrostFall","Genetic Algorithm","Compile Driver+1","BootSequence","All For One","Panic Button","ReplayTheSpireMod:Calculation Training"],"relics":["Cracked Core","EVO:Axolotl","Replay:Wax Seal","Dream Catcher","reliquary:RoseTintedGlasses","reliquary:LoveEmittingDiode","Ectoplasm","The Courier"],"acts_visited":["Exordium","TheCity"],"potions_floor_usage":[20,22,27],"damage_taken":[{"damage":0,"enemies":"Small Slimes","floor":1,"turns":2},{"damage":1,"enemies":"Jaw Worm","floor":4,"turns":2},{"damage":0,"enemies":"Cultist","floor":5,"turns":2},{"damage":3,"enemies":"3 Sentries","floor":6,"turns":5},{"damage":1,"enemies":"Exordium Thugs","floor":7,"turns":4},{"damage":18,"enemies":"Lagavulin","floor":8,"turns":4},{"damage":1,"enemies":"Exordium Wildlife","floor":12,"turns":3},{"damage":0,"enemies":"Blue Slaver","floor":13,"turns":3},{"damage":0,"enemies":"Looter","floor":14,"turns":4},{"damage":35,"enemies":"The Guardian","floor":16,"turns":10},{"damage":35,"enemies":"2 Thieves","floor":18,"turns":3},{"damage":7,"enemies":"3 Byrds","floor":20,"turns":4},{"damage":10,"enemies":"Sentry and Sphere","floor":21,"turns":5},{"damage":10,"enemies":"Cultist and Chosen","floor":22,"turns":4},{"damage":23,"enemies":"Centurion and Healer","floor":27,"turns":7},{"damage":15,"enemies":"Slavers","floor":29,"turns":1}],"seed_played":"679684919917450974","potions_obtained":[{"floor":4,"key":"Explosive Potion"},{"floor":5,"key":"blueLaboratory:BottleOfRum"},{"floor":8,"key":"blueLaboratory:RelayPotion"},{"floor":18,"key":"blueLaboratory:ConsumingVoid"},{"floor":21,"key":"ColorlessPotion"},{"floor":27,"key":"blueLaboratory:FruitPunch"}],"is_trial":false,"path_per_floor":["M","?","?","M","M","E","M","E","T","R","T","M","M","M","R","B",null,"M","?","M","M","M","R","?","$","T","M","$","E"],"character_chosen":"DEFECT","items_purchased":["ReplayTheSpireMod:Calculation Training"],"campfire_rested":3,"item_purchase_floors":[28],"current_hp_per_floor":[50,50,36,35,35,32,31,13,13,33,33,32,32,32,52,17,68,33,33,26,16,6,26,26,26,26,3,3,0,0],"gold":166,"neow_bonus":"DEFECT_STORMLORD","is_daily":false,"chose_seed":false,"campfire_upgraded":0,"win_rate":0.0,"timestamp":1612809220,"path_taken":["M","?","?","M","M","E","M","E","T","R","?","?","M","M","R","BOSS","M","?","M","M","M","R","?","$","T","M","?","E"],"items_purchased_type":["Card"],"build_version":"2020-12-22","purchased_purges":0,"victory":false,"max_hp_per_floor":[68,68,68,68,68,68,68,68,68,68,68,68,68,68,68,68,68,68,68,68,68,68,68,68,68,68,68,68,68,68],"relic_stats":{"Dream Catcher":3,"counters":[16,63],"Ectoplasm":232,"obtain_stats":[{"Dream Catcher":8,"reliquary:LoveEmittingDiode":11,"reliquary:RoseTintedGlasses":9,"Ectoplasm":17,"The Courier":26,"EVO:Axolotl":0,"Replay:Wax Seal":6,"Cracked Core":0},{"Dream Catcher":6,"reliquary:LoveEmittingDiode":6,"reliquary:RoseTintedGlasses":6,"Ectoplasm":10,"The Courier":14,"EVO:Axolotl":0,"Replay:Wax Seal":4,"Cracked Core":0},{"Dream Catcher":19,"reliquary:LoveEmittingDiode":19,"reliquary:RoseTintedGlasses":19,"Ectoplasm":39,"The Courier":55,"EVO:Axolotl":0,"Replay:Wax Seal":11,"Cracked Core":0}]},"card_choices":[{"not_picked":["Chill","Reinforced Body"],"picked":"Turbo","floor":1},{"not_picked":["Recycle","Hyperbeam"],"picked":"Conserve Battery","floor":4},{"not_picked":["Turbo","BasicCrystalCard"],"picked":"Coolheaded","floor":5},{"not_picked":["Compile Driver","Hologram"],"picked":"Blizzard","floor":6},{"not_picked":["Steam Power","Beam Cell"],"picked":"Barrage","floor":7},{"not_picked":["ReplayTheSpireMod:Reroute Power","Panic Button"],"picked":"Capacitor","floor":8},{"not_picked":["Rip and Tear","Leap"],"picked":"Panic Button","floor":10},{"not_picked":["Conserve Battery","Steam"],"picked":"Echo Form","floor":12},{"not_picked":["Ball Lightning","Turbo"],"picked":"Redo","floor":13},{"not_picked":["FTL","BasicCrystalCard"],"picked":"All For One","floor":14},{"not_picked":["Go for the Eyes","Panic Button"],"picked":"Melter","floor":15},{"not_picked":["Buffer","ReplayRNGCard"],"picked":"All For One","floor":16},{"not_picked":["Time Bomb","Reprogram"],"picked":"ICR:FrostFall","floor":18},{"not_picked":["Cold Snap","Sweeping Beam"],"picked":"Genetic Algorithm","floor":20},{"not_picked":["Tempest","Aggregate"],"picked":"Compile Driver+1","floor":21},{"not_picked":["Hologram+1","Go for the Eyes"],"picked":"BootSequence","floor":22},{"not_picked":["Turbo","Hologram"],"picked":"All For One","floor":23},{"not_picked":["Steam","Rip and Tear"],"picked":"Panic Button","floor":27}],"player_experience":266433,"relics_obtained":[{"floor":6,"key":"Replay:Wax Seal"},{"floor":8,"key":"Dream Catcher"},{"floor":9,"key":"reliquary:RoseTintedGlasses"},{"floor":11,"key":"reliquary:LoveEmittingDiode"},{"floor":26,"key":"The Courier"}],"event_choices":[{"cards_removed":["Dualcast"],"damage_healed":0,"gold_gain":0,"player_choice":"Forget","damage_taken":0,"max_hp_gain":0,"max_hp_loss":0,"event_name":"Living Wall","floor":2,"gold_loss":0},{"damage_healed":0,"gold_gain":0,"player_choice":"Entered Light","damage_taken":14,"max_hp_gain":0,"max_hp_loss":0,"event_name":"Shining Light","floor":3,"gold_loss":0,"cards_upgraded":["Barrage","Ball Lightning"]},{"damage_healed":0,"gold_gain":0,"player_choice":"Ignored","damage_taken":0,"max_hp_gain":0,"max_hp_loss":0,"event_name":"Vampires","floor":19,"gold_loss":0},{"damage_healed":0,"gold_gain":99,"player_choice":"Stole From Cult","damage_taken":0,"max_hp_gain":0,"max_hp_loss":0,"event_name":"Nest","floor":24,"gold_loss":0}],"is_beta":false,"boss_relics":[{"not_picked":["reliquary:RedCape","reliquary:RedPaperclip"],"picked":"Ectoplasm"}],"items_purged_floors":[],"is_endless":false,"potions_floor_spawned":[4,5,8,12,18,21,27],"killed_by":"Slavers","ascension_level":3}}