{"host":"mnpd8gh7cwxsn5kh","time":1612805019,"event":{"mods":["BaseMod","Bestiary","Block Reminder","Colored Map","Colored Powertips","Highlight Path","Minty Spire (QoL Compilation)","Relic Sorter","Relic Stats"],"gold_per_floor":[116,130,130,144,109,109,141,18,94,122,122,135,135,169,169,169,169],"floor_reached":16,"language":"ENG","playtime":863,"items_purged":[],"score":189,"play_id":"7c127245-cb3f-4eba-843b-877b27aac1bb","local_time":"20210208182339","is_ascension_mode":true,"campfire_choices":[{"data":"Tempest","floor":6,"key":"SMITH"},{"data":"Creative AI","floor":11,"key":"SMITH"},{"floor":15,"key":"REST"}],"circlet_count":0,"master_deck":["AscendersBane","Strike_B+1","Strike_B","Strike_B","Strike_B","Defend_B+1","Defend_B","Defend_B","Defend_B","Zap+1","Dualcast","Steam","Steam","Tempest+1","Undo","Creative AI+1","Streamline","BootSequence","Streamline+1"],"relics":["Cracked Core","Tiny Chest","Molten Egg 2","Pear","Frozen Egg 2","White Beast Statue"],"acts_visited":["Exordium"],"potions_floor_usage":[7,10,14],"damage_taken":[{"damage":3,"enemies":"Jaw Worm","floor":1,"turns":4},{"damage":0,"enemies":"Small Slimes","floor":2,"turns":3},{"damage":0,"enemies":"2 Louse","floor":4,"turns":2},{"damage":16,"enemies":"Lagavulin","floor":7,"turns":8},{"damage":16,"enemies":"Gremlin Nob","floor":10,"turns":4},{"damage":0,"enemies":"Looter","floor":12,"turns":3},{"damage":3,"enemies":"Lagavulin","floor":14,"turns":6},{"damage":35,"enemies":"Hexaghost","floor":16,"turns":9}],"seed_played":"1400510016797966768","potions_obtained":[{"floor":2,"key":"EssenceOfSteel"},{"floor":4,"key":"DistilledChaos"},{"floor":7,"key":"DistilledChaos"}],"is_trial":false,"path_per_floor":["M","M","?","M","?","R","E","$","T","E","R","M","?","E","R","B"],"character_chosen":"DEFECT","items_purchased":["Creative AI","Streamline"],"campfire_rested":1,"item_purchase_floors":[8,8],"current_hp_per_floor":[65,65,50,50,68,68,52,52,52,46,46,46,13,10,35,0,0],"gold":169,"neow_bonus":"UPGRADE_CARD","is_daily":false,"chose_seed":false,"campfire_upgraded":2,"win_rate":0.0,"timestamp":1612805019,"path_taken":["M","M","?","M","?","R","E","$","T","E","R","M","?","E","R","BOSS"],"items_purchased_type":["Card","Card"],"build_version":"2020-12-22","purchased_purges":0,"victory":false,"max_hp_per_floor":[75,75,75,75,75,75,75,75,75,85,85,85,85,85,85,85,85],"relic_stats":{"counters":[8,39],"Tiny Chest":0,"obtain_stats":[{"Pear":10,"Tiny Chest":7,"Molten Egg 2":9,"Frozen Egg 2":13,"Cracked Core":0,"White Beast Statue":14},{"Pear":5,"Tiny Chest":4,"Molten Egg 2":4,"Frozen Egg 2":6,"Cracked Core":0,"White Beast Statue":7},{"Pear":21,"Tiny Chest":17,"Molten Egg 2":17,"Frozen Egg 2":24,"Cracked Core":0,"White Beast Statue":30}]},"card_choices":[{"not_picked":["Rebound","Redo"],"picked":"Steam","floor":1},{"not_picked":["Capacitor","Leap"],"picked":"Steam","floor":2},{"not_picked":["Turbo","Compile Driver"],"picked":"Tempest","floor":4},{"not_picked":["Barrage","Turbo"],"picked":"Undo","floor":7},{"not_picked":["Lockon+1","Steam"],"picked":"BootSequence","floor":10},{"not_picked":["Sunder+1","Steam","Fusion"],"picked":"SKIP","floor":12},{"not_picked":["Compile Driver+1","Leap"],"picked":"Streamline+1","floor":14}],"player_experience":413029,"relics_obtained":[{"floor":7,"key":"Tiny Chest"},{"floor":9,"key":"Molten Egg 2"},{"floor":10,"key":"Pear"},{"floor":14,"key":"White Beast Statue"}],"event_choices":[{"damage_healed":0,"gold_gain":0,"player_choice":"Entered Light","damage_taken":15,"max_hp_gain":0,"max_hp_loss":0,"event_name":"Shining Light","floor":3,"gold_loss":0,"cards_upgraded":["Strike_B","Defend_B"]},{"damage_healed":18,"gold_gain":0,"player_choice":"Healed","damage_taken":0,"max_hp_gain":0,"max_hp_loss":0,"event_name":"The Cleric","floor":5,"gold_loss":35},{"damage_healed":0,"gold_gain":0,"player_choice":"Success","damage_taken":33,"relics_obtained":["Frozen Egg 2"],"max_hp_gain":0,"max_hp_loss":0,"event_name":"Scrap Ooze","floor":13,"gold_loss":0}],"is_beta":false,"boss_relics":[],"items_purged_floors":[],"is_endless":false,"potions_floor_spawned":[2,4,7],"killed_by":"Hexaghost","ascension_level":12}}