{"host":"djoj10dqzzvtkauc","time":1612792574,"event":{"mods":["2.2 Compatiblity","BaseMod","Colored Map","DeckTracker","Highlight Path","Keyboard Shortcuts","Marisa£¨Ùöéë¡¡Øª×âÞÞ£©","Minty Spire (QoL Compilation)","Permanent Neow","Quick Restart","Random Character Button","StSLib","SuperFastMode","everything is the same but u backflip on backflip"],"gold_per_floor":[112,127,127,19,19,19,19,54,54,54,54,54,79,89,89,192,192,203,203,235,21,37,37,137,137,163,163,163],"floor_reached":27,"language":"KOR","playtime":740,"items_purged":[],"score":312,"play_id":"7f021982-3d93-49ab-ad5c-7bb9aeac42e6","local_time":"20210208225614","is_ascension_mode":true,"campfire_choices":[{"data":"Backstab","floor":6.0,"key":"SMITH"},{"floor":10.0,"key":"REST"},{"data":"Backflip","floor":15.0,"key":"SMITH"},{"floor":23.0,"key":"REST"}],"circlet_count":0,"master_deck":["Strike_G","Strike_G","Strike_G","Defend_G","Defend_G","Defend_G","Defend_G","Defend_G","Survivor","Neutralize","Blade Dance","Deadly Poison","Backstab+1","Backflip+1","Accuracy","Sucker Punch+1","Footwork","Flying Knee","Night Terror","PiercingWail","Infinite Blades","Infinite Blades","Envenom","Dodge and Roll","PiercingWail"],"relics":["Ring of the Snake","Juzu Bracelet","Matryoshka","Bronze Scales","Blue Candle","The Courier","Sozu","Red Mask","Smiling Mask","Happy Flower"],"acts_visited":["Exordium","TheCity"],"potions_floor_usage":[],"damage_taken":[{"damage":0.0,"enemies":"Cultist","floor":1.0,"turns":5.0},{"damage":0.0,"enemies":"Small Slimes","floor":2.0,"turns":3.0},{"damage":39.0,"enemies":"3 Sentries","floor":8.0,"turns":10.0},{"damage":9.0,"enemies":"Lagavulin","floor":13.0,"turns":6.0},{"damage":0.0,"enemies":"2 Louse","floor":14.0,"turns":2.0},{"damage":11.0,"enemies":"Hexaghost","floor":16.0,"turns":8.0},{"damage":8.0,"enemies":"Chosen","floor":18.0,"turns":2.0},{"damage":40.0,"enemies":"Masked Bandits","floor":20.0,"turns":6.0},{"damage":0.0,"enemies":"Shell Parasite","floor":22.0,"turns":5.0},{"damage":14,"enemies":"Sentry and Sphere","floor":27,"turns":5}],"seed_played":"6270252843320744274","potions_obtained":[{"floor":2.0,"key":"Poison Potion"},{"floor":13.0,"key":"ColorlessPotion"},{"floor":14.0,"key":"CultistPotion"}],"is_trial":false,"path_per_floor":["M","M","?","$","?","R","?","E","T","R","?","?","E","M","R","B",null,"M","?","?","$","M","R","?","?","T","M"],"character_chosen":"THE_SILENT","items_purchased":["Backflip","Accuracy","Infinite Blades","Envenom","Dodge and Roll"],"campfire_rested":2,"item_purchase_floors":[4,4,21,21,21],"current_hp_per_floor":[63,63,63,63,68,68,61,22,22,44,44,44,35,35,35,24,62,54,54,14,14,14,36,36,22,22,8,8],"gold":163,"neow_bonus":"RANDOM_COMMON_RELIC","is_daily":false,"chose_seed":false,"campfire_upgraded":2,"win_rate":0.0,"timestamp":1612792574,"path_taken":["M","M","?","$","?","R","?","E","T","R","?","?","E","M","R","BOSS","M","?","?","$","M","R","?","?","T","M"],"items_purchased_type":["Card","Card","Card","Card","Card"],"build_version":"2020-12-22","purchased_purges":0,"victory":false,"max_hp_per_floor":[70,70,70,70,75,75,75,75,75,75,75,75,75,75,75,75,75,75,75,75,75,75,75,75,80,80,80,80],"card_choices":[{"not_picked":["Bane","Catalyst"],"picked":"Blade Dance","floor":1.0},{"not_picked":["Blur","Outmaneuver"],"picked":"Deadly Poison","floor":2.0},{"not_picked":["Acrobatics","Doppelganger"],"picked":"Sucker Punch","floor":8.0},{"not_picked":["Bane","Distraction"],"picked":"Footwork","floor":13.0},{"not_picked":["Dagger Throw","Underhanded Strike"],"picked":"Flying Knee","floor":14.0},{"not_picked":["After Image","Malaise"],"picked":"Night Terror","floor":16.0},{"not_picked":["Quick Slash","Endless Agony"],"picked":"PiercingWail","floor":18.0},{"not_picked":["Slice","Blur"],"picked":"Infinite Blades","floor":20.0},{"not_picked":["Quick Slash","Cloak And Dagger"],"picked":"PiercingWail","floor":22.0}],"player_experience":198717,"relics_obtained":[{"floor":8.0,"key":"Matryoshka"},{"floor":9.0,"key":"Bronze Scales"},{"floor":9.0,"key":"Blue Candle"},{"floor":13.0,"key":"The Courier"},{"floor":20.0,"key":"Red Mask"},{"floor":26.0,"key":"Smiling Mask"},{"floor":26.0,"key":"Happy Flower"}],"event_choices":[{"damage_healed":0.0,"max_hp_gain":0.0,"max_hp_loss":0.0,"gold_gain":0.0,"cards_transformed":["Strike_G"],"event_name":"Transmorgrifier","player_choice":"Transformed","floor":3.0,"gold_loss":0.0,"damage_taken":0.0,"cards_obtained":["Backstab"]},{"damage_healed":0.0,"max_hp_gain":5.0,"max_hp_loss":0.0,"gold_gain":0.0,"event_name":"Big Fish","player_choice":"Donut","floor":5.0,"gold_loss":0.0,"damage_taken":0.0},{"cards_removed":["Strike_G"],"damage_healed":0.0,"max_hp_gain":0.0,"max_hp_loss":0.0,"gold_gain":0.0,"event_name":"Golden Wing","player_choice":"Card Removal","floor":7.0,"gold_loss":0.0,"damage_taken":7.0},{"damage_healed":0.0,"max_hp_gain":0.0,"max_hp_loss":0.0,"gold_gain":0.0,"event_name":"Living Wall","player_choice":"Grow","floor":11.0,"gold_loss":0.0,"damage_taken":0.0,"cards_upgraded":["Sucker Punch"]},{"damage_healed":0.0,"max_hp_gain":0.0,"max_hp_loss":0.0,"gold_gain":0.0,"event_name":"Match and Keep!","player_choice":"0 cards matched","floor":12.0,"gold_loss":0.0,"damage_taken":0.0,"cards_obtained":[]},{"damage_healed":0.0,"max_hp_gain":0.0,"max_hp_loss":0.0,"gold_gain":0.0,"event_name":"Ghosts","player_choice":"Ignored","floor":19.0,"gold_loss":0.0,"damage_taken":0.0},{"damage_healed":0.0,"max_hp_gain":0.0,"max_hp_loss":0.0,"gold_gain":0.0,"event_name":"Masked Bandits","player_choice":"Fought Bandits","floor":20.0,"gold_loss":0.0,"damage_taken":0.0},{"damage_healed":0.0,"max_hp_gain":0.0,"max_hp_loss":0.0,"gold_gain":100.0,"event_name":"Golden Shrine","player_choice":"Pray","floor":24.0,"gold_loss":0.0,"damage_taken":0.0},{"damage_healed":0.0,"max_hp_gain":5.0,"max_hp_loss":0.0,"gold_gain":0.0,"event_name":"Forgotten Altar","player_choice":"Shed Blood","floor":25.0,"gold_loss":0.0,"damage_taken":19.0}],"is_beta":false,"boss_relics":[{"not_picked":["Busted Crown","Ectoplasm"],"picked":"Sozu"}],"items_purged_floors":[],"is_endless":false,"potions_floor_spawned":[2,13,14,20,22],"killed_by":"Sentry and Sphere","ascension_level":9}}