{"host":"dtz8fhk52srfoofc","time":1612806557,"event":{"mods":["2.2 Compatiblity","AchievementEnabler","Aspiration","BaseMod","Beaked The Cultist","Better Altar","Better Match","Better Note","Better Sensory Stone","Better Third Choice","BetterRewards","Colored Map","Colored Powertips","Energized Spire","Gold Saver","Gremlin Skip","Highlight Path","Infinite Spire","JesterMod","Kratos Character Expansion","Minty Spire (QoL Compilation)","Permanent Neow","QueenMod","Quick Restart","Rare Cards Sparkle","Remove Card Discount Mod","Shop Mod","Somnambulant","Spicy Shops","StSLib","Steal the Spire","The Blackbeard","The Mystic","The Senshi","The Wild Card","TheHero","Transform Curses","Unceasing Turn Reminder","everything is the same but u backflip on backflip"],"gold_per_floor":[724,120,132,132,150,150,150,181,205,16,16,29,29,53,53,157,157,169,185,185,69,85,85,103,103,126,126,152,168,267,267,267,362,362,377,391,391,402,307,307,307,307,331,349,349,349,364,316,316,316],"floor_reached":51,"language":"ENG","playtime":3554,"items_purged":["Writhe","Injury"],"score":668,"play_id":"34520ebc-7632-4a36-b7a6-2ef498b7126c","local_time":"20210208114917","is_ascension_mode":false,"campfire_choices":[{"data":"theSenshi:MoonPrismPowerMakeUp","floor":6,"key":"SMITH"},{"data":"theSenshi:MoonCrisisMakeUp","floor":15,"key":"SMITH"},{"data":"theSenshi:EncouragingSpeech","floor":23,"key":"SMITH"},{"data":"theSenshi:MoonHealingEscalation","floor":25,"key":"SMITH"},{"data":"theSenshi:RoseThrow","floor":32,"key":"SMITH"},{"data":"theSenshi:MarsPride","floor":41,"key":"SMITH"},{"floor":45,"key":"REST"},{"data":"theSenshi:TuxedoMaskAssists","floor":49,"key":"SMITH"}],"circlet_count":0,"master_deck":["theSenshi:SailorKick+1","theSenshi:SailorKick+1","theSenshi:SailorBlock+1","theSenshi:SailorBlock+1","theSenshi:SailorBlock+1","theSenshi:SailorBlock+1","theSenshi:RoseThrow+1","theSenshi:MoonPrismPowerMakeUp+1","theSenshi:SailorSaturnAssists","theSenshi:TuxedoMaskAssists+1","theSenshi:SailorSaturnAssists","theSenshi:MoonCrisisMakeUp+1","theSenshi:EncouragingSpeech+1","theSenshi:MoonSpiralHeartAttack+1","theSenshi:MoonHealingEscalation+1","theSenshi:MoonTwilightFlash+1","theSenshi:MoonTiaraMagic+1","theSenshi:SailorStarFighterAssists+1","theSenshi:SailorUranusAssists+1","theSenshi:TuxedoMaskAssists+1","theSenshi:MoonGorgeousMeditation+1","theSenshi:SailorMercuryAssists+1","theSenshi:LunaWiseMentor","theSenshi:InTheNickOfTime+1","theSenshi:VenusGlamour+1","theSenshi:VenusGlamour+1","theSenshi:NeptunesGrace+1","theSenshi:MoonPrincessHalation+1","theSenshi:MercurysCunning+1","theSenshi:ChibiMoonsLove","theSenshi:SailorUranusAssists+1","theSenshi:EncouragingSpeech","theSenshi:MercurysCunning+1","theSenshi:MoonTiaraMagic+1","theSenshi:MarsPride+1","AscendersBane","theSenshi:FatedKiss+1","theSenshi:SailorChibiMoonAssists+1","theSenshi:MoonKick+1","theSenshi:SailorJupiterAssists+1"],"relics":["theSenshi:TransformationBroochRelic","theSenshi:RoseRelic","DollysMirror","Lantern","Molten Egg 2","KratosMod:chalice","VioletLotus","MealTicket","Whetstone","Bag of Marbles","aspiration:Lifesprig","Velvet Choker","aspiration:HiddenCompartment","infinitespire:Satchel","Busted Crown","theSenshi:TiaraRelic","theSenshi:CosmicHeartCompactRelic"],"acts_visited":["Exordium","TheCity","TheBeyond"],"potions_floor_usage":[12,33,35,47,50,50],"damage_taken":[{"damage":0,"enemies":"Cultist","floor":1,"turns":3},{"damage":0,"enemies":"Small Slimes","floor":3,"turns":3},{"damage":3,"enemies":"Jaw Worm","floor":5,"turns":4},{"damage":26,"enemies":"Lagavulin","floor":8,"turns":6},{"damage":15,"enemies":"Exordium Wildlife","floor":12,"turns":3},{"damage":38,"enemies":"The Guardian","floor":16,"turns":11},{"damage":6,"enemies":"Shell Parasite","floor":18,"turns":4},{"damage":12,"enemies":"2 Thieves","floor":19,"turns":2},{"damage":3,"enemies":"Snecko","floor":22,"turns":3},{"damage":14,"enemies":"Sentry and Sphere","floor":24,"turns":4},{"damage":2,"enemies":"3 Cultists","floor":29,"turns":2},{"damage":16,"enemies":"Collector","floor":33,"turns":8},{"damage":17,"enemies":"3 Darklings","floor":35,"turns":3},{"damage":2,"enemies":"3 Shapes","floor":36,"turns":2},{"damage":5,"enemies":"Transient","floor":38,"turns":5},{"damage":27,"enemies":"Sphere and 2 Shapes","floor":44,"turns":3},{"damage":12,"enemies":"Spire Growth","floor":47,"turns":4},{"damage":49,"enemies":"Donu and Deca","floor":50,"turns":10}],"seed_played":"-5727674092392225794","potions_obtained":[{"floor":3,"key":"Fruit Juice"},{"floor":8,"key":"Dexterity Potion"},{"floor":12,"key":"BlessingOfTheForge"},{"floor":18,"key":"AttackPotion"},{"floor":22,"key":"PowerPotion"},{"floor":33,"key":"EntropicBrew"},{"floor":35,"key":"Ancient Potion"},{"floor":47,"key":"Fruit Juice"}],"is_trial":false,"path_per_floor":["M","$","M","?","M","R","?","E","T","$","$","M","?","T","R","B",null,"M","M","?","$","M","R","M","R","T","?","T","M","?","?","R","B",null,"M","M","?","M","$","?","R","?","T","M","R","AVR","M","$","R","B",null],"character_chosen":"THE_SENSHI","items_purchased":["theSenshi:RoseRelic","DollysMirror","Lantern","theSenshi:MoonCrisisMakeUp","theSenshi:EncouragingSpeech","theSenshi:MoonSpiralHeartAttack","theSenshi:SailorStarFighterAssists+1","theSenshi:SailorUranusAssists+1","theSenshi:VenusGlamour+1","theSenshi:MoonTiaraMagic+1","theSenshi:MarsPride","theSenshi:SailorJupiterAssists+1"],"campfire_rested":1,"item_purchase_floors":[2,2,2,2,2,2,10,10,21,39,39,48],"current_hp_per_floor":[75,75,75,75,74,74,74,56,56,71,75,70,52,52,52,44,80,79,69,69,80,80,80,73,73,73,73,73,71,71,71,71,75,80,78,76,76,76,80,80,80,80,80,53,77,77,70,85,85,56],"gold":316,"neow_bonus":"TRANSFORM_CARD","is_daily":false,"chose_seed":false,"campfire_upgraded":7,"win_rate":0.0,"timestamp":1612806557,"path_taken":["M","$","M","?","M","R","?","E","T","?","$","?","?","?","R","BOSS","M","M","?","$","M","R","M","R","T","?","?","?","?","?","R","BOSS","M","M","?","M","$","?","R","?","T","M","R","AVR","?","?","R","BOSS"],"items_purchased_type":["Relic","Relic","Relic","Card","Card","Card","Card","Card","Card","Card","Card","Card"],"build_version":"2020-12-22","purchased_purges":2,"victory":true,"max_hp_per_floor":[75,75,75,75,75,75,75,75,75,75,75,80,80,80,80,80,80,80,80,80,80,80,80,80,80,80,80,80,80,80,80,80,80,80,80,80,80,80,80,80,80,80,80,80,80,80,85,85,85,85],"card_choices":[{"not_picked":["theSenshi:SailorJupiterAssists","theSenshi:SailorVenusAssists"],"picked":"theSenshi:TuxedoMaskAssists","floor":1},{"not_picked":["theSenshi:NeptunesGrace","theSenshi:MoonTiaraMagic"],"picked":"theSenshi:MoonHealingEscalation","floor":3},{"not_picked":["theSenshi:MoonPunch+1","theSenshi:LunasBite+1"],"picked":"theSenshi:MoonTwilightFlash+1","floor":5},{"not_picked":["theSenshi:SteeledNerves","theSenshi:VenusGlamour+1"],"picked":"theSenshi:MoonTiaraMagic+1","floor":8},{"not_picked":["theSenshi:SupersonicWaves+1","theSenshi:LateForSchool"],"picked":"theSenshi:TuxedoMaskAssists+1","floor":12},{"not_picked":["theSenshi:WarriorOfTheMoon","theSenshi:SailorSaturnAssists+1"],"picked":"theSenshi:MoonGorgeousMeditation+1","floor":16},{"not_picked":["theSenshi:SailorStarFighterAssists+1","theSenshi:SupersonicWaves+1"],"picked":"theSenshi:SailorMercuryAssists+1","floor":18},{"not_picked":["theSenshi:SteeledNerves","theSenshi:DramaticEntrance+1"],"picked":"theSenshi:LunaWiseMentor","floor":19},{"not_picked":["theSenshi:SteeledNerves","theSenshi:Sidestep"],"picked":"theSenshi:VenusGlamour+1","floor":22},{"not_picked":["theSenshi:TuxedoSmokingBomber+1","theSenshi:OdangoHead"],"picked":"theSenshi:NeptunesGrace+1","floor":24},{"not_picked":["theSenshi:MoonCosmicPowerMakeUp","theSenshi:VenusGlamour+1"],"picked":"theSenshi:MercurysCunning+1","floor":29},{"not_picked":["theSenshi:WarriorOfTheMoon","theSenshi:GlimpseOfThePast"],"picked":"theSenshi:ChibiMoonsLove","floor":33},{"not_picked":[],"picked":"theSenshi:SailorUranusAssists+1","floor":35},{"not_picked":[],"picked":"theSenshi:EncouragingSpeech","floor":36},{"not_picked":[],"picked":"theSenshi:MercurysCunning+1","floor":38},{"not_picked":[],"picked":"theSenshi:SailorChibiMoonAssists+1","floor":44},{"not_picked":[],"picked":"theSenshi:MoonKick+1","floor":47}],"player_experience":225125,"relics_obtained":[{"floor":8,"key":"MealTicket"},{"floor":9,"key":"Whetstone"},{"floor":14,"key":"aspiration:Lifesprig"},{"floor":26,"key":"aspiration:HiddenCompartment"},{"floor":28,"key":"infinitespire:Satchel"},{"floor":43,"key":"theSenshi:TiaraRelic"}],"event_choices":[{"damage_healed":0,"gold_gain":0,"player_choice":"Relic ","damage_taken":18,"max_hp_gain":0,"max_hp_loss":0,"event_name":"betterThird:BetterScrap","floor":13,"gold_loss":0,"cards_obtained":["Infernal Blade"]},{"cards_removed":["theSenshi:MoonCrisisMakeUp"],"damage_healed":0,"gold_gain":0,"player_choice":"Take \u0026 Give","damage_taken":0,"max_hp_gain":0,"max_hp_loss":0,"event_name":"betterNote:BetterNote","floor":20,"gold_loss":0,"cards_obtained":["theSenshi:InTheNickOfTime"]},{"damage_healed":0,"gold_gain":0,"player_choice":"Read","damage_taken":0,"max_hp_gain":0,"max_hp_loss":0,"event_name":"The Library","floor":27,"gold_loss":0,"cards_obtained":["theSenshi:MoonPrincessHalation"]},{"damage_healed":0,"gold_gain":99,"player_choice":"Steal","damage_taken":0,"max_hp_gain":0,"max_hp_loss":0,"event_name":"betterThird:BetterNest","floor":30,"gold_loss":0},{"damage_healed":0,"gold_gain":0,"player_choice":"Simplicity","damage_taken":0,"max_hp_gain":0,"max_hp_loss":6,"event_name":"betterThird:BetterWriting","floor":31,"gold_loss":0},{"cards_removed":["theSenshi:SailorKick"],"damage_healed":0,"gold_gain":0,"player_choice":"Removed Attack","damage_taken":0,"max_hp_gain":0,"max_hp_loss":0,"event_name":"Falling","floor":37,"gold_loss":0},{"damage_healed":0,"gold_gain":3,"player_choice":"3","damage_taken":0,"max_hp_gain":0,"max_hp_loss":0,"event_name":"betterStone:BetterStone","floor":40,"gold_loss":0,"cards_obtained":["theSenshi:FatedKiss"]},{"damage_healed":0,"gold_gain":0,"player_choice":"Ignored","damage_taken":0,"max_hp_gain":0,"max_hp_loss":0,"event_name":"Tomb of Lord Red Mask","floor":42,"gold_loss":0}],"is_beta":false,"boss_relics":[{"not_picked":["aspiration:RunicSpoon","Ectoplasm"],"picked":"Velvet Choker"},{"not_picked":["Tiny House","aspiration:WatcherSkillbook"],"picked":"Busted Crown"}],"items_purged_floors":[21,21],"is_endless":false,"potions_floor_spawned":[3,8,12,18,22,29,33,35,38,47],"ascension_level":0}}