{"host":"j4g6ia6asvpyu2b0","time":1612797002,"event":{"mods":["BaseMod","Colored Map","Minty Spire (QoL Compilation)","Permanent Neow","Quick Restart","Relic Stats","StSLib","Unceasing Turn Reminder"],"gold_per_floor":[34,74,74,125,178,178,203,258,283,301,351,411,411,492,492,606,606,634,634,559,607,12,68,68,129,129,189,246,246,315,377,377,503,503,522,522,202,245,61,61,96,96,96,132,184,184,227,227,227,227,227],"floor_reached":50,"language":"ENG","playtime":1901,"items_purged":["Strike_G","Strike_G","Strike_G"],"score":855,"play_id":"ceb4cc65-5959-459a-a554-0dc9a0ef229f","local_time":"20210208081002","is_ascension_mode":true,"campfire_choices":[{"data":"A Thousand Cuts","floor":6,"key":"SMITH"},{"data":"Noxious Fumes","floor":13,"key":"SMITH"},{"data":"Well Laid Plans","floor":15,"key":"SMITH"},{"data":"Tools of the Trade","floor":24,"key":"SMITH"},{"data":"Disarm","floor":29,"key":"SMITH"},{"floor":32,"key":"RECALL"},{"data":"A Thousand Cuts","floor":40,"key":"SMITH"},{"data":"Infinite Blades","floor":42,"key":"SMITH"},{"data":"Footwork","floor":46,"key":"SMITH"},{"data":"Trip","floor":49,"key":"SMITH"}],"circlet_count":0,"master_deck":["Strike_G","Strike_G","Defend_G","Defend_G","Defend_G","Defend_G","Defend_G","Survivor","Neutralize","HandOfGreed","Dash","Backstab","Well Laid Plans+1","A Thousand Cuts+1","PiercingWail","Backflip","Noxious Fumes+1","Dagger Spray","Tools of the Trade+1","Die Die Die","PiercingWail","Backstab","Backflip","Quick Slash","HandOfGreed","CrushJoints","Hologram+1","Disarm+1","Glacier","Hologram+1","A Thousand Cuts+1","White Noise+1","Footwork+1","Blade Dance","Clothesline+1","Infinite Blades+1","Pommel Strike+1","Core Surge","Trip+1","ReachHeaven","Madness+1"],"relics":["Ring of the Snake","Meat on the Bone","Omamori","Akabeko","CeramicFish","Sozu","Incense Burner","PreservedInsect","Mummified Hand","PrismaticShard","Prayer Wheel","StoneCalendar","Turnip","Matryoshka","Ninja Scroll","Coffee Dripper","Lantern","Bottled Tornado","Bronze Scales","Happy Flower"],"acts_visited":["Exordium","TheCity","TheBeyond"],"potions_floor_usage":[5,7],"damage_taken":[{"damage":0,"enemies":"Cultist","floor":1,"turns":5},{"damage":0,"enemies":"Jaw Worm","floor":2,"turns":4},{"damage":0,"enemies":"2 Louse","floor":4,"turns":4},{"damage":11,"enemies":"Exordium Thugs","floor":5,"turns":5},{"damage":18,"enemies":"Gremlin Nob","floor":7,"turns":4},{"damage":0,"enemies":"3 Louse","floor":8,"turns":6},{"damage":5,"enemies":"Blue Slaver","floor":10,"turns":2},{"damage":5,"enemies":"Lagavulin","floor":11,"turns":7},{"damage":0,"enemies":"Gremlin Gang","floor":12,"turns":4},{"damage":20,"enemies":"3 Sentries","floor":14,"turns":6},{"damage":0,"enemies":"The Guardian","floor":16,"turns":11},{"damage":0,"enemies":"Chosen","floor":18,"turns":4},{"damage":5,"enemies":"Shell Parasite","floor":21,"turns":8},{"damage":8,"enemies":"Book of Stabbing","floor":23,"turns":5},{"damage":0,"enemies":"Slavers","floor":25,"turns":4},{"damage":0,"enemies":"Book of Stabbing","floor":27,"turns":4},{"damage":0,"enemies":"Cultist and Chosen","floor":28,"turns":4},{"damage":17,"enemies":"Shelled Parasite and Fungi","floor":30,"turns":4},{"damage":15,"enemies":"Slavers","floor":31,"turns":4},{"damage":7,"enemies":"Collector","floor":33,"turns":9},{"damage":2,"enemies":"3 Darklings","floor":35,"turns":4},{"damage":0,"enemies":"3 Shapes","floor":38,"turns":4},{"damage":22,"enemies":"Nemesis","floor":41,"turns":4},{"damage":8,"enemies":"Giant Head","floor":44,"turns":6},{"damage":41,"enemies":"Writhing Mass","floor":45,"turns":5},{"damage":0,"enemies":"3 Darklings","floor":47,"turns":3},{"damage":28,"enemies":"Donu and Deca","floor":50,"turns":3}],"seed_played":"1254930192850064733","potions_obtained":[{"floor":1,"key":"CunningPotion"},{"floor":2,"key":"Strength Potion"},{"floor":11,"key":"EssenceOfSteel"},{"floor":16,"key":"Strength Potion"}],"is_trial":false,"path_per_floor":["M","M","?","M","M","R","E","M","T","M","E","M","R","E","R","B",null,"M","?","$","M","$","E","R","E","T","E","M","R","M","E","R","B",null,"M","?","$","M","$","R","E","R","T","E","M","R","M","?","R","B"],"character_chosen":"THE_SILENT","items_purchased":["PreservedInsect","Mummified Hand","PrismaticShard","Backflip","Lantern","Footwork","Blade Dance","Infinite Blades"],"campfire_rested":0,"item_purchase_floors":[22,22,22,22,37,37,37,39],"current_hp_per_floor":[70,70,75,75,64,64,46,46,46,41,48,48,48,40,40,40,75,75,75,75,70,70,62,62,62,62,62,62,62,45,42,42,47,75,73,73,73,73,73,73,51,51,51,43,14,14,26,26,26,0,0],"gold":227,"neow_bonus":"RANDOM_COLORLESS_2","is_daily":false,"chose_seed":false,"campfire_upgraded":9,"win_rate":0.0,"timestamp":1612797002,"path_taken":["M","?","?","M","M","R","E","M","T","M","E","M","R","E","R","BOSS","M","?","$","M","?","E","R","E","T","E","M","R","M","E","R","BOSS","M","?","$","M","?","R","E","R","T","E","M","R","M","?","R","BOSS"],"items_purchased_type":["Relic","Relic","Relic","Card","Relic","Card","Card","Card"],"build_version":"2020-12-22","purchased_purges":3,"victory":false,"max_hp_per_floor":[70,70,75,75,75,75,75,75,75,75,75,75,75,75,75,75,75,75,75,75,75,75,75,75,75,75,75,75,75,75,75,75,75,75,75,75,75,75,75,75,75,75,75,75,75,75,75,75,75,75,75],"relic_stats":{"Happy Flower":[3],"counters":[27,133],"CeramicFish":207,"StoneCalendar":[90],"PreservedInsect":333,"Sozu":6,"Mummified Hand":[71],"Bronze Scales":[45],"Prayer Wheel":6,"Turnip":[3],"obtain_stats":[{"Lantern":37,"Happy Flower":44,"CeramicFish":14,"StoneCalendar":25,"PreservedInsect":22,"Omamori":9,"Incense Burner":19,"Bottled Tornado":41,"PrismaticShard":22,"Akabeko":11,"Sozu":17,"Matryoshka":27,"Mummified Hand":22,"Ninja Scroll":31,"Bronze Scales":43,"Prayer Wheel":23,"Turnip":26,"Coffee Dripper":34,"Ring of the Snake":0,"Meat on the Bone":7},{"Lantern":21,"Happy Flower":24,"CeramicFish":10,"StoneCalendar":15,"PreservedInsect":13,"Omamori":6,"Incense Burner":12,"Bottled Tornado":23,"PrismaticShard":13,"Akabeko":8,"Sozu":11,"Matryoshka":16,"Mummified Hand":13,"Ninja Scroll":19,"Bronze Scales":23,"Prayer Wheel":14,"Turnip":15,"Coffee Dripper":20,"Ring of the Snake":0,"Meat on the Bone":5},{"Lantern":108,"Happy Flower":122,"CeramicFish":47,"StoneCalendar":79,"PreservedInsect":70,"Omamori":28,"Incense Burner":62,"Bottled Tornado":116,"PrismaticShard":70,"Akabeko":37,"Sozu":58,"Matryoshka":83,"Mummified Hand":70,"Ninja Scroll":95,"Bronze Scales":116,"Prayer Wheel":75,"Turnip":79,"Coffee Dripper":104,"Ring of the Snake":0,"Meat on the Bone":22}],"Ring of the Snake":[54],"Meat on the Bone":72},"card_choices":[{"not_picked":["Master of Strategy","Secret Weapon"],"picked":"HandOfGreed","floor":0},{"not_picked":["Dagger Spray","Bane"],"picked":"Dash","floor":1},{"not_picked":["Prepared","Dodge and Roll"],"picked":"Backstab","floor":2},{"not_picked":["Setup","Slice"],"picked":"Well Laid Plans","floor":4},{"not_picked":["Acrobatics","Dagger Throw"],"picked":"A Thousand Cuts","floor":5},{"not_picked":["Outmaneuver","Night Terror"],"picked":"PiercingWail","floor":7},{"not_picked":["Prepared","Caltrops"],"picked":"Backflip","floor":8},{"not_picked":["Deadly Poison","Bane"],"picked":"Noxious Fumes","floor":10},{"not_picked":["Expertise","Acrobatics"],"picked":"Dagger Throw","floor":11},{"not_picked":["Infinite Blades","Bane"],"picked":"Dagger Spray","floor":12},{"not_picked":["Underhanded Strike","Noxious Fumes"],"picked":"Tools of the Trade","floor":14},{"not_picked":["Bullet Time","Envenom"],"picked":"Die Die Die","floor":16},{"not_picked":["Reflex","Slice"],"picked":"PiercingWail","floor":18},{"not_picked":["Finisher","Catalyst+1"],"picked":"Backstab","floor":21},{"not_picked":["EmptyFist+1","Sword Boomerang"],"picked":"Quick Slash","floor":23},{"not_picked":["Power Through","Thunderclap"],"picked":"HandOfGreed","floor":25},{"not_picked":["Adaptation","Halt"],"picked":"CrushJoints","floor":27},{"not_picked":["Crescendo","Slice"],"picked":"Hologram+1","floor":28},{"not_picked":["Immolate","FlurryOfBlows+1"],"picked":"Disarm","floor":28},{"not_picked":["Conclude+1","Consume"],"picked":"Glacier","floor":30},{"not_picked":["Tantrum","Wireheading","Heel Hook"],"picked":"SKIP","floor":30},{"not_picked":["Doom and Gloom+1","Seeing Red"],"picked":"Hologram+1","floor":31},{"not_picked":["Mayhem","Rainbow"],"picked":"A Thousand Cuts","floor":33},{"not_picked":["Turbo","Rebound"],"picked":"White Noise+1","floor":35},{"not_picked":["BowlingBash+1","Leap+1","Anger"],"picked":"SKIP","floor":35},{"not_picked":["Prostrate+1","Armaments+1"],"picked":"Clothesline+1","floor":38},{"not_picked":["Deadly Poison+1","Halt","Crescendo+1"],"picked":"SKIP","floor":38},{"not_picked":["Blade Dance+1","Tempest+1"],"picked":"Pommel Strike+1","floor":41},{"not_picked":["Clothesline","Conserve Battery"],"picked":"Core Surge","floor":44},{"not_picked":["PathToVictory+1","Compile Driver+1"],"picked":"Trip","floor":45},{"not_picked":["Meditate","ClearTheMind"],"picked":"ReachHeaven","floor":45},{"not_picked":["Sword Boomerang","EmptyBody"],"picked":"Madness+1","floor":47},{"not_picked":["Swivel+1","Bane+1","Slice"],"picked":"SKIP","floor":47}],"player_experience":1184236,"relics_obtained":[{"floor":7,"key":"Meat on the Bone"},{"floor":9,"key":"Omamori"},{"floor":11,"key":"Akabeko"},{"floor":14,"key":"CeramicFish"},{"floor":23,"key":"Prayer Wheel"},{"floor":25,"key":"StoneCalendar"},{"floor":26,"key":"Turnip"},{"floor":27,"key":"Matryoshka"},{"floor":31,"key":"Ninja Scroll"},{"floor":41,"key":"Bottled Tornado"},{"floor":43,"key":"Bronze Scales"},{"floor":44,"key":"Happy Flower"}],"event_choices":[{"damage_healed":0,"gold_gain":0,"player_choice":"Donut","damage_taken":0,"max_hp_gain":5,"max_hp_loss":0,"event_name":"Big Fish","floor":3,"gold_loss":0},{"cards_removed":["Dagger Throw"],"damage_healed":0,"gold_gain":0,"player_choice":"Gave Card","damage_taken":0,"relics_obtained":["Incense Burner"],"max_hp_gain":0,"max_hp_loss":0,"event_name":"WeMeetAgain","floor":19,"gold_loss":0},{"damage_healed":0,"gold_gain":0,"player_choice":"Ignored","damage_taken":0,"max_hp_gain":0,"max_hp_loss":0,"event_name":"SecretPortal","floor":36,"gold_loss":0},{"damage_healed":0,"gold_gain":0,"player_choice":"Ignored","damage_taken":0,"max_hp_gain":0,"max_hp_loss":0,"event_name":"Tomb of Lord Red Mask","floor":48,"gold_loss":0}],"is_beta":false,"boss_relics":[{"not_picked":["Runic Pyramid","Black Star"],"picked":"Sozu"},{"not_picked":["Empty Cage","Astrolabe"],"picked":"Coffee Dripper"}],"items_purged_floors":[20,37,39],"is_endless":false,"potions_floor_spawned":[1,2,11,16,18,27,28,33,45,47],"killed_by":"Donu and Deca","ascension_level":3}}