{"host":"kmq7aw60w430zvtx","time":1612779005,"event":{"mods":["BaseMod","Downfall","GifTheSpireLib","Hermit","Hubris","Infinite Spire","Minty Spire (QoL Compilation)","Reliquary","Replay The Spire","Spire Arcade","StSLib","The Construct","The Cursed","The Hierophant","The Jungle","The Necromancer","The Runesmith"],"gold_per_floor":[109,109,124,124,144,175,188,188,211,222,4,4,30,30,30,131,131,150,150,150,167,184,184,195,212,239,19,51,51,68,87,87,295,295,326,203,228,259,309,309,362,404,404,404,404,404],"floor_reached":45,"language":"ENG","playtime":1924,"items_purged":["Strike_R","Strike_R"],"score":878,"play_id":"71cf92b8-030a-4372-accd-216e920260a4","local_time":"20210208111005","is_ascension_mode":true,"campfire_choices":[{"floor":8,"key":"RECALL"},{"floor":15,"key":"REST"},{"data":"Combust","floor":23,"key":"SMITH"},{"data":"ReplayTheSpireMod:Limb From Limb","floor":29,"key":"SMITH"},{"floor":32,"key":"REST"},{"floor":40,"key":"REST"},{"data":"Defend_R","floor":44,"key":"PURGE"}],"circlet_count":0,"master_deck":["Strike_R","Strike_R","Defend_R","Defend_R","Defend_R","Bash","Hemogenesis","ReplayTheSpireMod:Limb From Limb+1","Disarm","Iron Wave","Rupture+1","Flex","Reaper","Combust+1","Bloodletting","Whirlwind","Immolate","Rage","Iron Wave","Body Slam+1","Replay:Undeath\u0027s Touch","Anger+1","Anger+1","Intimidate+1","Heavy Blade","Feed","Combust+1","ReplayTheSpireMod:Muscle Training","Heavy Blade","Clash+1","Clash+1","ReplayTheSpireMod:Stacked+1","Rage+1","Limit Break"],"relics":["Burning Blood","hubris:Icosahedron","hubris:GlazedTorus","reliquary:PartyBalloon","Centennial Puzzle","ReplayFunnel","Painkiller Herb","Nunchaku","hubris:MobiusCoin","Bag of Marbles","Sling","Another Sword","infinitespire:EvilPickle","Fusion Hammer","Peace Pipe","Happy Flower","StrikeDummy"],"acts_visited":["Exordium","TheCity","TheBeyond"],"potions_floor_usage":[6,6,7,16,28,30,33,38,45],"damage_taken":[{"damage":0,"enemies":"Small Slimes","floor":1,"turns":3},{"damage":7,"enemies":"Jaw Worm","floor":3,"turns":5},{"damage":8,"enemies":"Cultist","floor":5,"turns":4},{"damage":8,"enemies":"Gremlin Nob","floor":6,"turns":3},{"damage":36,"enemies":"Exordium Thugs","floor":7,"turns":7},{"damage":6,"enemies":"2 Fungi Beasts","floor":10,"turns":5},{"damage":48,"enemies":"3 Sentries","floor":13,"turns":7},{"damage":8,"enemies":"Slime Boss","floor":16,"turns":6},{"damage":27,"enemies":"Spheric Guardian","floor":18,"turns":5},{"damage":27,"enemies":"Chosen","floor":21,"turns":5},{"damage":2,"enemies":"Snecko","floor":22,"turns":3},{"damage":28,"enemies":"Centurion and Healer","floor":24,"turns":3},{"damage":9,"enemies":"Cultist and Chosen","floor":25,"turns":4},{"damage":3,"enemies":"Replay:Snechameleon","floor":28,"turns":5},{"damage":17,"enemies":"3 Cultists","floor":30,"turns":3},{"damage":26,"enemies":"Snake Plant","floor":31,"turns":4},{"damage":35,"enemies":"Pondfish","floor":33,"turns":7},{"damage":14,"enemies":"3 Shapes","floor":35,"turns":2},{"damage":2,"enemies":"Orb Walker","floor":37,"turns":2},{"damage":33,"enemies":"Writhing Mass","floor":38,"turns":5},{"damage":4,"enemies":"Mind Bloom Boss Battle","floor":39,"turns":3},{"damage":13,"enemies":"Giant Head","floor":41,"turns":5},{"damage":6,"enemies":"4 Shapes","floor":42,"turns":4},{"damage":29,"enemies":"infinitespire:Three Voidlings","floor":45,"turns":3},{"damage":62,"enemies":"Nightmare_Alpha","floor":45,"turns":5}],"seed_played":"6781320851554138246","potions_obtained":[{"floor":1,"key":"PowerPotion"},{"floor":5,"key":"infinitespire:BlackPotion"},{"floor":6,"key":"Energy Potion"},{"floor":13,"key":"Adrenaline Potion"},{"floor":16,"key":"champ:CounterPotion"},{"floor":21,"key":"FearPotion"},{"floor":24,"key":"BlessingOfTheForge"},{"floor":30,"key":"Weak Potion"},{"floor":37,"key":"Fire Potion"},{"floor":38,"key":"Reflective Coating"},{"floor":41,"key":"Weak Potion"}],"is_trial":false,"path_per_floor":["M","?","M","T","M","E","M","R","T","M","$","?","E","?","R","B",null,"?","?","AVR","?","?","T","?","?","T","T","E","T","?","?","T","B",null,"?","T","?","?","?","T","E","?","T","T","?"],"character_chosen":"IRONCLAD","items_purchased":["Combust","Centennial Puzzle","Sling","ReplayTheSpireMod:Muscle Training","Heavy Blade"],"campfire_rested":3,"item_purchase_floors":[11,11,27,36,36],"current_hp_per_floor":[80,80,80,80,78,76,46,46,46,51,51,51,25,25,49,47,72,51,51,51,46,55,55,45,55,55,55,63,63,52,42,66,58,75,72,72,76,59,61,83,83,83,83,83,0,0],"gold":404,"neow_bonus":"ONE_RANDOM_RARE_CARD","is_daily":false,"chose_seed":false,"campfire_upgraded":2,"win_rate":0.0,"timestamp":1612779005,"path_taken":["M","?","M","?","M","E","?","R","T","M","?","?","E","?","R","BOSS","?","?","AVR","?","?","T","?","?","T","T","E","T","?","?","T","BOSS","?","T","?","?","?","T","E","?","T","T","?"],"items_purchased_type":["Card","Relic","Relic","Card","Card"],"build_version":"2020-12-22","purchased_purges":2,"victory":false,"max_hp_per_floor":[80,80,80,80,80,80,80,80,80,80,80,80,80,80,80,80,80,80,80,80,80,80,80,80,80,80,80,80,80,80,80,80,80,80,80,80,80,83,83,83,83,83,83,83,83,83],"card_choices":[{"not_picked":["True Grit","Feel No Pain"],"picked":"ReplayTheSpireMod:Limb From Limb","floor":1},{"not_picked":["Havoc","Pommel Strike"],"picked":"Disarm","floor":3},{"not_picked":["hubris:ReadiedAction","Sword Boomerang"],"picked":"Iron Wave","floor":5},{"not_picked":["Rampage","Anger"],"picked":"Rupture","floor":6},{"not_picked":["hubris:ReadiedAction","Pommel Strike"],"picked":"Flex","floor":7},{"not_picked":["Clash","Searing Blow"],"picked":"Reaper","floor":10},{"not_picked":["Perfected Strike","Iron Wave"],"picked":"Bloodletting","floor":13},{"not_picked":["Replay:Many Hands","Eclipse"],"picked":"Immolate","floor":16},{"not_picked":["infinitespire:OneForAll","ReplayTheSpireMod:Limb From Limb"],"picked":"Rage","floor":18},{"not_picked":["True Grit","Wild Strike"],"picked":"Iron Wave","floor":21},{"not_picked":["Sword Boomerang","hubris:ReadiedAction"],"picked":"Body Slam+1","floor":22},{"not_picked":["Sentinel","Pommel Strike"],"picked":"Replay:Undeath\u0027s Touch","floor":24},{"not_picked":["hubris:ReadiedAction+1","Warcry"],"picked":"Anger+1","floor":25},{"not_picked":["Demon Form","Defy Death+1"],"picked":"Anger+1","floor":28},{"not_picked":["Replay:Undeath\u0027s Touch","Wild Strike"],"picked":"Intimidate+1","floor":30},{"not_picked":["Flame Barrier+1","True Grit+1"],"picked":"Heavy Blade","floor":31},{"not_picked":["Immolate","Replay:Many Hands"],"picked":"Feed","floor":33},{"not_picked":["Body Slam+1","Havoc"],"picked":"Combust+1","floor":35},{"not_picked":["Sword Boomerang+1","Spot Weakness+1"],"picked":"Clash+1","floor":37},{"not_picked":["Defy Death","Second Wind"],"picked":"Clash+1","floor":38},{"not_picked":["ReplayTheSpireMod:Strike From Hell+1","Headbutt"],"picked":"ReplayTheSpireMod:Stacked+1","floor":39},{"not_picked":["Sentinel+1","Shockwave"],"picked":"Rage+1","floor":41},{"not_picked":["Dark Embrace","Warcry+1"],"picked":"Limit Break","floor":42}],"player_experience":349479,"relics_obtained":[{"floor":4,"key":"hubris:GlazedTorus"},{"floor":6,"key":"reliquary:PartyBalloon"},{"floor":13,"key":"ReplayFunnel"},{"floor":26,"key":"Bag of Marbles"},{"floor":28,"key":"Another Sword"},{"floor":39,"key":"Peace Pipe"},{"floor":41,"key":"Happy Flower"},{"floor":43,"key":"StrikeDummy"}],"event_choices":[{"damage_healed":0,"gold_gain":0,"cards_transformed":["Strike_R"],"player_choice":"Transformed","damage_taken":0,"max_hp_gain":0,"max_hp_loss":0,"event_name":"Transmorgrifier","floor":14,"gold_loss":0,"cards_obtained":["Whirlwind"]},{"damage_healed":0,"gold_gain":0,"player_choice":"Opened","damage_taken":0,"relics_obtained":["Nunchaku"],"max_hp_gain":0,"max_hp_loss":0,"event_name":"The Mausoleum","floor":19,"gold_loss":0},{"damage_healed":0,"gold_gain":0,"player_choice":"Fight","damage_taken":0,"max_hp_gain":0,"max_hp_loss":0,"event_name":"MindBloom","floor":39,"gold_loss":0}],"is_beta":false,"boss_relics":[{"not_picked":["Kintsugi","Runic Dome"],"picked":"Painkiller Herb"},{"not_picked":["Replay:Bronze Core","hubris:TerracottaHorce"],"picked":"Fusion Hammer"}],"items_purged_floors":[20,27],"is_endless":false,"potions_floor_spawned":[1,5,6,13,16,21,24,30,37,38,41,45],"killed_by":"Nightmare_Alpha","ascension_level":5}}