{"host":"c35j6tsoy7cxzn43","time":1612786196,"event":{"mods":["BaseMod","Better Third Choice","BetterRewards","Colored Map","Colored Powertips","Conspire","Highlight Path","Hubris","Infinite Spire","Minty Spire (QoL Compilation)","Quick Restart","Replay The Spire","Shop Mod","StSLib"],"gold_per_floor":[119,129,143,154,64,64,64,97,97,97,123,123,140,140,140,245,245,265,280,19,19,34,34,67,67,94,94,113,113,123,143,143,238,238,255,275,92,102,117,117,136,171,195,207,207,221,221,221,221,221,221,221,75,104,104,104],"floor_reached":55,"language":"ENG","playtime":2959,"items_purged":["Strike_G","Strike_G"],"score":881,"play_id":"05b584d3-399c-4d7f-bcd8-7870faadcbcb","local_time":"20210208130956","is_ascension_mode":false,"campfire_choices":[{"data":"Catalyst","floor":6.0,"key":"SMITH"},{"data":"Poisoned Stab","floor":10.0,"key":"SMITH"},{"data":"Bane","floor":12.0,"key":"SMITH"},{"data":"Deadly Poison","floor":15.0,"key":"SMITH"},{"data":"Bullet Time","floor":23.0,"key":"SMITH"},{"data":"After Image","floor":25.0,"key":"SMITH"},{"data":"Master of Strategy","floor":27.0,"key":"SMITH"},{"data":"RitualDagger","floor":32.0,"key":"SMITH"},{"data":"ReplayUltimateDefense","floor":40.0,"key":"SMITH"},{"data":"Burst","floor":45.0,"key":"SMITH"},{"floor":49.0,"key":"RECALL"},{"data":"Poison Darts","floor":52.0,"key":"SMITH"}],"circlet_count":0,"master_deck":["Strike_G","Strike_G","Defend_G","Defend_G","Defend_G","Defend_G","Defend_G","Survivor","Neutralize","Deadly Poison+1","Bane+1","Replay:Poison Smokescreen","Catalyst+1","Poisoned Stab+1","Backflip","Bullet Time+1","Master of Strategy+1","After Image+1","Bouncing Flask+1","RitualDagger+1","conspire:PoisonWeapons+1","Bullet Time","Bane+1","ReplayUltimateDefense+1","Burst+1","Poison Darts+1","Backflip+1"],"relics":["Ring of the Snake","NeowsBlessing","Strawberry","Bag of Preparation","Coffee Dripper","Happy Flower","Potion Belt","SacredBark","Dream Catcher","PreservedInsect","Ginger","TwistedFunnel","hubris:SlimyHat"],"acts_visited":["Exordium","TheCity","TheBeyond","TheEnding"],"potions_floor_usage":[55],"damage_taken":[{"damage":0.0,"enemies":"Jaw Worm","floor":1.0,"turns":1.0},{"damage":0.0,"enemies":"Small Slimes","floor":2.0,"turns":1.0},{"damage":0.0,"enemies":"Cultist","floor":3.0,"turns":1.0},{"damage":0.0,"enemies":"Large Slime","floor":4.0,"turns":6.0},{"damage":27.0,"enemies":"3 Sentries","floor":8.0,"turns":9.0},{"damage":15.0,"enemies":"Gremlin Nob","floor":11.0,"turns":4.0},{"damage":8.0,"enemies":"2 Fungi Beasts","floor":13.0,"turns":3.0},{"damage":20.0,"enemies":"The Guardian","floor":16.0,"turns":9.0},{"damage":0.0,"enemies":"Chosen","floor":18.0,"turns":3.0},{"damage":9.0,"enemies":"2 Thieves","floor":19.0,"turns":4.0},{"damage":0.0,"enemies":"Snake Plant","floor":22.0,"turns":2.0},{"damage":0.0,"enemies":"conspire:SneckoGhost","floor":24.0,"turns":3.0},{"damage":4.0,"enemies":"conspire:HollyBat","floor":28.0,"turns":5.0},{"damage":8.0,"enemies":"Cultist and Chosen","floor":30.0,"turns":5.0},{"damage":0.0,"enemies":"Shelled Parasite and Fungi","floor":31.0,"turns":2.0},{"damage":17.0,"enemies":"hubris:MusketHawk","floor":33.0,"turns":6.0},{"damage":11.0,"enemies":"3 Darklings","floor":35.0,"turns":3.0},{"damage":3.0,"enemies":"3 Shapes","floor":36.0,"turns":5.0},{"damage":18.0,"enemies":"Sphere and 2 Shapes","floor":38.0,"turns":6.0},{"damage":0.0,"enemies":"Jaw Worm Horde","floor":39.0,"turns":4.0},{"damage":3.0,"enemies":"4 Shapes","floor":41.0,"turns":8.0},{"damage":0.0,"enemies":"Giant Head","floor":42.0,"turns":3.0},{"damage":13.0,"enemies":"3 Darklings","floor":44.0,"turns":3.0},{"damage":0.0,"enemies":"Transient","floor":46.0,"turns":5.0},{"damage":0.0,"enemies":"infinitespire:MassOfShapes","floor":50.0,"turns":2.0},{"damage":0.0,"enemies":"Shield and Spear","floor":54.0,"turns":5.0},{"damage":116,"enemies":"The Heart","floor":55,"turns":6}],"seed_played":"-2904564724666111258","potions_obtained":[{"floor":4.0,"key":"SmokeBomb"},{"floor":8.0,"key":"SkillPotion"},{"floor":11.0,"key":"FearPotion"},{"floor":22.0,"key":"Weak Potion"},{"floor":30.0,"key":"SkillPotion"},{"floor":33.0,"key":"Energy Potion"},{"floor":36.0,"key":"BlessingOfTheForge"},{"floor":38.0,"key":"ColorlessPotion"},{"floor":44.0,"key":"Swift Potion"}],"is_trial":false,"path_per_floor":["M","M","M","M","$","R","?","E","T","R","E","R","M","?","R","B",null,"M","M","$","?","M","R","E","R","T","R","M","?","M","M","R","B",null,"M","M","$","M","M","R","M","E","T","M","R","M","?","AVR","R","B",null,"R","$","E","B"],"character_chosen":"THE_SILENT","items_purchased":["Catalyst","Poisoned Stab","Master of Strategy","ReplayUltimateDefense","TwistedFunnel"],"campfire_rested":0,"item_purchase_floors":[5,5,20,37,53],"current_hp_per_floor":[70,70,70,70,70,70,63,43,43,43,28,28,20,45,45,25,77,77,68,68,68,68,68,68,68,68,68,64,58,50,50,50,33,77,66,63,63,45,45,45,42,42,42,29,29,29,29,29,29,29,77,77,77,77,0,0],"gold":104,"neow_bonus":"THREE_ENEMY_KILL","is_daily":false,"chose_seed":false,"campfire_upgraded":11,"win_rate":0.0,"timestamp":1612786196,"path_taken":["M","M","M","M","$","R","?","E","T","R","E","R","M","?","R","BOSS","M","M","$","?","M","R","E","R","T","R","M","?","M","M","R","BOSS","M","M","$","M","M","R","M","E","T","M","R","M","?","AVR","R","BOSS","R","$","E","BOSS"],"items_purchased_type":["Card","Card","Card","Card","Relic"],"build_version":"2020-12-22","purchased_purges":2,"victory":false,"max_hp_per_floor":[70,70,70,70,70,70,70,77,77,77,77,77,77,77,77,77,77,77,77,77,77,77,77,77,77,77,77,77,77,77,77,77,77,77,77,77,77,77,77,77,77,77,77,77,77,77,77,77,77,77,77,77,77,77,77,77],"card_choices":[{"not_picked":["Reflex","Cloak And Dagger"],"picked":"Deadly Poison","floor":1.0},{"not_picked":["Cloak And Dagger","Deadly Poison"],"picked":"Bane","floor":2.0},{"not_picked":["Quick Slash","Underhanded Strike"],"picked":"Replay:Poison Smokescreen","floor":3.0},{"not_picked":["Backflip","Dagger Throw","Hidden Blade"],"picked":"SKIP","floor":4.0},{"not_picked":["Sucker Punch","Backstab"],"picked":"Backflip","floor":8.0},{"not_picked":["Replay:Poison Smokescreen","Outmaneuver","Flechettes"],"picked":"SKIP","floor":11.0},{"not_picked":["Dodge and Roll","Sucker Punch","ReplayTheSpireMod:Exploit Weakness"],"picked":"SKIP","floor":13.0},{"not_picked":["Corpse Explosion","Wraith Form v2"],"picked":"Bullet Time","floor":16.0},{"not_picked":["Quick Slash","Acrobatics","Hidden Blade"],"picked":"SKIP","floor":18.0},{"not_picked":["Sucker Punch+1","Escape Plan+1","Slice"],"picked":"SKIP","floor":19.0},{"not_picked":["Distraction+1","Quick Slash","Caltrops"],"picked":"SKIP","floor":22.0},{"not_picked":["Bane+1","Prepared"],"picked":"After Image","floor":24.0},{"not_picked":["Poisoned Stab","Cloak And Dagger"],"picked":"Bouncing Flask+1","floor":28.0},{"not_picked":["Prepared+1","Poisoned Stab"],"picked":"conspire:PoisonWeapons+1","floor":30.0},{"not_picked":["Dodge and Roll","Poisoned Stab","Dagger Spray"],"picked":"SKIP","floor":31.0},{"not_picked":["Envenom","Die Die Die"],"picked":"Bullet Time","floor":33.0},{"not_picked":["Sucker Punch","Dagger Spray"],"picked":"Bane+1","floor":35.0},{"not_picked":["Leg Sweep","Acrobatics+1","Bane"],"picked":"SKIP","floor":36.0},{"not_picked":["Sucker Punch","Outmaneuver+1","Underhanded Strike"],"picked":"SKIP","floor":38.0},{"not_picked":["hubris:TrickCloak+1","Flying Knee+1","Dodge and Roll"],"picked":"SKIP","floor":39.0},{"not_picked":["Dodge and Roll","hubris:SlightOfHand"],"picked":"Burst","floor":41.0},{"not_picked":["PiercingWail+1","hubris:SlightOfHand"],"picked":"Poison Darts","floor":42.0},{"not_picked":["Bouncing Flask","Dagger Spray+1"],"picked":"Backflip+1","floor":44.0},{"not_picked":["Infinite Blades","Endless Agony","Expertise+1"],"picked":"SKIP","floor":46.0},{"not_picked":["hubris:SlightOfHand+1","Escape Plan","Sucker Punch+1"],"picked":"SKIP","floor":54.0}],"player_experience":463966,"relics_obtained":[{"floor":8.0,"key":"Strawberry"},{"floor":11.0,"key":"Bag of Preparation"},{"floor":24.0,"key":"Happy Flower"},{"floor":26.0,"key":"Potion Belt"},{"floor":42.0,"key":"Dream Catcher"},{"floor":43.0,"key":"PreservedInsect"},{"floor":54.0,"key":"hubris:SlimyHat"}],"event_choices":[{"cards_removed":["Strike_G"],"damage_healed":0.0,"max_hp_gain":0.0,"max_hp_loss":0.0,"gold_gain":0.0,"event_name":"Golden Wing","player_choice":"Card Removal","floor":7.0,"gold_loss":0.0,"damage_taken":7.0},{"damage_healed":25.0,"max_hp_gain":0.0,"max_hp_loss":0.0,"gold_gain":0.0,"event_name":"Big Fish","player_choice":"Banana","floor":14.0,"gold_loss":0.0,"damage_taken":0.0},{"damage_healed":0.0,"max_hp_gain":0.0,"max_hp_loss":0.0,"gold_gain":0.0,"event_name":"conspire:Investor","player_choice":"Leave","floor":21.0,"gold_loss":0.0,"damage_taken":0.0},{"damage_healed":0.0,"max_hp_gain":0.0,"max_hp_loss":0.0,"gold_gain":0.0,"event_name":"betterThird:BetterNest","player_choice":"Dagger","floor":29.0,"gold_loss":0.0,"damage_taken":6.0,"cards_obtained":["RitualDagger"]},{"damage_healed":0.0,"max_hp_gain":0.0,"max_hp_loss":0.0,"gold_gain":0.0,"event_name":"Tomb of Lord Red Mask","player_choice":"Ignored","floor":47.0,"gold_loss":0.0,"damage_taken":0.0}],"is_beta":false,"boss_relics":[{"not_picked":["hubris:Stopwatch","Runic Dome"],"picked":"Coffee Dripper"},{"not_picked":["hubris:CrackedHourglass","Replay:Grab Bag"],"picked":"SacredBark"}],"items_purged_floors":[20,48],"is_endless":false,"potions_floor_spawned":[4,8,11,22,30,33,36,38,44],"killed_by":"The Heart","ascension_level":0}}