{"host":"lehbxtjrpalkmwwj","time":1612794811,"event":{"mods":["Aspiration","BaseMod","Colored Map","Colored Powertips","Conspire","GungeonMod","KomeijiMod","Lobotomy","Minty Spire (QoL Compilation)","Quick Restart","Replay The Spire","Shop Mod","StSLib","The Cursed","The Poker Player","[IsaacMod]ÒÔÈö¼âËþ"],"gold_per_floor":[110,110,131,16,30,66,91,127,127,127,127,127,171,171,171,171,171],"floor_reached":16,"language":"ZHS","playtime":420,"items_purged":[],"score":130,"play_id":"33dcaca0-91ea-48ab-83bb-1c33764242af","local_time":"20210208223331","is_ascension_mode":true,"campfire_choices":[{"floor":12.0,"key":"RECALL"},{"data":"EpicFetus","floor":15,"key":"SMITH"}],"circlet_count":0,"master_deck":["Strike_R","Strike_R","Strike_R","Strike_R","Strike_R","Defend_R","Defend_R","Defend_R","Bash","EpicFetus+1","Heavy Blade","Twin Strike","Flex","Replay:Undeath\u0027s Touch","Limit Break","Metallicize","Impervious"],"relics":["Burning Blood","HushsDoor","Chaos","aspiration:DSix","Golden Idol","DemoMod:GnawedKey","aspiration:FrozenJewel","DemoMod:AgedBell","DoctorsRemote"],"acts_visited":["Exordium"],"potions_floor_usage":[16],"damage_taken":[{"damage":14.0,"enemies":"Jaw Worm","floor":1.0,"turns":3.0},{"damage":0.0,"enemies":"Small Slimes","floor":3.0,"turns":3.0},{"damage":5.0,"enemies":"Cultist","floor":5.0,"turns":3.0},{"damage":24.0,"enemies":"Gremlin Nob","floor":6.0,"turns":4.0},{"damage":0.0,"enemies":"Large Slime","floor":7.0,"turns":3.0},{"damage":27.0,"enemies":"3 Sentries","floor":8.0,"turns":6.0},{"damage":13.0,"enemies":"Gremlin Nob","floor":13.0,"turns":5.0},{"damage":9,"enemies":"Fading Forest","floor":16,"turns":8}],"seed_played":"-5736710671330962234","potions_obtained":[{"floor":1.0,"key":"Fire Potion"},{"floor":6.0,"key":"Flashbang"},{"floor":7.0,"key":"BlessingOfTheForge"},{"floor":13,"key":"BloodPotion"}],"is_trial":false,"path_per_floor":["M","?","M","$","M","E","M","E","T","?","$","R","E","$","R","B"],"character_chosen":"IRONCLAD","items_purchased":["DemoMod:GnawedKey"],"campfire_rested":0,"item_purchase_floors":[4],"current_hp_per_floor":[72,52,58,58,59,41,47,26,26,26,26,26,19,19,19,26,26],"gold":171,"neow_bonus":"DSIX","is_daily":false,"chose_seed":false,"campfire_upgraded":1,"win_rate":0.0,"timestamp":1612794811,"path_taken":["M","?","?","$","M","E","M","E","T","?","$","R","E","?","R","BOSS"],"items_purchased_type":["Relic"],"build_version":"2020-12-22","purchased_purges":0,"victory":false,"max_hp_per_floor":[80,80,80,80,80,80,80,80,80,80,80,80,80,80,80,80,80],"card_choices":[{"not_picked":[],"picked":"EpicFetus","floor":0.0},{"not_picked":["Headbutt","Evolve"],"picked":"Heavy Blade","floor":1.0},{"not_picked":["Sentinel","ReplayTheSpireMod:Stacked"],"picked":"Twin Strike","floor":3.0},{"not_picked":["Shrug It Off","Armaments"],"picked":"Flex","floor":5.0},{"not_picked":["Evolve","True Grit"],"picked":"Replay:Undeath\u0027s Touch","floor":6.0},{"not_picked":["Flex","ReplayTheSpireMod:Muscle Training"],"picked":"Limit Break","floor":7.0},{"not_picked":["Twin Strike","Seeing Red"],"picked":"Metallicize","floor":8.0},{"not_picked":["Wild Strike","conspire:ExplosiveBarrier"],"picked":"Impervious","floor":13}],"player_experience":141841,"relics_obtained":[{"floor":6.0,"key":"aspiration:FrozenJewel"},{"floor":8.0,"key":"DemoMod:AgedBell"},{"floor":13,"key":"DoctorsRemote"}],"event_choices":[{"damage_healed":0.0,"max_hp_gain":0.0,"max_hp_loss":0.0,"gold_gain":0.0,"event_name":"Golden Idol","player_choice":"Take Damage","floor":2.0,"gold_loss":0.0,"damage_taken":20.0,"relics_obtained":["Golden Idol"]},{"cards_removed":["Defend_R"],"damage_healed":0.0,"max_hp_gain":0.0,"max_hp_loss":0.0,"gold_gain":0.0,"event_name":"Bonfire Elementals","player_choice":"Offered Basic","floor":10.0,"gold_loss":0.0,"damage_taken":0.0}],"is_beta":false,"boss_relics":[],"items_purged_floors":[],"is_endless":false,"potions_floor_spawned":[1,6,7,13],"killed_by":"Fading Forest","ascension_level":2}}