{"host":"Qube","time":1612812804,"event":{"mods":["AchievementEnabler","BaseMod","Colored Map","Colored Powertips","Highlight Path","Minty Spire (QoL Compilation)","Permanent Neow","Quick Restart","Random Character Button","StSLib"],"gold_per_floor":[109,128,128,143,154,154,180,192,192,234,234,275,302,328,328,328,328],"floor_reached":16,"language":"ENG","playtime":1800,"items_purged":[],"score":248,"play_id":"d6f19a73-1939-48cb-85c6-f7a0a4bce00c","local_time":"20210208113324","is_ascension_mode":true,"campfire_choices":[{"data":"Streamline","floor":6.0,"key":"SMITH"},{"floor":11,"key":"REST"},{"data":"Loop","floor":15,"key":"SMITH"}],"circlet_count":0,"master_deck":["AscendersBane","Strike_B","Strike_B","Strike_B","Strike_B","Defend_B","Defend_B","Defend_B+1","Defend_B","Zap","Dualcast+1","Leap","Sweeping Beam","Streamline+1","Rip and Tear","Glacier","Beam Cell","Loop+1","Hologram","Ball Lightning","Coolheaded"],"relics":["Cracked Core","War Paint","Incense Burner","CeramicFish","Regal Pillow","InkBottle"],"acts_visited":["Exordium"],"potions_floor_usage":[8,10,12,12],"damage_taken":[{"damage":7.0,"enemies":"Jaw Worm","floor":1.0,"turns":3.0},{"damage":0.0,"enemies":"2 Louse","floor":2.0,"turns":3.0},{"damage":2.0,"enemies":"Cultist","floor":4.0,"turns":5.0},{"damage":3.0,"enemies":"Looter","floor":5.0,"turns":2.0},{"damage":17.0,"enemies":"Lagavulin","floor":7.0,"turns":6.0},{"damage":0,"enemies":"Exordium Wildlife","floor":8,"turns":5},{"damage":7,"enemies":"Gremlin Nob","floor":10,"turns":3},{"damage":22,"enemies":"Lagavulin","floor":12,"turns":4},{"damage":10,"enemies":"Exordium Thugs","floor":13,"turns":4},{"damage":0,"enemies":"2 Fungi Beasts","floor":14,"turns":2},{"damage":40,"enemies":"Hexaghost","floor":16,"turns":9}],"seed_played":"7567089438952594913","potions_obtained":[{"floor":5.0,"key":"Fire Potion"},{"floor":7.0,"key":"Strength Potion"},{"floor":8,"key":"FocusPotion"},{"floor":10,"key":"DistilledChaos"}],"is_trial":false,"path_per_floor":["M","M","?","M","M","R","E","M","T","E","R","E","M","M","R","B"],"character_chosen":"DEFECT","items_purchased":[],"campfire_rested":1,"item_purchase_floors":[],"current_hp_per_floor":[57,57,62,60,57,57,40,40,40,33,70,48,38,38,38,0,0],"gold":328,"neow_bonus":"RANDOM_COMMON_RELIC","is_daily":false,"chose_seed":false,"campfire_upgraded":2,"win_rate":0.0,"timestamp":1612812804,"path_taken":["M","M","?","M","M","R","E","M","T","E","R","E","M","M","R","BOSS"],"items_purchased_type":[],"build_version":"2020-12-18","purchased_purges":0,"victory":false,"max_hp_per_floor":[71,71,76,76,76,76,76,76,76,76,76,76,76,76,76,76,76],"card_choices":[{"not_picked":["Barrage","Doom and Gloom"],"picked":"Leap","floor":1.0},{"not_picked":["White Noise","Steam Power"],"picked":"Sweeping Beam","floor":2.0},{"not_picked":["Redo","Compile Driver"],"picked":"Streamline","floor":4.0},{"not_picked":["Lockon","Sweeping Beam"],"picked":"Rip and Tear","floor":5.0},{"not_picked":["Doom and Gloom","Turbo"],"picked":"Glacier","floor":7.0},{"not_picked":["Leap","Reprogram"],"picked":"Beam Cell","floor":8},{"not_picked":["Ball Lightning","Gash"],"picked":"Loop","floor":10},{"not_picked":["Amplify","Hello World"],"picked":"Hologram","floor":12},{"not_picked":["Hologram","Reprogram"],"picked":"Ball Lightning","floor":13},{"not_picked":["Turbo","Sweeping Beam"],"picked":"Coolheaded","floor":14}],"player_experience":1114907,"relics_obtained":[{"floor":7.0,"key":"Incense Burner"},{"floor":9,"key":"CeramicFish"},{"floor":10,"key":"Regal Pillow"},{"floor":12,"key":"InkBottle"}],"event_choices":[{"damage_healed":0.0,"max_hp_gain":5.0,"max_hp_loss":0.0,"gold_gain":0.0,"event_name":"Big Fish","player_choice":"Donut","floor":3.0,"gold_loss":0.0,"damage_taken":0.0}],"is_beta":true,"boss_relics":[],"items_purged_floors":[],"is_endless":false,"potions_floor_spawned":[5,7,8,10],"killed_by":"Hexaghost","ascension_level":20}}