{"host":"vflj39ie5n27t074","time":1612765023,"event":{"mods":["BaseMod","BetterRewards","Bossed Relics","Colored Map","Colored Powertips","Downfall","Hero for Fun","Hubris","Infinite Spire","Marisa????????","Minty Spire (QoL Compilation)","Replay The Spire","SIMod","StSLib","The Jungle","The Mystic","The Poker Player","The Servant 0.9.4"],"gold_per_floor":[119,69,83,95,111,141,141,172,198,198,212,62,94,109,109,204,204,221,221,32,49,49,80,80,80,80],"floor_reached":25,"language":"ENG","playtime":1298,"items_purged":[],"score":265,"play_id":"d0e1ae00-5131-4266-af02-d867c5c1d59e","local_time":"20210208001702","is_ascension_mode":true,"campfire_choices":[{"data":"Eruption","floor":7,"key":"SMITH"},{"floor":10,"key":"REST"},{"floor":15,"key":"REST"}],"circlet_count":0,"master_deck":["Strike_P","Strike_P","Strike_P","Strike_P","Defend_P","Defend_P","Defend_P","Eruption+1","Vigilance","Consecrate","FlurryOfBlows","Replay:BluntJabs","Adaptation","Crescendo","Meditate","ThirdEye","Perseverance","Establishment","CutThroughFate+1","CutThroughFate"],"relics":["PureWater","Replay:Rubber Ducky","Vajra","Simple Rune","Melange","HornCleat","hubris:ScarierMask","MarkOfWind","Happy Flower","Thread and Needle"],"acts_visited":["Exordium","TheCity"],"potions_floor_usage":[8,8,23,23],"damage_taken":[{"damage":3,"enemies":"Jaw Worm","floor":1,"turns":4},{"damage":0,"enemies":"Small Slimes","floor":3,"turns":2},{"damage":0,"enemies":"Cultist","floor":4,"turns":2},{"damage":5,"enemies":"Exordium Wildlife","floor":5,"turns":2},{"damage":27,"enemies":"3 Sentries","floor":6,"turns":7},{"damage":21,"enemies":"Gremlin Nob","floor":8,"turns":3},{"damage":0,"enemies":"2 Fungi Beasts","floor":11,"turns":2},{"damage":1,"enemies":"3 Sentries","floor":13,"turns":4},{"damage":8,"enemies":"Exordium Thugs","floor":14,"turns":4},{"damage":22,"enemies":"Hexaghost","floor":16,"turns":7},{"damage":34,"enemies":"Shell Parasite","floor":18,"turns":9},{"damage":0,"enemies":"Spheric Guardian","floor":21,"turns":2},{"damage":36,"enemies":"Nightmare","floor":23,"turns":6},{"damage":10,"enemies":"Slavers","floor":25,"turns":1}],"seed_played":"4849692782866116781","potions_obtained":[{"floor":3,"key":"Adrenaline Potion"},{"floor":5,"key":"Weak Potion"},{"floor":13,"key":"Explosive Potion"},{"floor":16,"key":"DuplicationPotion"}],"is_trial":false,"path_per_floor":["M","?","M","M","M","E","R","E","T","R","M","$","E","M","R","B",null,"M","?","$","M","?","NM","$","E"],"character_chosen":"WATCHER","items_purchased":["Melange","CutThroughFate+1","Happy Flower"],"campfire_rested":2,"item_purchase_floors":[12,20,20],"current_hp_per_floor":[69,69,69,69,64,37,37,16,16,37,37,37,36,28,49,27,72,38,38,38,38,38,2,2,0,0],"gold":80,"neow_bonus":"THREE_CARDS","is_daily":false,"chose_seed":false,"campfire_upgraded":1,"win_rate":0.0,"timestamp":1612765022,"path_taken":["M","?","M","M","M","E","R","E","T","R","M","$","E","M","R","BOSS","M","?","$","M","?","NM","$","E"],"items_purchased_type":["Relic","Card","Relic"],"build_version":"2020-12-22","purchased_purges":0,"victory":false,"max_hp_per_floor":[72,72,72,72,72,72,72,72,72,72,72,72,72,72,72,72,72,72,72,72,72,72,72,72,72,72],"card_choices":[{"not_picked":["PathToVictory","Prostrate"],"picked":"Consecrate","floor":0},{"not_picked":["EmptyFist","ForeignInfluence"],"picked":"FlurryOfBlows","floor":1},{"not_picked":["ThirdEye","Replay:Vibes"],"picked":"Replay:BluntJabs","floor":3},{"not_picked":["SashWhip","Replay:Battleflow"],"picked":"Adaptation","floor":4},{"not_picked":["ConjureBlade","FollowUp","Replay:ManipulateFuture"],"picked":"SKIP","floor":5},{"not_picked":["BowlingBash","Replay:DivineShield"],"picked":"Crescendo","floor":6},{"not_picked":["FlyingSleeves","Replay:LoomingThreat"],"picked":"Meditate","floor":8},{"not_picked":["Crescendo","Evaluate"],"picked":"ThirdEye","floor":11},{"not_picked":["Alpha","Replay:Anticipation"],"picked":"Perseverance","floor":13},{"not_picked":["Crescendo","Replay:AtTheReady","Study"],"picked":"SKIP","floor":14},{"not_picked":["Brilliance","Replay:LoomingThreat"],"picked":"Establishment","floor":16},{"not_picked":["EmptyBody","Vengeance","Replay:Hum"],"picked":"SKIP","floor":18},{"not_picked":["WaveOfTheHand+1","ThirdEye","Conclude"],"picked":"SKIP","floor":21},{"not_picked":["Replay:ManipulateFuture","Halt"],"picked":"CutThroughFate","floor":23}],"player_experience":97885,"relics_obtained":[{"floor":6,"key":"Replay:Rubber Ducky"},{"floor":8,"key":"Vajra"},{"floor":9,"key":"Simple Rune"},{"floor":13,"key":"HornCleat"},{"floor":23,"key":"Thread and Needle"}],"event_choices":[{"cards_removed":["Defend_P"],"damage_healed":0,"gold_gain":0,"player_choice":"Card Removal","damage_taken":0,"max_hp_gain":0,"max_hp_loss":0,"event_name":"The Cleric","floor":2,"gold_loss":50},{"damage_healed":0,"gold_gain":0,"player_choice":"Leave","damage_taken":0,"max_hp_gain":0,"max_hp_loss":0,"event_name":"FaceTrader","floor":22,"gold_loss":0}],"is_beta":false,"boss_relics":[{"not_picked":["Calling Bell","Coffee Dripper"],"picked":"hubris:ScarierMask"}],"items_purged_floors":[],"is_endless":true,"potions_floor_spawned":[3,5,13,16],"killed_by":"Slavers","ascension_level":2}}