{"host":"pgm1p3lvdjflie30","time":1612763427,"event":{"mods":["AchievementEnabler","Alarm Clock","Aspiration","BaseMod","Challenge The Spire","Colored Map","Colored Powertips","Dark Map","Energized Spire","Hermit","HornydragonMod","Minty Spire (QoL Compilation)","Quarter Circle Forward PUNCH!","Quick Restart","Relic Stats","Robot Space Explorer","Spicy Shops","StSLib","The Blackbeard","The IronCluck","Waifu the Spire","【功能Mod】混沌之?修复?丁","篝火指南"],"gold_per_floor":[88,107,121,36,111,111,127,138,186,186,206,206,222,222,222,222,222],"floor_reached":16,"language":"ZHS","playtime":1224,"items_purged":[],"score":94,"play_id":"b35f90b5-ff68-4c85-81b0-aeb856e66069","local_time":"20210208135027","is_ascension_mode":false,"campfire_choices":[{"data":"Alcoholic","floor":6,"key":"SMITH"},{"data":"Yeast","floor":12,"key":"SMITH"},{"data":"Heart6","floor":15,"key":"SMITH"}],"circlet_count":0,"master_deck":["Strike_HD","Strike_HD","Strike_HD","Strike_HD","DrunkenFist","Defend_HD","Defend_HD","Defend_HD","AlcoholBarrier+1","BreakDrink","Noodle","Alcoholic+1","IceTea","RainbowAttack","Ahahah+1","BloodyMary","Ie6+1","Yeast+1","Heart6+1"],"relics":["WineBottle"],"acts_visited":["Exordium"],"potions_floor_usage":[16,16],"damage_taken":[{"damage":21,"enemies":"Jaw Worm","floor":1,"turns":4},{"damage":1,"enemies":"2 Louse","floor":2,"turns":2},{"damage":1,"enemies":"Cultist","floor":3,"turns":3},{"damage":12,"enemies":"3 Louse","floor":7,"turns":2},{"damage":7,"enemies":"Blue Slaver","floor":8,"turns":2},{"damage":11,"enemies":"Lots of Slimes","floor":11,"turns":4},{"damage":0,"enemies":"Looter","floor":13,"turns":2},{"damage":32,"enemies":"The Guardian","floor":16,"turns":2}],"seed_played":"-3891738340937569032","potions_obtained":[{"floor":1,"key":"PowerPotion"},{"floor":8,"key":"ColorlessPotion"},{"floor":13,"key":"SpeedPotion"}],"is_trial":false,"path_per_floor":["M","M","M","$","?","R","M","M","T","?","M","R","M","?","R","B"],"character_chosen":"HORNYDRAGON","items_purchased":["RainbowAttack","Ahahah"],"campfire_rested":0,"item_purchase_floors":[4,4],"current_hp_per_floor":[66,65,64,64,53,53,41,38,38,38,31,31,31,14,14,0,0],"gold":222,"neow_bonus":"REMOVE_CARD","is_daily":false,"chose_seed":false,"campfire_upgraded":3,"win_rate":0.0,"timestamp":1612763427,"path_taken":["M","M","M","$","?","R","M","M","T","?","?","R","M","?","R","BOSS"],"items_purchased_type":["Card","Card"],"build_version":"2020-12-22","purchased_purges":0,"victory":false,"max_hp_per_floor":[87,87,87,87,87,87,87,87,87,87,87,87,87,87,87,87,87],"relic_stats":{"counters":[8,21],"obtain_stats":[{"WineBottle":0},{"WineBottle":0},{"WineBottle":0}]},"card_choices":[{"not_picked":["AlcoholGun","DrunkardWalk"],"picked":"Noodle","floor":1},{"not_picked":["ShrimpCocktail","IceTea"],"picked":"Alcoholic","floor":2},{"not_picked":["Fly","BunnyJump"],"picked":"IceTea","floor":3},{"not_picked":["Alcoholic","HeadDefend"],"picked":"BloodyMary","floor":7},{"not_picked":["DrumStick","Fbi"],"picked":"Ie6","floor":8},{"not_picked":["BirdAttack","RainbowAttack"],"picked":"Yeast","floor":11},{"not_picked":["Fly","CardReborn"],"picked":"Heart6","floor":13}],"player_experience":361072,"relics_obtained":[],"event_choices":[{"damage_healed":0,"gold_gain":75,"player_choice":"Gather Gold","damage_taken":11,"max_hp_gain":0,"max_hp_loss":0,"event_name":"World of Goop","floor":5,"gold_loss":0},{"damage_healed":0,"gold_gain":0,"player_choice":"Forge","damage_taken":0,"max_hp_gain":0,"max_hp_loss":0,"event_name":"Accursed Blacksmith","floor":10,"gold_loss":0,"cards_upgraded":["AlcoholBarrier"]},{"damage_healed":0,"gold_gain":0,"player_choice":"Entered Light","damage_taken":17,"max_hp_gain":0,"max_hp_loss":0,"event_name":"Shining Light","floor":14,"gold_loss":0,"cards_upgraded":["Ie6","Ahahah"]}],"is_beta":false,"boss_relics":[],"items_purged_floors":[],"is_endless":false,"potions_floor_spawned":[1,8,13],"killed_by":"The Guardian","ascension_level":0}}