{"host":"8cqz7u612ax6p4mk","time":1612742454,"event":{"mods":["AchievementEnabler","BaseMod","Bestiary","DeckTracker","Minty Spire (QoL Compilation)","Relic Stats"],"gold_per_floor":[114,189,189,208,220,247,308,333,333,383,383,383],"floor_reached":11,"language":"ENG","playtime":432,"items_purged":[],"score":87,"play_id":"39652cef-8a27-4e10-b822-a7ab74321f65","local_time":"20210207190054","is_ascension_mode":true,"campfire_choices":[],"circlet_count":0,"master_deck":["Strike_B","Strike_B","Strike_B","Strike_B","Defend_B","Defend_B","Defend_B","Defend_B","Zap","Dualcast","Hologram","Coolheaded","Redo"],"relics":["Cracked Core","NeowsBlessing","SsserpentHead","White Beast Statue","Nunchaku","Sundial"],"acts_visited":["Exordium"],"potions_floor_usage":[8,8,11],"damage_taken":[{"damage":0,"enemies":"2 Louse","floor":1,"turns":1},{"damage":0,"enemies":"Cultist","floor":4,"turns":1},{"damage":0,"enemies":"Small Slimes","floor":5,"turns":1},{"damage":23,"enemies":"Lagavulin","floor":6,"turns":9},{"damage":20,"enemies":"3 Louse","floor":7,"turns":5},{"damage":19,"enemies":"3 Sentries","floor":8,"turns":10},{"damage":1,"enemies":"Gremlin Nob","floor":11,"turns":3}],"seed_played":"809968650937755816","potions_obtained":[{"floor":1,"key":"SkillPotion"},{"floor":7,"key":"EssenceOfDarkness"},{"floor":8,"key":"Regen Potion"}],"is_trial":false,"path_per_floor":["M","?","?","M","M","E","M","E","T","?","E"],"character_chosen":"DEFECT","items_purchased":[],"campfire_rested":0,"item_purchase_floors":[],"current_hp_per_floor":[75,64,64,64,64,41,21,2,2,2,6,6],"gold":383,"neow_bonus":"THREE_ENEMY_KILL","is_daily":false,"chose_seed":false,"campfire_upgraded":0,"win_rate":0.0,"timestamp":1612742454,"path_taken":["M","?","?","M","M","E","?","E","T","?","E"],"items_purchased_type":[],"build_version":"2020-12-22","purchased_purges":0,"victory":false,"max_hp_per_floor":[75,75,75,75,75,75,75,75,75,75,75,75],"relic_stats":{"SsserpentHead":100,"Nunchaku":[0],"counters":[7,30],"Sundial":[0],"obtain_stats":[{"SsserpentHead":3,"Nunchaku":8,"NeowsBlessing":0,"Sundial":9,"Cracked Core":0,"White Beast Statue":6},{"SsserpentHead":1,"Nunchaku":6,"NeowsBlessing":0,"Sundial":6,"Cracked Core":0,"White Beast Statue":4},{"SsserpentHead":1,"Nunchaku":27,"NeowsBlessing":0,"Sundial":27,"Cracked Core":0,"White Beast Statue":12}]},"card_choices":[{"not_picked":["Double Energy","Beam Cell"],"picked":"Hologram","floor":1},{"not_picked":["Force Field","Tempest","Hologram"],"picked":"SKIP","floor":4},{"not_picked":["Sweeping Beam","Redo"],"picked":"Coolheaded","floor":5},{"not_picked":["Rebound","Steam","Barrage"],"picked":"SKIP","floor":6},{"not_picked":["Stack","Go for the Eyes"],"picked":"Redo","floor":7},{"not_picked":["Streamline","Redo","Force Field"],"picked":"SKIP","floor":8}],"player_experience":165534,"relics_obtained":[{"floor":6,"key":"White Beast Statue"},{"floor":8,"key":"Nunchaku"},{"floor":9,"key":"Sundial"}],"event_choices":[{"damage_healed":0,"gold_gain":75,"player_choice":"Gather Gold","damage_taken":11,"max_hp_gain":0,"max_hp_loss":0,"event_name":"World of Goop","floor":2,"gold_loss":0},{"damage_healed":0,"gold_gain":0,"player_choice":"Trade","damage_taken":0,"relics_obtained":["SsserpentHead"],"max_hp_gain":0,"max_hp_loss":0,"event_name":"FaceTrader","floor":3,"gold_loss":0},{"damage_healed":0,"gold_gain":0,"player_choice":"0 cards matched","damage_taken":0,"max_hp_gain":0,"max_hp_loss":0,"event_name":"Match and Keep!","floor":10,"gold_loss":0,"cards_obtained":[]}],"is_beta":false,"boss_relics":[],"items_purged_floors":[],"is_endless":false,"potions_floor_spawned":[1,7,8],"killed_by":"Gremlin Nob","ascension_level":1}}