{"host":"xwgrz7y3g1a3iikb","time":1612744249,"event":{"mods":["BaseMod","Bestiary","Minty Spire (QoL Compilation)","Permanent Neow","Quick Restart","Relic Stats","StSLib","ojb\u0027s Info Mod"],"gold_per_floor":[112,129,142,157,174,174,174,174],"floor_reached":7,"language":"ENG","playtime":269,"items_purged":[],"score":90,"play_id":"0e8c14fc-30eb-46ae-acf7-4cf216df9340","local_time":"20210207163049","is_ascension_mode":true,"campfire_choices":[{"data":"Neutralize","floor":6,"key":"SMITH"}],"circlet_count":0,"master_deck":["AscendersBane","Strike_G","Strike_G","Strike_G","Strike_G","Strike_G","Defend_G","Defend_G","Defend_G","Defend_G","Defend_G","Survivor","Neutralize+1","Tools of the Trade","Terror","Underhanded Strike","Dagger Throw","Tactician","Dagger Spray"],"relics":["Ring of the Snake"],"acts_visited":["Exordium"],"potions_floor_usage":[5],"damage_taken":[{"damage":4.0,"enemies":"Cultist","floor":1.0,"turns":5.0},{"damage":4.0,"enemies":"Jaw Worm","floor":2.0,"turns":4.0},{"damage":3.0,"enemies":"2 Louse","floor":3.0,"turns":3.0},{"damage":1,"enemies":"Looter","floor":4,"turns":3},{"damage":17,"enemies":"3 Louse","floor":5,"turns":3},{"damage":45,"enemies":"Lagavulin","floor":7,"turns":7}],"seed_played":"610195318721024372","potions_obtained":[{"floor":1.0,"key":"SteroidPotion"}],"is_trial":false,"path_per_floor":["M","M","M","M","M","R","E"],"character_chosen":"THE_SILENT","items_purchased":[],"campfire_rested":0,"item_purchase_floors":[],"current_hp_per_floor":[55,51,48,47,30,30,0,0],"gold":174,"neow_bonus":"ONE_RANDOM_RARE_CARD","is_daily":false,"chose_seed":false,"campfire_upgraded":1,"win_rate":0.0,"timestamp":1612744249,"path_taken":["M","M","?","M","M","R","E"],"items_purchased_type":[],"build_version":"2020-12-22","purchased_purges":0,"victory":false,"max_hp_per_floor":[66,66,66,66,66,66,66,66],"relic_stats":{"counters":[6,25],"obtain_stats":[{"Ring of the Snake":0},{"Ring of the Snake":0},{"Ring of the Snake":0}],"Ring of the Snake":[12]},"card_choices":[{"not_picked":["Blur","Poisoned Stab"],"picked":"Terror","floor":1.0},{"not_picked":["Outmaneuver","PiercingWail"],"picked":"Underhanded Strike","floor":2.0},{"not_picked":["Distraction","Backflip"],"picked":"Dagger Throw","floor":3.0},{"not_picked":["Malaise","Backflip"],"picked":"Tactician","floor":4},{"not_picked":["Prepared","Caltrops"],"picked":"Dagger Spray","floor":5}],"player_experience":323670,"relics_obtained":[],"event_choices":[],"is_beta":false,"boss_relics":[],"items_purged_floors":[],"is_endless":false,"potions_floor_spawned":[1],"killed_by":"Lagavulin","ascension_level":20}}