{"host":"v3oldak69fx1zt0p","time":1612763001,"event":{"mods":["BaseMod","Downfall","Hermit","Minty Spire (QoL Compilation)","Quick Restart","StSLib","The Cursed","Waifu the Spire","noobMod"],"gold_per_floor":[116,116,135,135,154,197,197,228,228,272,272,1,1,16,16,142,142,157,178,49,49,49,49,67,102,102,137,172,172,186,229,229,355,355,376,0,0,38,38,71,106,150,150,169,169,208,208,222,222,222],"floor_reached":51,"language":"ENG","playtime":2910,"items_purged":["bronze:Verify","champ:GladiatorForm"],"score":1285,"play_id":"fbde7b4a-fb4f-4853-8adc-44c60890bea3","local_time":"20210207234321","daily_mods":["Heirloom","Flight","DeadlyEvents","Cursed Run"],"is_ascension_mode":true,"campfire_choices":[{"data":"DevaForm","floor":7,"key":"SMITH"},{"data":"TheCursedMod:HellsGateOpen","floor":11,"key":"SMITH"},{"floor":13,"key":"REST"},{"floor":15,"key":"REST"},{"floor":23,"key":"REST"},{"floor":29,"key":"REST"},{"data":"Echo Form","floor":32,"key":"SMITH"},{"data":"Demon Form","floor":45,"key":"SMITH"},{"data":"TheCursedMod:HellsGateOpen","floor":49,"key":"SMITH"}],"circlet_count":0,"master_deck":["Demon Form+1","Wraith Form v2","Echo Form+1","DevaForm+1","Guardian:ConstructionForm","Slimebound:DuplicatedForm","TheCursedMod:Strike_TheCursed","TheCursedMod:Strike_TheCursed","TheCursedMod:Strike_TheCursed","TheCursedMod:Strike_TheCursed","TheCursedMod:Defend_TheCursed","TheCursedMod:Defend_TheCursed","TheCursedMod:Defend_TheCursed","TheCursedMod:Defend_TheCursed","TheCursedMod:CursedWand","TheCursedMod:CleanUpWorkshop","TheCursedMod:Dregs","TheCursedMod:EmpowerCircles","Injury","TheCursedMod:CursedShiv","Regret","TheCursedMod:CircleOfBlood","TheCursedMod:CircleOfAmplification","TheCursedMod:CircleOfCorruption","TheCursedMod:HellsGateOpen+1","TheCursedMod:DemonicPact","TheCursedMod:CircleOfCorruption","TheCursedMod:DemonSword","CurseOfTheBell","TheCursedMod:CircleOfFlame+1","TheCursedMod:ReleasedKnowledge","TheCursedMod:EmpowerCircles","TheCursedMod:CircleOfFlame+1","TheCursedMod:SpitefulStrike+1","TheCursedMod:CursedSpellbook","TheCursedMod:SpitefulStrike+1","TheCursedMod:WearCloak","TheCursedMod:ForbiddenAlchemy","TheCursedMod:CircleOfCorruption+1","TheCursedMod:SpitefulPray+1","TheCursedMod:Dregs","TheCursedMod:CircleOfWindfury+1","TheCursedMod:CircleOfFocus","TheCursedMod:CircleOfBlood","TheCursedMod:HellsGateOpen+1","Writhe","TheCursedMod:SoulCrush+1","TheCursedMod:StunningStrike","Pain","TheCursedMod:SpitefulPlan+1","Shame","Injury"],"relics":["Cursed Key","Darkstone Periapt","Du-Vu Doll","ice","TheCursedMod:MagicCandle","Golden Idol","Omamori","Dead Branch","Ancient Tea Set","Mercury Hourglass","Art of War","Membership Card","Calling Bell","Oddly Smooth Stone","Shuriken","FossilizedHelix","Orrery","TheCursedMod:BloodyHarpoon","Eternal Feather","Blue Candle","Singing Bowl","bronze:DecasWashers","expansioncontent:StudyCardRelic","Red Mask","Kunai","Toxic Egg 2","Sundial","Regal Pillow","Mummified Hand","Boot","Ice Cream"],"acts_visited":["Exordium","TheCity","TheBeyond"],"potions_floor_usage":[6,24,25,25,25,25,27,31,33,33,40,40,40,41,42,42,44,50,50,50,50,50],"damage_taken":[{"damage":45,"enemies":"2 Louse","floor":1,"turns":5},{"damage":4,"enemies":"Small Slimes","floor":3,"turns":7},{"damage":25,"enemies":"Cultist","floor":5,"turns":4},{"damage":14,"enemies":"3 Sentries","floor":6,"turns":8},{"damage":29,"enemies":"Gremlin Nob","floor":8,"turns":7},{"damage":30,"enemies":"Lagavulin","floor":10,"turns":5},{"damage":5,"enemies":"3 Louse","floor":14,"turns":3},{"damage":15,"enemies":"Slime Boss","floor":16,"turns":5},{"damage":14,"enemies":"3 Byrds","floor":18,"turns":4},{"damage":10,"enemies":"2 Thieves","floor":19,"turns":3},{"damage":0,"enemies":"Centurion and Healer","floor":24,"turns":4},{"damage":12,"enemies":"Book of Stabbing","floor":25,"turns":3},{"damage":33,"enemies":"Slavers","floor":27,"turns":5},{"damage":18,"enemies":"Gremlin Leader","floor":28,"turns":3},{"damage":0,"enemies":"3 Cultists","floor":30,"turns":3},{"damage":45,"enemies":"Book of Stabbing","floor":31,"turns":4},{"damage":2,"enemies":"Automaton","floor":33,"turns":4},{"damage":0,"enemies":"Orb Walker","floor":35,"turns":2},{"damage":14,"enemies":"Giant Head","floor":38,"turns":6},{"damage":22,"enemies":"Reptomancer","floor":40,"turns":4},{"damage":41,"enemies":"Nemesis","floor":41,"turns":5},{"damage":0,"enemies":"Giant Head","floor":42,"turns":6},{"damage":20,"enemies":"3 Darklings","floor":44,"turns":3},{"damage":0,"enemies":"Nemesis","floor":46,"turns":3},{"damage":5,"enemies":"Sphere and 2 Shapes","floor":48,"turns":3},{"damage":2,"enemies":"Time Eater","floor":50,"turns":5}],"seed_played":"-8214739324410911881","potions_obtained":[{"floor":5,"key":"Block Potion"},{"floor":6,"key":"Regen Potion"},{"floor":14,"key":"FearPotion"},{"floor":16,"key":"champ:CounterPotion"},{"floor":25,"key":"bronze:BurnAndBuffPotion"},{"floor":27,"key":"LiquidMemories"},{"floor":30,"key":"LiquidBronze"},{"floor":31,"key":"Block Potion"},{"floor":33,"key":"Swift Potion"},{"floor":35,"key":"Swift Potion"},{"floor":41,"key":"Strength Potion"},{"floor":48,"key":"Energy Potion"}],"is_trial":true,"path_per_floor":["M","?","M","?","M","E","R","E","T","E","R","$","R","M","R","B",null,"M","M","$","?","$","R","M","E","T","E","E","R","M","E","R","B",null,"M","?","$","E","$","E","E","E","T","M","R","E","T","M","R","B",null],"character_chosen":"THE_CURSED","items_purchased":["Membership Card","TheCursedMod:DemonicPact","Orrery"],"campfire_rested":4,"item_purchase_floors":[12,12,20],"current_hp_per_floor":[45,51,47,53,43,44,44,15,15,72,72,72,88,83,91,91,97,83,75,75,75,75,112,112,109,115,84,66,135,135,94,121,156,171,174,174,174,164,164,157,120,122,128,108,138,140,146,143,173,189],"gold":222,"neow_bonus":"","is_daily":false,"chose_seed":false,"campfire_upgraded":5,"win_rate":0.0,"timestamp":1612763001,"path_taken":["M","?","M","?","M","E","R","E","T","E","R","?","R","M","R","BOSS","M","M","?","?","?","R","M","E","T","?","E","R","M","E","R","BOSS","M","?","?","?","?","E","E","E","T","?","R","E","?","M","R","BOSS"],"items_purchased_type":["Relic","Card","Relic"],"build_version":"2020-12-22","purchased_purges":2,"victory":true,"max_hp_per_floor":[75,81,81,87,87,87,87,87,87,88,88,88,88,91,91,91,97,122,126,126,126,126,126,127,132,138,146,151,151,154,160,160,171,171,174,174,174,177,177,182,186,190,196,199,199,205,211,216,216,226],"card_choices":[{"not_picked":["TheCursedMod:RavingStaff","TheCursedMod:Torture"],"picked":"TheCursedMod:EmpowerCircles","floor":1},{"not_picked":["TheCursedMod:SpitefulStrike","TheCursedMod:FleshFromBone"],"picked":"TheCursedMod:CursedShiv","floor":3},{"not_picked":["TheCursedMod:TacticalStrike","TheCursedMod:TroublousMinions"],"picked":"TheCursedMod:CircleOfBlood","floor":5},{"not_picked":["TheCursedMod:ShockAndAwe","TheCursedMod:TacticalStrike"],"picked":"TheCursedMod:CircleOfAmplification","floor":6},{"not_picked":["TheCursedMod:SaltUponWound","TheCursedMod:RapidMovement"],"picked":"TheCursedMod:CircleOfCorruption","floor":8},{"not_picked":["TheCursedMod:Hemoplague","TheCursedMod:Stretching"],"picked":"TheCursedMod:HellsGateOpen","floor":10},{"not_picked":["TheCursedMod:FleshFromBone","TheCursedMod:Evocation"],"picked":"TheCursedMod:CircleOfCorruption","floor":14},{"not_picked":["TheCursedMod:DarkBarrier","TheCursedMod:StunningStrike"],"picked":"TheCursedMod:DemonSword","floor":16},{"not_picked":["TheCursedMod:HellfireBreathing","TheCursedMod:Stigma"],"picked":"TheCursedMod:CircleOfFlame+1","floor":18},{"not_picked":["TheCursedMod:CursedBoomerang","TheCursedMod:CursedMace"],"picked":"TheCursedMod:ReleasedKnowledge","floor":19},{"not_picked":["TheCursedMod:Torture","TheCursedMod:CursedStaff"],"picked":"TheCursedMod:EmpowerCircles","floor":20},{"not_picked":["TheCursedMod:RavingStaff","TheCursedMod:RapidMovement"],"picked":"TheCursedMod:CircleOfFlame+1","floor":20},{"not_picked":["TheCursedMod:TacticalStrike","TheCursedMod:SmokeScreen"],"picked":"TheCursedMod:SpitefulStrike+1","floor":20},{"not_picked":["TheCursedMod:CursedAmulet","TheCursedMod:ForbiddenAlchemy"],"picked":"TheCursedMod:CursedSpellbook","floor":20},{"not_picked":["TheCursedMod:VitalStrike","TheCursedMod:CursedBlade"],"picked":"TheCursedMod:SpitefulStrike+1","floor":20},{"not_picked":["TheCursedMod:CircleOfFlame","TheCursedMod:SoulReap+1"],"picked":"TheCursedMod:CircleOfCorruption+1","floor":24},{"not_picked":["TheCursedMod:SpreadPlague","TheCursedMod:CursedBlade"],"picked":"TheCursedMod:SpitefulPray+1","floor":25},{"not_picked":["TheCursedMod:SaltUponWound","TheCursedMod:SpitefulPray+1"],"picked":"TheCursedMod:CircleOfWindfury+1","floor":27},{"not_picked":["TheCursedMod:SpitefulPlan","TheCursedMod:ShockAndAwe"],"picked":"TheCursedMod:CircleOfFocus","floor":28},{"not_picked":["TheCursedMod:Torture+1","TheCursedMod:SurpriseAttack"],"picked":"TheCursedMod:CircleOfBlood","floor":30},{"not_picked":["TheCursedMod:VitalStrike+1","TheCursedMod:CursedBlade"],"picked":"TheCursedMod:HellsGateOpen","floor":31},{"not_picked":["TheCursedMod:ForbiddenAlchemy","TheCursedMod:DarkBarrier","TheCursedMod:UltimatePain"],"picked":"Singing Bowl","floor":33},{"not_picked":["TheCursedMod:SurpriseAttack+1","TheCursedMod:CircleOfCorruption+1","TheCursedMod:SmokeScreen+1"],"picked":"Singing Bowl","floor":35},{"not_picked":["TheCursedMod:TroublousMinions+1","TheCursedMod:CursedShiv"],"picked":"TheCursedMod:SoulCrush+1","floor":38},{"not_picked":["TheCursedMod:CircleOfBlood+1","TheCursedMod:FuryStrike","TheCursedMod:AshesToAshes+1"],"picked":"Singing Bowl","floor":40},{"not_picked":["TheCursedMod:SmokeScreen+1","TheCursedMod:RapidMovement+1"],"picked":"TheCursedMod:StunningStrike","floor":41},{"not_picked":["TheCursedMod:DoubleShield+1","TheCursedMod:TacticalStrike","TheCursedMod:SpitefulPlan"],"picked":"Singing Bowl","floor":42},{"not_picked":["TheCursedMod:CircleOfBlood+1","TheCursedMod:CursedBlade+1"],"picked":"TheCursedMod:SpitefulPlan+1","floor":44},{"not_picked":["TheCursedMod:CursedBoomerang","TheCursedMod:CircleOfFocus+1","TheCursedMod:SpitefulPlan+1"],"picked":"Singing Bowl","floor":46},{"not_picked":["TheCursedMod:SurpriseAttack+1","TheCursedMod:SmokeScreen+1","TheCursedMod:LuckyCharm+1"],"picked":"Singing Bowl","floor":48}],"player_experience":180069,"relics_obtained":[{"floor":6,"key":"Dead Branch"},{"floor":8,"key":"Ancient Tea Set"},{"floor":9,"key":"Mercury Hourglass"},{"floor":10,"key":"Art of War"},{"floor":17,"key":"Oddly Smooth Stone"},{"floor":17,"key":"Shuriken"},{"floor":17,"key":"FossilizedHelix"},{"floor":25,"key":"TheCursedMod:BloodyHarpoon"},{"floor":26,"key":"Eternal Feather"},{"floor":27,"key":"Blue Candle"},{"floor":28,"key":"Singing Bowl"},{"floor":31,"key":"bronze:DecasWashers"},{"floor":38,"key":"Kunai"},{"floor":40,"key":"Toxic Egg 2"},{"floor":41,"key":"Sundial"},{"floor":42,"key":"Regal Pillow"},{"floor":43,"key":"Mummified Hand"},{"floor":46,"key":"Boot"},{"floor":47,"key":"Ice Cream"}],"event_choices":[{"damage_healed":0,"gold_gain":0,"player_choice":"Take Wound","damage_taken":0,"relics_obtained":["Golden Idol"],"max_hp_gain":0,"max_hp_loss":0,"event_name":"Golden Idol","floor":2,"gold_loss":0,"cards_obtained":["Injury"]},{"damage_healed":0,"gold_gain":0,"player_choice":"Box","damage_taken":0,"relics_obtained":["Omamori"],"max_hp_gain":0,"max_hp_loss":0,"event_name":"Big Fish","floor":4,"gold_loss":0,"cards_obtained":["Regret"]},{"damage_healed":0,"gold_gain":0,"cards_transformed":["hexamod:HexaLevel","sneckomod:SerpentMind"],"player_choice":"Became Test Subject","damage_taken":0,"max_hp_gain":0,"max_hp_loss":0,"event_name":"Drug Dealer","floor":21,"gold_loss":0,"cards_obtained":["TheCursedMod:WearCloak","TheCursedMod:ForbiddenAlchemy"]},{"damage_healed":0,"gold_gain":0,"player_choice":"Paid","damage_taken":0,"relics_obtained":["Red Mask"],"max_hp_gain":0,"max_hp_loss":0,"event_name":"Tomb of Lord Red Mask","floor":36,"gold_loss":376}],"is_beta":false,"boss_relics":[{"not_picked":["Philosopher\u0027s Stone","Pandora\u0027s Box"],"picked":"Calling Bell"},{"not_picked":["Fusion Hammer","Runic Pyramid"],"picked":"expansioncontent:StudyCardRelic"}],"items_purged_floors":[12,20],"is_endless":false,"potions_floor_spawned":[5,6,14,16,25,27,30,31,33,35,41,48],"ascension_level":1}}