{"host":"qxtzqh2wotmxx3mc","time":1612744862,"event":{"mods":["AchievementEnabler","BaseMod","Better Altar","Better Note","Better Sensory Stone","Better Skull","Better Synergies","Better Third Choice","Better Vampires","Block Reminder","Curses Come First","Displayed Cursed Tome","Minty Spire (QoL Compilation)","Quick Restart","Rare Cards Sparkle","Relic Stats","Robot Space Explorer","StSLib","Trackpad"],"gold_per_floor":[117,0,0,19,29,57,37,64,64,93,93,108,120,44,44,148,148,168,168,188,34,34,63,63,93,148,375,375,1,1,15,15,116,116,135,150,150,50,68,102,116,145,145,161,206,206,206,206,206,206],"floor_reached":51,"language":"ENG","playtime":2219,"items_purged":["RobotSpaceExplorer:Defend","Writhe"],"score":899,"play_id":"f15d021d-02e5-47d3-bf55-0cf2d0e73b18","local_time":"20210207164102","is_ascension_mode":true,"campfire_choices":[{"data":"Enlightenment","floor":11,"key":"SMITH"},{"data":"RobotSpaceExplorer:DualCore","floor":15,"key":"SMITH"},{"floor":28,"key":"REST"},{"data":"RobotSpaceExplorer:Accelerator","floor":30,"key":"SMITH"},{"data":"RobotSpaceExplorer:Arsenal","floor":32,"key":"SMITH"},{"data":"RobotSpaceExplorer:ChargingLaser","floor":47,"key":"SMITH"},{"floor":49,"key":"REST"}],"circlet_count":0,"master_deck":["RobotSpaceExplorer:Strike+1","RobotSpaceExplorer:Strike+1","RobotSpaceExplorer:Strike+1","RobotSpaceExplorer:Defend+1","RobotSpaceExplorer:Defend+1","RobotSpaceExplorer:Defend+1","RobotSpaceExplorer:Scan+1","RobotSpaceExplorer:MiniLasers+1","Good Instincts+1","RobotSpaceExplorer:ImprovisedAttack+1","Enlightenment+1","Apotheosis+1","RobotSpaceExplorer:GlueShot+1","RobotSpaceExplorer:ShockMissile+1","RobotSpaceExplorer:Explosion+1","RobotSpaceExplorer:BigMissile+1","RobotSpaceExplorer:DualCore+1","RobotSpaceExplorer:StunGrenade+1","RobotSpaceExplorer:GlueShot+1","RobotSpaceExplorer:BigMissile+1","RobotSpaceExplorer:Arsenal+1","CurseOfTheBell","RobotSpaceExplorer:FrostMissile+1","RobotSpaceExplorer:DoubleBlock+1","RobotSpaceExplorer:Accelerator+1","J.A.X.+1","RobotSpaceExplorer:StunGrenade+1","RobotSpaceExplorer:Ammunition+1","RobotSpaceExplorer:ChargingLaser+1","RobotSpaceExplorer:Reload+1","RobotSpaceExplorer:Arsenal+1","Doubt","RobotSpaceExplorer:ToxicBomb+1"],"relics":["RobotSpaceExplorer:RoboCore","Mercury Hourglass","Bag of Preparation","trackpad:ByrdBGone","White Beast Statue","Calling Bell","trackpad:AdjectivePendant","Darkstone Periapt","Ginger","PreservedInsect","Blood Vial","trackpad:ByrdCharm","Dream Catcher","Ancient Tea Set","Torii","Cursed Key","Lantern","Centennial Puzzle","Question Card","Du-Vu Doll","Mark of the Bloom"],"acts_visited":["Exordium","TheCity","TheBeyond"],"potions_floor_usage":[6,12,13,18,42,42,45,50,50,50],"damage_taken":[{"damage":0,"enemies":"Jaw Worm","floor":1,"turns":5},{"damage":0,"enemies":"2 Louse","floor":4,"turns":4},{"damage":3,"enemies":"Small Slimes","floor":5,"turns":3},{"damage":1,"enemies":"Lagavulin","floor":6,"turns":6},{"damage":7,"enemies":"3 Sentries","floor":8,"turns":6},{"damage":0,"enemies":"Lagavulin","floor":10,"turns":4},{"damage":8,"enemies":"Looter","floor":12,"turns":3},{"damage":0,"enemies":"Gremlin Gang","floor":13,"turns":2},{"damage":27,"enemies":"Slime Boss","floor":16,"turns":8},{"damage":6,"enemies":"Chosen","floor":18,"turns":4},{"damage":0,"enemies":"Spheric Guardian","floor":20,"turns":2},{"damage":1,"enemies":"Book of Stabbing","floor":23,"turns":4},{"damage":2,"enemies":"Slavers","floor":25,"turns":3},{"damage":3,"enemies":"Chosen and Byrds","floor":31,"turns":4},{"damage":16,"enemies":"Collector","floor":33,"turns":5},{"damage":20,"enemies":"3 Darklings","floor":35,"turns":4},{"damage":3,"enemies":"Orb Walker","floor":36,"turns":3},{"damage":3,"enemies":"Jaw Worm Horde","floor":39,"turns":4},{"damage":3,"enemies":"Nemesis","floor":40,"turns":5},{"damage":18,"enemies":"Sphere and 2 Shapes","floor":41,"turns":3},{"damage":7,"enemies":"Reptomancer","floor":42,"turns":4},{"damage":0,"enemies":"3 Darklings","floor":44,"turns":2},{"damage":9,"enemies":"2 Orb Walkers","floor":45,"turns":4},{"damage":29,"enemies":"Donu and Deca","floor":50,"turns":7}],"seed_played":"7918178828232549447","potions_obtained":[{"floor":1,"key":"Weak Potion"},{"floor":4,"key":"Regen Potion"},{"floor":5,"key":"SteroidPotion"},{"floor":7,"key":"SpeedPotion"},{"floor":12,"key":"SkillPotion"},{"floor":13,"key":"Fruit Juice"},{"floor":16,"key":"RobotSpaceExplorer:RecyclePotion"},{"floor":18,"key":"Energy Potion"},{"floor":42,"key":"ColorlessPotion"},{"floor":44,"key":"Dexterity Potion"},{"floor":45,"key":"AttackPotion"}],"is_trial":false,"path_per_floor":["M","?","?","M","M","E","?","E","T","E","R","M","M","$","R","B",null,"M","?","M","$","?","E","?","E","T","?","R","$","R","M","R","B",null,"M","M","?","$","M","E","M","E","T","M","?","?","R","?","R","B",null],"character_chosen":"RobotSpaceExplorer","items_purchased":["RobotSpaceExplorer:BigMissile","PreservedInsect","Torii"],"campfire_rested":2,"item_purchase_floors":[14,21,29],"current_hp_per_floor":[75,81,81,81,78,77,77,70,70,70,70,67,72,72,72,45,86,80,80,83,83,61,65,65,68,68,48,73,73,73,75,75,64,86,66,68,92,92,89,89,74,72,78,83,79,79,79,79,79,50],"gold":206,"neow_bonus":"RANDOM_COLORLESS","is_daily":false,"chose_seed":false,"campfire_upgraded":5,"win_rate":0.0,"timestamp":1612744862,"path_taken":["M","?","?","M","M","E","?","E","T","E","R","?","?","?","R","BOSS","M","?","?","$","?","E","?","E","T","?","R","$","R","M","R","BOSS","M","?","?","$","M","E","M","E","T","M","?","?","R","?","R","BOSS"],"items_purchased_type":["Card","Relic","Relic"],"build_version":"2020-12-22","purchased_purges":2,"victory":true,"max_hp_per_floor":[75,81,81,81,81,81,81,81,81,81,81,81,86,86,86,86,86,86,86,86,86,86,86,86,86,86,86,86,86,86,86,86,86,86,86,86,92,92,92,92,92,92,98,98,98,98,98,98,98,98],"relic_stats":{"Darkstone Periapt":12,"Mark of the Bloom":34,"Torii":13,"counters":[24,97],"PreservedInsect":189,"Bag of Preparation":[38],"Ginger":[12],"Cursed Key":1,"Question Card":3,"Mercury Hourglass":[344],"Blood Vial":20,"Dream Catcher":2,"Centennial Puzzle":[6],"obtain_stats":[{"Darkstone Periapt":17,"Lantern":40,"Mark of the Bloom":48,"Torii":29,"RobotSpaceExplorer:RoboCore":0,"trackpad:ByrdBGone":9,"PreservedInsect":21,"Bag of Preparation":8,"Ginger":17,"Ancient Tea Set":26,"Cursed Key":34,"Question Card":43,"White Beast Statue":10,"Mercury Hourglass":6,"Calling Bell":17,"Blood Vial":22,"trackpad:ByrdCharm":23,"Du-Vu Doll":45,"Dream Catcher":25,"Centennial Puzzle":42,"trackpad:AdjectivePendant":17},{"Darkstone Periapt":9,"Lantern":19,"Mark of the Bloom":23,"Torii":13,"RobotSpaceExplorer:RoboCore":0,"trackpad:ByrdBGone":5,"PreservedInsect":11,"Bag of Preparation":5,"Ginger":9,"Ancient Tea Set":13,"Cursed Key":15,"Question Card":21,"White Beast Statue":6,"Mercury Hourglass":4,"Calling Bell":9,"Blood Vial":11,"trackpad:ByrdCharm":12,"Du-Vu Doll":23,"Dream Catcher":13,"Centennial Puzzle":21,"trackpad:AdjectivePendant":9},{"Darkstone Periapt":40,"Lantern":77,"Mark of the Bloom":90,"Torii":52,"RobotSpaceExplorer:RoboCore":0,"trackpad:ByrdBGone":24,"PreservedInsect":45,"Bag of Preparation":24,"Ginger":40,"Ancient Tea Set":52,"Cursed Key":61,"Question Card":84,"White Beast Statue":28,"Mercury Hourglass":18,"Calling Bell":40,"Blood Vial":45,"trackpad:ByrdCharm":49,"Du-Vu Doll":90,"Dream Catcher":52,"Centennial Puzzle":84,"trackpad:AdjectivePendant":40}]},"card_choices":[{"not_picked":["Purity","Panacea"],"picked":"Good Instincts","floor":0},{"not_picked":["RobotSpaceExplorer:MiniBoosters","RobotSpaceExplorer:Ammunition"],"picked":"RobotSpaceExplorer:ImprovisedAttack","floor":1},{"not_picked":["RobotSpaceExplorer:Ammunition","RobotSpaceExplorer:Pulsar"],"picked":"RobotSpaceExplorer:GlueShot","floor":4},{"not_picked":["RobotSpaceExplorer:MetalStrike","RobotSpaceExplorer:PlasmaMissile"],"picked":"RobotSpaceExplorer:ShockMissile","floor":5},{"not_picked":["RobotSpaceExplorer:ImprovisedAttack","RobotSpaceExplorer:StunGrenade"],"picked":"RobotSpaceExplorer:Explosion","floor":6},{"not_picked":["RobotSpaceExplorer:FrostMissile","RobotSpaceExplorer:ImprovisedAttack"],"picked":"RobotSpaceExplorer:BigMissile","floor":8},{"not_picked":["RobotSpaceExplorer:ExhaustFan","RobotSpaceExplorer:Counterblock"],"picked":"RobotSpaceExplorer:DualCore","floor":10},{"not_picked":["RobotSpaceExplorer:FreezingShield","RobotSpaceExplorer:ScrapShield"],"picked":"RobotSpaceExplorer:StunGrenade","floor":12},{"not_picked":["RobotSpaceExplorer:ScrapShield","RobotSpaceExplorer:SlimeMissile"],"picked":"RobotSpaceExplorer:GlueShot","floor":13},{"not_picked":["RobotSpaceExplorer:Scanner","RobotSpaceExplorer:Wormhole"],"picked":"RobotSpaceExplorer:Arsenal","floor":16},{"not_picked":["RobotSpaceExplorer:SlimeMissile","RobotSpaceExplorer:Pulsar+1"],"picked":"RobotSpaceExplorer:FrostMissile","floor":18},{"not_picked":["RobotSpaceExplorer:ScrapShield+1","RobotSpaceExplorer:SelfCleaning+1"],"picked":"RobotSpaceExplorer:DoubleBlock+1","floor":20},{"not_picked":["RobotSpaceExplorer:Discharger","RobotSpaceExplorer:Probe"],"picked":"RobotSpaceExplorer:Accelerator","floor":23},{"not_picked":["RobotSpaceExplorer:Pulsar","RobotSpaceExplorer:Discharger"],"picked":"RobotSpaceExplorer:StunGrenade+1","floor":25},{"not_picked":["RobotSpaceExplorer:LaserBurst","RobotSpaceExplorer:ShockKick"],"picked":"RobotSpaceExplorer:Ammunition+1","floor":28},{"not_picked":["RobotSpaceExplorer:ImprovisedAttack","RobotSpaceExplorer:Pulsar","RobotSpaceExplorer:Counterblock"],"picked":"SKIP","floor":31},{"not_picked":["RobotSpaceExplorer:Comet","RobotSpaceExplorer:Accelerator"],"picked":"RobotSpaceExplorer:ChargingLaser","floor":33},{"not_picked":["RobotSpaceExplorer:SurgingShield+1","RobotSpaceExplorer:SurgingStrike","RobotSpaceExplorer:ScrapMissile+1"],"picked":"SKIP","floor":35},{"not_picked":["RobotSpaceExplorer:LuckyStrike","RobotSpaceExplorer:Blitz","RobotSpaceExplorer:Pulsar"],"picked":"SKIP","floor":36},{"not_picked":["RobotSpaceExplorer:Calculate","RobotSpaceExplorer:SurgingShield+1","RobotSpaceExplorer:Pulsar+1"],"picked":"SKIP","floor":39},{"not_picked":["RobotSpaceExplorer:TurboDodge","RobotSpaceExplorer:DoubleBlock+1","RobotSpaceExplorer:MiniDrones+1"],"picked":"SKIP","floor":40},{"not_picked":["RobotSpaceExplorer:SurgingStrike+1","RobotSpaceExplorer:Pulsar"],"picked":"RobotSpaceExplorer:Reload","floor":41},{"not_picked":["RobotSpaceExplorer:ShovelStrike+1","RobotSpaceExplorer:GlueShot"],"picked":"RobotSpaceExplorer:Arsenal","floor":42},{"not_picked":["RobotSpaceExplorer:Probe+1","RobotSpaceExplorer:LuckyStrike","RobotSpaceExplorer:MetalStrike+1"],"picked":"RobotSpaceExplorer:ToxicBomb","floor":44}],"player_experience":120447,"relics_obtained":[{"floor":6,"key":"Mercury Hourglass"},{"floor":8,"key":"Bag of Preparation"},{"floor":9,"key":"trackpad:ByrdBGone"},{"floor":10,"key":"White Beast Statue"},{"floor":17,"key":"trackpad:AdjectivePendant"},{"floor":17,"key":"Darkstone Periapt"},{"floor":17,"key":"Ginger"},{"floor":23,"key":"trackpad:ByrdCharm"},{"floor":25,"key":"Dream Catcher"},{"floor":26,"key":"Ancient Tea Set"},{"floor":40,"key":"Lantern"},{"floor":42,"key":"Centennial Puzzle"},{"floor":43,"key":"Question Card"},{"floor":45,"key":"Du-Vu Doll"}],"event_choices":[{"damage_healed":0,"gold_gain":0,"player_choice":"RENOUNCE","damage_taken":117,"max_hp_gain":0,"max_hp_loss":0,"event_name":"betterThird:BetterSerpent","floor":2,"gold_loss":117,"cards_obtained":["Enlightenment"]},{"damage_healed":0,"gold_gain":1,"player_choice":"4","damage_taken":0,"max_hp_gain":0,"max_hp_loss":0,"event_name":"betterStone:BetterStone","floor":3,"gold_loss":0,"cards_obtained":["Apotheosis"]},{"damage_healed":0,"gold_gain":0,"player_choice":"Bought 1 Potion","damage_taken":0,"max_hp_gain":0,"max_hp_loss":0,"event_name":"The Woman in Blue","floor":7,"gold_loss":0},{"cards_removed":["RobotSpaceExplorer:Strike"],"damage_healed":0,"gold_gain":0,"player_choice":"Offered Basic","damage_taken":0,"max_hp_gain":0,"max_hp_loss":0,"event_name":"Bonfire Elementals","floor":19,"gold_loss":0},{"damage_healed":0,"gold_gain":0,"player_choice":" Vial ","damage_taken":22,"relics_obtained":["Blood Vial"],"max_hp_gain":83,"max_hp_loss":61,"event_name":"betterAltar:BetterAltar","floor":22,"potions_obtained":[],"relics_lost":[],"gold_loss":0},{"damage_healed":0,"gold_gain":0,"player_choice":"Obtain J.A.X.","damage_taken":0,"max_hp_gain":0,"max_hp_loss":0,"event_name":"Drug Dealer","floor":24,"gold_loss":0,"cards_obtained":["J.A.X."]},{"damage_healed":0,"gold_gain":227,"player_choice":"GO GO ","damage_taken":22,"relics_obtained":[],"max_hp_gain":0,"max_hp_loss":0,"event_name":"betterSkull:BetterSkull","floor":27,"gold_loss":0,"cards_upgraded":[]},{"damage_healed":22,"gold_gain":0,"player_choice":"Writhe","damage_taken":0,"max_hp_gain":0,"max_hp_loss":0,"event_name":"Winding Halls","floor":37,"gold_loss":0,"cards_obtained":["Writhe"]},{"damage_healed":0,"gold_gain":0,"player_choice":"Fight","damage_taken":0,"max_hp_gain":0,"max_hp_loss":0,"event_name":"Mysterious Sphere","floor":45,"gold_loss":0},{"damage_healed":0,"gold_gain":0,"player_choice":"Ignored","damage_taken":0,"max_hp_gain":0,"max_hp_loss":0,"event_name":"Tomb of Lord Red Mask","floor":46,"gold_loss":0},{"damage_healed":0,"gold_gain":0,"player_choice":"Upgrade","damage_taken":0,"relics_obtained":["Mark of the Bloom"],"max_hp_gain":0,"max_hp_loss":0,"event_name":"MindBloom","floor":48,"gold_loss":0,"cards_upgraded":["RobotSpaceExplorer:Strike","RobotSpaceExplorer:Strike","RobotSpaceExplorer:Strike","RobotSpaceExplorer:Defend","RobotSpaceExplorer:Defend","RobotSpaceExplorer:Defend","RobotSpaceExplorer:Scan","RobotSpaceExplorer:MiniLasers","Good Instincts","RobotSpaceExplorer:ImprovisedAttack","RobotSpaceExplorer:GlueShot","RobotSpaceExplorer:ShockMissile","RobotSpaceExplorer:Explosion","RobotSpaceExplorer:BigMissile","RobotSpaceExplorer:StunGrenade","RobotSpaceExplorer:GlueShot","RobotSpaceExplorer:BigMissile","RobotSpaceExplorer:FrostMissile","J.A.X.","RobotSpaceExplorer:Reload","RobotSpaceExplorer:Arsenal","RobotSpaceExplorer:ToxicBomb"]}],"is_beta":false,"boss_relics":[{"not_picked":["RobotSpaceExplorer:Reprocessor","Velvet Choker"],"picked":"Calling Bell"},{"not_picked":["Black Star","trackpad:Coffee"],"picked":"Cursed Key"}],"items_purged_floors":[29,38],"is_endless":false,"potions_floor_spawned":[1,4,5,12,13,16,18,20,23,25,31,33,35,36,39,40,41,42,44,45],"ascension_level":1}}