{"host":"13ii7kifcsv20hya","time":1612787013,"event":{"mods":["BaseMod","Downfall","Minty Spire (QoL Compilation)","StSLib"],"gold_per_floor":[99,99,99,99,113,213,213,213,231,247,280,290,307,323,342,342,342,342],"floor_reached":16,"language":"ENG","playtime":1151,"items_purged":[],"score":104,"play_id":"ea17d5bb-a4d0-42ca-afeb-ce6ed3600887","local_time":"20210208132333","is_ascension_mode":false,"campfire_choices":[{"data":"Guardian:TwinSlam","floor":1,"key":"SMITH"},{"data":"Guardian:ChargeCore","floor":8,"key":"SMITH"}],"circlet_count":0,"master_deck":["Guardian:Strike_Guardian","Guardian:Strike_Guardian","Guardian:Strike_Guardian+1","Guardian:Defend_Guardian+1","Guardian:Defend_Guardian","Guardian:Defend_Guardian","Guardian:CurlUp+1","Guardian:TwinSlam+1","Guardian:TimeBomb+1","Guardian:ChargeCore+1","Guardian:Gem_Cyan","Guardian:PrismaticBarrier","Guardian:Gem_Purple","Guardian:Preprogram","Guardian:ArmoredProtocol","Guardian:DecasProtection"],"relics":["Guardian:ModeShifter","Bottled Lightning","Bag of Marbles"],"acts_visited":["Exordium"],"potions_floor_usage":[16,16,16],"damage_taken":[{"damage":3,"enemies":"Jaw Worm","floor":5,"turns":2},{"damage":35,"enemies":"downfall:Heads","floor":6,"turns":10},{"damage":0,"enemies":"2 Louse","floor":9,"turns":2},{"damage":0,"enemies":"Cultist","floor":10,"turns":3},{"damage":13,"enemies":"3 Sentries","floor":11,"turns":6},{"damage":7,"enemies":"3 Louse","floor":12,"turns":3},{"damage":20,"enemies":"Large Slime","floor":13,"turns":7},{"damage":0,"enemies":"3 Louse","floor":14,"turns":2},{"damage":7,"enemies":"Blue Slaver","floor":15,"turns":2},{"damage":3,"enemies":"WA_ARCHETYPE_RETAIN","floor":16,"turns":6}],"seed_played":"724405144320609502","potions_obtained":[{"floor":4,"key":"downfall:CursedFountainPotion"},{"floor":9,"key":"Weak Potion"},{"floor":10,"key":"Guardian:BlockOnCardUsePotion"},{"floor":11,"key":"Guardian:AcceleratePotion"}],"is_trial":false,"path_per_floor":["R","?","?","?","M","?","T","R","M","M","E","M","M","M","M","B"],"character_chosen":"GUARDIAN","items_purchased":[],"campfire_rested":0,"item_purchase_floors":[],"current_hp_per_floor":[88,88,88,88,85,50,50,50,50,50,37,30,10,10,3,0,0,0],"gold":342,"neow_bonus":"TEN_PERCENT_HP_BONUS","is_daily":false,"chose_seed":false,"campfire_upgraded":2,"win_rate":0.0,"timestamp":1612787013,"path_taken":["R","?","?","?","?","?","T","R","M","M","E","M","M","M","M","BOSS"],"items_purchased_type":[],"build_version":"2020-12-22","purchased_purges":0,"victory":false,"max_hp_per_floor":[88,88,88,88,88,88,88,88,88,88,88,88,88,88,88,88,88,88],"card_choices":[{"not_picked":["Guardian:PiercingHide","Guardian:TemporalShield"],"picked":"Guardian:TimeBomb","floor":5},{"not_picked":["Guardian:BronzeOrb","Guardian:GuardianWhirl"],"picked":"Guardian:Gem_Crimson","floor":6},{"not_picked":["Guardian:BronzeOrb","Guardian:Gem_Crimson"],"picked":"Guardian:Gem_Cyan","floor":9},{"not_picked":["Guardian:Gem_Cyan","Guardian:PrismaticBeam"],"picked":"Guardian:PrismaticBarrier","floor":10},{"not_picked":["Guardian:BronzeOrb","Guardian:Gem_Yellow"],"picked":"Guardian:Gem_Purple","floor":11},{"not_picked":["Guardian:VentSteam","Guardian:ShieldSpikes"],"picked":"Guardian:Preprogram","floor":12},{"not_picked":["Guardian:Gem_Purple","Guardian:ChargeCore"],"picked":"Guardian:ArmoredProtocol","floor":13},{"not_picked":["Guardian:TemporalStrike","Guardian:Gem_Green"],"picked":"Guardian:DecasProtection","floor":14},{"not_picked":["Guardian:WalkerClaw","Guardian:TemporalStrike","Guardian:Incinerate"],"picked":"SKIP","floor":15}],"player_experience":139678,"relics_obtained":[{"floor":7,"key":"Bottled Lightning"},{"floor":11,"key":"Bag of Marbles"}],"event_choices":[],"is_beta":false,"boss_relics":[],"items_purged_floors":[],"is_endless":false,"potions_floor_spawned":[9,10,11,12,13,15],"killed_by":"WA_ARCHETYPE_RETAIN","ascension_level":0}}