{"host":"pi8b3ffzwvxqztac","time":1612777326,"event":{"mods":["BaseMod","Colored Map","Custom Start","Downfall","Minty Spire (QoL Compilation)","StSLib"],"gold_per_floor":[118,68,68,68,86,115,115,140,140,140,160,228,243,254,254,359,359,378,378,388,407,407,407,435,435,459,479,133,133,83,96,96,96,96],"floor_reached":33,"language":"ENG","playtime":1391,"items_purged":["Strike_B"],"score":383,"play_id":"cb1e956a-bb9f-4740-99c3-104ac079c8a6","local_time":"20210208224206","is_ascension_mode":true,"campfire_choices":[{"floor":7.0,"key":"REST"},{"floor":10,"key":"REST"},{"data":"Hologram","floor":15,"key":"SMITH"},{"data":"Scrape","floor":23,"key":"SMITH"},{"data":"Go for the Eyes","floor":25,"key":"SMITH"},{"data":"Defragment","floor":29,"key":"SMITH"},{"data":"Leap","floor":32,"key":"SMITH"}],"circlet_count":0,"master_deck":["Strike_B+1","Strike_B","Defend_B","Defend_B","Defend_B","Defend_B","Zap+1","Dualcast+1","Scrape+1","Hologram+1","Go for the Eyes+1","Leap+1","Go for the Eyes+1","Core Surge+1","Zap+1","Defragment+1","Barrage+1"],"relics":["FrozenCore","Shovel","Singing Bowl","Cables","Molten Egg 2","TungstenRod","Strawberry","sneckomod:BlankCard"],"acts_visited":["Exordium","TheCity"],"potions_floor_usage":[8,16,20,33,33],"damage_taken":[{"damage":2.0,"enemies":"Small Slimes","floor":1.0,"turns":3.0},{"damage":0.0,"enemies":"Cultist","floor":5.0,"turns":2.0},{"damage":32.0,"enemies":"Gremlin Nob","floor":6.0,"turns":4.0},{"damage":22,"enemies":"3 Sentries","floor":8,"turns":6},{"damage":0,"enemies":"Jaw Worm","floor":11,"turns":2},{"damage":0,"enemies":"3 Louse","floor":13,"turns":2},{"damage":7,"enemies":"Lots of Slimes","floor":14,"turns":4},{"damage":9,"enemies":"The Guardian","floor":16,"turns":10},{"damage":0,"enemies":"Shell Parasite","floor":18,"turns":7},{"damage":3,"enemies":"2 Thieves","floor":20,"turns":4},{"damage":0,"enemies":"Centurion and Healer","floor":21,"turns":8},{"damage":11,"enemies":"Book of Stabbing","floor":24,"turns":5},{"damage":10,"enemies":"Snake Plant","floor":27,"turns":4},{"damage":0,"enemies":"Cultist and Chosen","floor":31,"turns":4},{"damage":62,"enemies":"Automaton","floor":33,"turns":10}],"seed_played":"-4324028619710880904","potions_obtained":[{"floor":1.0,"key":"SkillPotion"},{"floor":14,"key":"GamblersBrew"},{"floor":16,"key":"Dexterity Potion"},{"floor":18,"key":"SkillPotion"},{"floor":20,"key":"Explosive Potion"},{"floor":27,"key":"SmokeBomb"}],"is_trial":false,"path_per_floor":["M","?","?","?","M","E","R","E","T","R","M","T","M","M","R","B",null,"M","?","M","M","?","R","E","R","T","M","$","R","?","M","R","B"],"character_chosen":"DEFECT","items_purchased":["Defragment","Barrage+1","sneckomod:BlankCard"],"campfire_rested":2,"item_purchase_floors":[28,28,28],"current_hp_per_floor":[66,66,51,51,51,19,41,19,19,41,41,41,41,36,36,27,65,67,67,66,68,68,68,59,59,66,58,58,58,58,60,60,0,0],"gold":96,"neow_bonus":"THREE_CARDS","is_daily":false,"chose_seed":false,"campfire_upgraded":5,"win_rate":0.0,"timestamp":1612777326,"path_taken":["M","?","?","?","M","E","R","E","T","R","?","?","M","M","R","BOSS","M","?","?","M","?","R","E","R","T","M","$","R","?","?","R","BOSS"],"items_purchased_type":["Card","Card","Relic"],"build_version":"2020-12-22","purchased_purges":1,"victory":false,"max_hp_per_floor":[75,75,75,75,75,75,75,75,75,75,75,75,75,77,77,77,77,79,79,81,83,83,83,85,85,92,94,94,94,94,96,96,96,96],"card_choices":[{"not_picked":["Conserve Battery","Streamline"],"picked":"Scrape","floor":0.0},{"not_picked":["Reinforced Body","Stack","Compile Driver"],"picked":"SKIP","floor":1.0},{"not_picked":["Sweeping Beam","Blizzard"],"picked":"Hologram","floor":5.0},{"not_picked":["Blizzard","Loop","Coolheaded"],"picked":"SKIP","floor":6.0},{"not_picked":["White Noise","Stack"],"picked":"Go for the Eyes","floor":8},{"not_picked":["Skim","Go for the Eyes"],"picked":"Leap","floor":11},{"not_picked":["Chill","Lockon+1"],"picked":"Go for the Eyes+1","floor":13},{"not_picked":["Multi-Cast","Cold Snap+1","Ball Lightning+1"],"picked":"Singing Bowl","floor":14},{"not_picked":["Fission","Reboot"],"picked":"Core Surge+1","floor":16},{"not_picked":["Rip and Tear+1","Barrage+1","Cold Snap+1"],"picked":"Singing Bowl","floor":18},{"not_picked":["Stack","Reinforced Body+1","Steam Power"],"picked":"Singing Bowl","floor":20},{"not_picked":["Rip and Tear+1","Coolheaded","Hologram"],"picked":"Singing Bowl","floor":21},{"not_picked":["Chaos","Undo","Amplify"],"picked":"Singing Bowl","floor":24},{"not_picked":["Streamline+1","Cold Snap+1","Recycle"],"picked":"Singing Bowl","floor":27},{"not_picked":["Go for the Eyes+1","Static Discharge","Steam"],"picked":"Singing Bowl","floor":31}],"player_experience":719566,"relics_obtained":[{"floor":6.0,"key":"Shovel"},{"floor":8,"key":"Singing Bowl"},{"floor":9,"key":"Cables"},{"floor":12,"key":"Molten Egg 2"},{"floor":24,"key":"TungstenRod"},{"floor":26,"key":"Strawberry"}],"event_choices":[{"cards_removed":["Strike_B"],"damage_healed":0.0,"max_hp_gain":0.0,"max_hp_loss":0.0,"gold_gain":0.0,"event_name":"The Cleric","player_choice":"Card Removal","floor":2.0,"gold_loss":50.0,"damage_taken":0.0},{"damage_healed":0.0,"max_hp_gain":0.0,"max_hp_loss":0.0,"gold_gain":0.0,"event_name":"Shining Light","player_choice":"Entered Light","floor":3.0,"gold_loss":0.0,"damage_taken":15.0,"cards_upgraded":["Strike_B","Dualcast"]},{"damage_healed":0.0,"max_hp_gain":0.0,"max_hp_loss":0.0,"gold_gain":0.0,"event_name":"Upgrade Shrine","player_choice":"Upgraded","floor":4.0,"gold_loss":0.0,"damage_taken":0.0,"cards_upgraded":["Zap"]},{"damage_healed":0,"gold_gain":0,"player_choice":"Copied","damage_taken":0,"max_hp_gain":0,"max_hp_loss":0,"event_name":"Duplicator","floor":19,"gold_loss":0,"cards_obtained":["Zap"]},{"damage_healed":0,"gold_gain":0,"player_choice":"Ignored","damage_taken":0,"max_hp_gain":0,"max_hp_loss":0,"event_name":"Vampires","floor":22,"gold_loss":0},{"damage_healed":0,"gold_gain":0,"player_choice":"Bet on Owner","damage_taken":0,"max_hp_gain":0,"max_hp_loss":0,"event_name":"The Joust","floor":30,"gold_loss":50}],"is_beta":false,"boss_relics":[{"not_picked":["Velvet Choker","Philosopher\u0027s Stone"],"picked":"FrozenCore"}],"items_purged_floors":[28],"is_endless":false,"potions_floor_spawned":[1,14,16,18,20,27],"killed_by":"Automaton","ascension_level":6}}