{"host":"tzyzz5n7hg2ni9q2","time":1612749754,"event":{"mods":["BaseMod","Minty Spire (QoL Compilation)","Quick Restart"],"gold_per_floor":[118,132,132,152,152,183,194,205,205,205,126,126,145,159,159,263,263,278,296,296,311,325,325,325,325],"floor_reached":24,"language":"ENG","playtime":793,"items_purged":[],"score":263,"play_id":"f73c6616-0426-4203-b91e-678489f4bdbc","local_time":"20210208030234","is_ascension_mode":true,"campfire_choices":[{"floor":10.0,"key":"REST"},{"floor":15.0,"key":"REST"},{"floor":23,"key":"REST"}],"circlet_count":0,"master_deck":["Strike_G","Strike_G","Strike_G+1","Strike_G","Strike_G","Defend_G","Defend_G","Defend_G","Defend_G","Defend_G+1","Survivor","Neutralize","Caltrops","Flying Knee","Dagger Throw","Sucker Punch","Dodge and Roll","Footwork+1","Bullet Time","Backstab+1"],"relics":["Ring of the Snake","Bag of Marbles","Sozu","MutagenicStrength"],"acts_visited":["Exordium","TheCity"],"potions_floor_usage":[22,22],"damage_taken":[{"damage":6.0,"enemies":"Cultist","floor":1.0,"turns":5.0},{"damage":0.0,"enemies":"Small Slimes","floor":2.0,"turns":4.0},{"damage":2.0,"enemies":"2 Louse","floor":4.0,"turns":4.0},{"damage":34.0,"enemies":"Lagavulin","floor":6.0,"turns":6.0},{"damage":0.0,"enemies":"Exordium Thugs","floor":7.0,"turns":4.0},{"damage":6.0,"enemies":"3 Louse","floor":8.0,"turns":3.0},{"damage":2.0,"enemies":"Looter","floor":13.0,"turns":4.0},{"damage":2.0,"enemies":"Red Slaver","floor":14.0,"turns":4.0},{"damage":46.0,"enemies":"Hexaghost","floor":16.0,"turns":13.0},{"damage":16.0,"enemies":"Spheric Guardian","floor":18.0,"turns":6.0},{"damage":37.0,"enemies":"Chosen","floor":19.0,"turns":8.0},{"damage":10.0,"enemies":"Snecko","floor":21.0,"turns":5.0},{"damage":0,"enemies":"Centurion and Healer","floor":22,"turns":5},{"damage":29,"enemies":"Book of Stabbing","floor":24,"turns":6}],"seed_played":"1708231450927790849","potions_obtained":[{"floor":2.0,"key":"Explosive Potion"},{"floor":6.0,"key":"LiquidMemories"},{"floor":7.0,"key":"Strength Potion"}],"is_trial":false,"path_per_floor":["M","M","?","M","?","E","M","M","T","R","$","?","M","M","R","B",null,"M","M","?","M","M","R","E"],"character_chosen":"THE_SILENT","items_purchased":["Footwork"],"campfire_rested":3,"item_purchase_floors":[11],"current_hp_per_floor":[64,64,69,67,51,17,17,11,11,35,35,35,33,31,55,9,64,48,11,11,1,1,25,0,0],"gold":325,"neow_bonus":"TEN_PERCENT_HP_BONUS","is_daily":false,"chose_seed":false,"campfire_upgraded":0,"win_rate":0.0,"timestamp":1612749754,"path_taken":["M","?","?","M","?","E","M","M","T","R","$","?","M","M","R","BOSS","M","M","?","M","M","R","E"],"items_purchased_type":["Card"],"build_version":"2020-12-22","purchased_purges":0,"victory":false,"max_hp_per_floor":[77,77,82,82,82,82,82,82,82,82,82,82,82,82,82,82,82,82,82,82,82,82,82,82,82],"card_choices":[{"not_picked":["Flying Knee","Outmaneuver"],"picked":"Caltrops","floor":1.0},{"not_picked":["Slice","Dodge and Roll"],"picked":"Flying Knee","floor":2.0},{"not_picked":["Blade Dance","Slice"],"picked":"Dagger Throw","floor":4.0},{"not_picked":["Tools of the Trade","PiercingWail","Dagger Throw"],"picked":"SKIP","floor":6.0},{"not_picked":["Blade Dance","Deflect"],"picked":"Sucker Punch","floor":7.0},{"not_picked":["Underhanded Strike","Prepared"],"picked":"Dodge and Roll","floor":8.0},{"not_picked":["Poisoned Stab","Venomology","Underhanded Strike"],"picked":"SKIP","floor":13.0},{"not_picked":["Dagger Spray","Underhanded Strike","Sucker Punch"],"picked":"SKIP","floor":14.0},{"not_picked":["A Thousand Cuts","Envenom"],"picked":"Bullet Time","floor":16.0},{"not_picked":["Acrobatics+1","Calculated Gamble+1","Infinite Blades"],"picked":"SKIP","floor":18.0},{"not_picked":["Tactician","Crippling Poison"],"picked":"Backstab+1","floor":19.0},{"not_picked":["Dodge and Roll","Dagger Spray","Acrobatics+1"],"picked":"SKIP","floor":21.0},{"not_picked":["Cloak And Dagger","Dodge and Roll","Poisoned Stab"],"picked":"SKIP","floor":22}],"player_experience":309740,"relics_obtained":[{"floor":6.0,"key":"Bag of Marbles"}],"event_choices":[{"damage_healed":0.0,"max_hp_gain":5.0,"max_hp_loss":0.0,"gold_gain":0.0,"event_name":"Big Fish","player_choice":"Donut","floor":3.0,"gold_loss":0.0,"damage_taken":0.0},{"damage_healed":0.0,"max_hp_gain":0.0,"max_hp_loss":0.0,"gold_gain":0.0,"event_name":"Shining Light","player_choice":"Entered Light","floor":5.0,"gold_loss":0.0,"damage_taken":16.0,"cards_upgraded":["Defend_G","Strike_G"]},{"damage_healed":0.0,"max_hp_gain":0.0,"max_hp_loss":0.0,"gold_gain":0.0,"event_name":"Living Wall","player_choice":"Grow","floor":12.0,"gold_loss":0.0,"damage_taken":0.0,"cards_upgraded":["Footwork"]},{"damage_healed":0.0,"max_hp_gain":0.0,"max_hp_loss":0.0,"gold_gain":0.0,"event_name":"Drug Dealer","player_choice":"Inject Mutagens","floor":20.0,"gold_loss":0.0,"damage_taken":0.0,"relics_obtained":["MutagenicStrength"]}],"is_beta":false,"boss_relics":[{"not_picked":["Astrolabe","Snecko Eye"],"picked":"Sozu"}],"items_purged_floors":[],"is_endless":false,"potions_floor_spawned":[2,6,7,21,22],"killed_by":"Book of Stabbing","ascension_level":6}}