{"host":"ek3xvuouaw6vk9if","time":1612761584,"event":{"mods":["BaseMod","BetterRewards","Curses Come First","Dark Map","Hubris","Minty Spire (QoL Compilation)","Permanent Neow","Quick Restart","Relic Stats","Replay The Spire","Spire Arcade","StSLib","The Runesmith"],"gold_per_floor":[117,137,150,46,46,71,71,71,71,105,124,124,137,152,152,255,255,272,287,387,400,411,436,436,454,454,454,454,471,486,504,504,608,608,625,625,572,95,109,109,129,129,129,140,150,160,180,180,180,180,180],"floor_reached":50,"language":"ENG","playtime":4200,"items_purged":["Runesmith:Strike_RS"],"score":532,"play_id":"959064fe-cc5f-41a5-9db4-5f8d22747566","local_time":"20210208001944","is_ascension_mode":false,"campfire_choices":[{"data":"Runesmith:Permafrost","floor":7,"key":"SMITH"},{"data":"Runesmith:HammerThrow","floor":12,"key":"SMITH"},{"data":"Runesmith:LithiumIon","floor":15,"key":"SMITH"},{"data":"Runesmith:UnlimitedPower","floor":24,"key":"SMITH"},{"data":"Runesmith:CraftMagma","floor":24,"key":"SMITH"},{"data":"Runesmith:Prism","floor":28,"key":"SMITH"},{"data":"Runesmith:CraftProtectio","floor":28,"key":"SMITH"},{"floor":32,"key":"DIG"},{"data":"Runesmith:LithiumIon","floor":40,"key":"SMITH"},{"data":"Runesmith:OneForEveryone","floor":40,"key":"SMITH"},{"data":"Runesmith:FissionHammer","floor":42,"key":"SMITH"},{"data":"Runesmith:CraftVitae","floor":42,"key":"SMITH"},{"floor":49,"key":"REST"}],"circlet_count":0,"master_deck":["Runesmith:Strike_RS","Runesmith:Strike_RS","Runesmith:Strike_RS","Runesmith:Defend_RS","Runesmith:Defend_RS","Runesmith:Defend_RS","Runesmith:Defend_RS","Runesmith:CraftFirestone","Runesmith:Fortify","Runesmith:MakeshiftArmor","Runesmith:Refine+1","Runesmith:ElementalConversion+1","Runesmith:ChiselStab+1","Runesmith:Permafrost+1","Runesmith:HammerThrow+1","Runesmith:CraftVitae+1","Runesmith:LithiumIon+1","Runesmith:UnlimitedPower+1","Runesmith:Prism+1","Runesmith:CraftSpiculum+1","Runesmith:CraftProtectio+1","Runesmith:CraftMagma+1","Runesmith:Terraform+1","Runesmith:RuneHurl","Runesmith:ChargedHammer","Runesmith:ChaoticBlast+1","Runesmith:FissionHammer+1","Specialist","Runesmith:LithiumIon+1","Runesmith:OneForEveryone+1","Runesmith:StaticCage","Runesmith:CraftProtectio+1","Parasite","Runesmith:UnstableHammer+1","Runesmith:CraftPrismatica","Runesmith:Retool+1","Runesmith:CraftSpiculum"],"relics":["Runesmith:BrokenRuby","CaptainsWheel","Bag of Preparation","White Beast Statue","Oddly Smooth Stone","Painkiller Herb","Replay:Arrowhead","Question Card","Replay:Wax Seal","Sozu","Turnip","Matryoshka","Letter Opener","Pantograph"],"acts_visited":["Exordium","TheCity","TheBeyond"],"potions_floor_usage":[10,14,16,16,23,33,33,50],"damage_taken":[{"damage":0,"enemies":"Jaw Worm","floor":1,"turns":3},{"damage":0,"enemies":"Cultist","floor":2,"turns":4},{"damage":0,"enemies":"2 Louse","floor":3,"turns":3},{"damage":28,"enemies":"3 Sentries","floor":6,"turns":11},{"damage":1,"enemies":"Replay:BlueRogue","floor":10,"turns":5},{"damage":0,"enemies":"Exordium Thugs","floor":11,"turns":4},{"damage":0,"enemies":"Looter","floor":13,"turns":4},{"damage":0,"enemies":"Lots of Slimes","floor":14,"turns":3},{"damage":4,"enemies":"Slime Boss","floor":16,"turns":11},{"damage":0,"enemies":"Shell Parasite","floor":18,"turns":9},{"damage":0,"enemies":"Spheric Guardian","floor":19,"turns":5},{"damage":9,"enemies":"3 Cultists","floor":21,"turns":5},{"damage":7,"enemies":"Chosen and Byrds","floor":22,"turns":7},{"damage":0,"enemies":"Gremlin Leader","floor":23,"turns":10},{"damage":0,"enemies":"Centurion and Healer","floor":25,"turns":9},{"damage":6,"enemies":"Cultist and Chosen","floor":29,"turns":7},{"damage":0,"enemies":"Snecko","floor":30,"turns":6},{"damage":0,"enemies":"Centurion and Healer","floor":31,"turns":6},{"damage":36,"enemies":"Collector","floor":33,"turns":10},{"damage":3,"enemies":"3 Shapes","floor":35,"turns":5},{"damage":6,"enemies":"Orb Walker","floor":39,"turns":4},{"damage":27,"enemies":"Jaw Worm Horde","floor":41,"turns":3},{"damage":10,"enemies":"Writhing Mass","floor":44,"turns":6},{"damage":0,"enemies":"Maw","floor":45,"turns":7},{"damage":4,"enemies":"Jaw Worm Horde","floor":46,"turns":5},{"damage":0,"enemies":"Sphere and 2 Shapes","floor":47,"turns":5},{"damage":89,"enemies":"hubris:GrandSnecko","floor":50,"turns":15}],"seed_played":"-8695146042564240298","potions_obtained":[{"floor":3,"key":"SpeedPotion"},{"floor":6,"key":"CultistPotion"},{"floor":10,"key":"FearPotion"},{"floor":11,"key":"AttackPotion"},{"floor":13,"key":"Energy Potion"},{"floor":14,"key":"Ancient Potion"},{"floor":16,"key":"Energy Potion"},{"floor":18,"key":"Strength Potion"},{"floor":22,"key":"Block Potion"},{"floor":23,"key":"SkillPotion"},{"floor":31,"key":"SteroidPotion"},{"floor":33,"key":"Explosive Potion"}],"is_trial":false,"path_per_floor":["M","M","M","$","?","E","R","?","T","E","M","R","M","M","R","B",null,"?","?","?","?","?","E","T","?","T","?","T","?","?","?","T","B",null,"?","?","?","T","?","T","?","T","T","?","?","?","?","?","T","B"],"character_chosen":"RUNESMITH_CLASS","items_purchased":["Runesmith:ChiselStab+1","Runesmith:Permafrost","Matryoshka","Runesmith:LithiumIon","Runesmith:OneForEveryone"],"campfire_rested":1,"item_purchase_floors":[4,4,38,38,38],"current_hp_per_floor":[49,49,49,49,49,21,21,21,21,20,20,20,20,20,20,16,70,70,70,70,61,54,54,54,54,54,54,54,48,48,48,48,12,70,67,67,67,67,61,61,34,34,34,24,24,20,20,20,41,0,0],"gold":180,"neow_bonus":"ONE_RARE_RELIC","is_daily":false,"chose_seed":false,"campfire_upgraded":11,"win_rate":0.0,"timestamp":1612761584,"path_taken":["M","M","M","$","?","E","R","?","T","E","?","R","?","?","R","BOSS","?","?","?","?","?","E","T","?","T","?","T","?","?","?","T","BOSS","?","?","?","T","?","T","?","T","T","?","?","?","?","?","T","BOSS"],"items_purchased_type":["Card","Card","Relic","Card","Card"],"build_version":"2020-12-22","purchased_purges":1,"victory":false,"max_hp_per_floor":[70,70,70,70,70,70,70,70,70,70,70,70,70,70,70,70,70,70,70,70,70,70,70,70,70,70,70,70,70,70,70,70,70,70,70,70,70,70,70,70,70,70,70,70,70,70,70,70,70,70,70],"relic_stats":{"Sozu":7,"counters":[27,172],"Pantograph":25,"Turnip":[37],"Bag of Preparation":[46],"Letter Opener":[152],"Question Card":12,"obtain_stats":[{"Runesmith:BrokenRuby":0,"Oddly Smooth Stone":10,"Painkiller Herb":17,"Bag of Preparation":6,"Letter Opener":43,"Question Card":26,"White Beast Statue":9,"Replay:Arrowhead":23,"Sozu":34,"CaptainsWheel":0,"Matryoshka":38,"Pantograph":43,"Turnip":37,"Replay:Wax Seal":32},{"Runesmith:BrokenRuby":0,"Oddly Smooth Stone":5,"Painkiller Herb":9,"Bag of Preparation":4,"Letter Opener":22,"Question Card":15,"White Beast Statue":4,"Replay:Arrowhead":14,"Sozu":19,"CaptainsWheel":0,"Matryoshka":20,"Pantograph":22,"Turnip":20,"Replay:Wax Seal":18},{"Runesmith:BrokenRuby":0,"Oddly Smooth Stone":26,"Painkiller Herb":48,"Bag of Preparation":21,"Letter Opener":134,"Question Card":93,"White Beast Statue":21,"Replay:Arrowhead":84,"Sozu":122,"CaptainsWheel":0,"Matryoshka":127,"Pantograph":134,"Turnip":127,"Replay:Wax Seal":112}]},"card_choices":[{"not_picked":["Runesmith:HeatExchange","Runesmith:FieryHammer"],"picked":"Runesmith:MakeshiftArmor","floor":1},{"not_picked":["Runesmith:HammerAndChisel","Runesmith:HeatExchange"],"picked":"Runesmith:Refine","floor":2},{"not_picked":["Runesmith:Discharge","Runesmith:HeatedChisel"],"picked":"Runesmith:ElementalConversion","floor":3},{"not_picked":["Runesmith:NegativeSpace","Runesmith:CraftVitae"],"picked":"Runesmith:HammerThrow","floor":6},{"not_picked":["Runesmith:RuneHurl","Runesmith:Permafrost"],"picked":"Runesmith:CraftVitae","floor":10},{"not_picked":["Runesmith:CraftMagma","Runesmith:ShiftingStrike"],"picked":"Runesmith:LithiumIon","floor":11},{"not_picked":["Runesmith:StaticCage","Runesmith:RuneHurl","Runesmith:BackupBattery"],"picked":"SKIP","floor":13},{"not_picked":["Runesmith:StaticCage","Runesmith:UnstableHammer","Runesmith:RuneHurl"],"picked":"SKIP","floor":14},{"not_picked":["Runesmith:Duplicate","Runesmith:ArcReactor"],"picked":"Runesmith:UnlimitedPower","floor":16},{"not_picked":["Runesmith:EnergizedChisel+1","Runesmith:UnstableHammer+1"],"picked":"Runesmith:Prism","floor":18},{"not_picked":["Runesmith:MakeshiftArmor","Runesmith:DoubleUp"],"picked":"Runesmith:CraftSpiculum+1","floor":19},{"not_picked":["Runesmith:Electrocute","Runesmith:StaticCage+1"],"picked":"Runesmith:CraftProtectio","floor":21},{"not_picked":["Runesmith:BackupBattery+1","Runesmith:EnergizedChisel"],"picked":"Runesmith:CraftMagma","floor":22},{"not_picked":["Runesmith:CraftMagma","Runesmith:EarthShield"],"picked":"Runesmith:Terraform+1","floor":23},{"not_picked":["Runesmith:CraftMagma","Runesmith:Overpower"],"picked":"Runesmith:RuneHurl","floor":25},{"not_picked":["Runesmith:MakeshiftArmor+1","Runesmith:Prism","Runesmith:Permafrost+1"],"picked":"Runesmith:ChargedHammer","floor":29},{"not_picked":["Runesmith:Retool","Runesmith:Attraction","Runesmith:GrandSlam","Runesmith:CraftMagma"],"picked":"SKIP","floor":30},{"not_picked":["Runesmith:HammerThrow","Runesmith:MakeshiftArmor","Runesmith:RuneHurl"],"picked":"Runesmith:ChaoticBlast+1","floor":31},{"not_picked":["Runesmith:DuctTape","Runesmith:Duplicate","Runesmith:Supernova"],"picked":"Runesmith:FissionHammer","floor":33},{"not_picked":["Runesmith:CraftProtectio","Runesmith:ChiselStab+1","Runesmith:RunicBlueprint","Runesmith:Repurpose+1"],"picked":"SKIP","floor":35},{"not_picked":["Metamorphosis","Crow Ritual","Deep Breath"],"picked":"Specialist","floor":36},{"not_picked":["Runesmith:Malloc+1","Runesmith:EnergizedChisel","Runesmith:EarthShield"],"picked":"Runesmith:StaticCage","floor":39},{"not_picked":["Runesmith:EnergizedChisel","Runesmith:BackupBattery","Runesmith:Prism+1"],"picked":"Runesmith:CraftProtectio+1","floor":41},{"not_picked":["Runesmith:CraftMagma","Runesmith:EnergizedChisel+1","Runesmith:CraftProtectio+1"],"picked":"Runesmith:UnstableHammer+1","floor":44},{"not_picked":["Runesmith:Grindstone","Runesmith:PoweredAnvil","Runesmith:LithiumIon"],"picked":"Runesmith:CraftPrismatica","floor":45},{"not_picked":["Runesmith:Reinforce+1","Runesmith:MakeshiftArmor+1","Runesmith:RuneHurl"],"picked":"Runesmith:Retool+1","floor":46},{"not_picked":["Runesmith:EnergizedChisel","Runesmith:Overpower","Runesmith:UnstableHammer+1"],"picked":"Runesmith:CraftSpiculum","floor":47}],"player_experience":520938,"relics_obtained":[{"floor":6,"key":"Bag of Preparation"},{"floor":9,"key":"White Beast Statue"},{"floor":10,"key":"Oddly Smooth Stone"},{"floor":23,"key":"Replay:Arrowhead"},{"floor":26,"key":"Question Card"},{"floor":32,"key":"Replay:Wax Seal"},{"floor":43,"key":"Letter Opener"},{"floor":43,"key":"Pantograph"}],"event_choices":[{"damage_healed":0,"gold_gain":0,"player_choice":"Upgraded","damage_taken":0,"max_hp_gain":0,"max_hp_loss":0,"event_name":"Upgrade Shrine","floor":8,"gold_loss":0,"cards_upgraded":["Runesmith:Refine"]},{"damage_healed":0,"gold_gain":100,"player_choice":"Pray","damage_taken":0,"max_hp_gain":0,"max_hp_loss":0,"event_name":"Golden Shrine","floor":20,"gold_loss":0},{"damage_healed":0,"gold_gain":0,"player_choice":"Ignored","damage_taken":0,"max_hp_gain":0,"max_hp_loss":0,"event_name":"Ghosts","floor":27,"gold_loss":0},{"damage_healed":0,"gold_gain":0,"player_choice":"Memory 1","damage_taken":0,"max_hp_gain":0,"max_hp_loss":0,"event_name":"SensoryStone","floor":36,"gold_loss":0},{"damage_healed":0,"gold_gain":0,"player_choice":"Paid Gold","damage_taken":0,"relics_obtained":["Turnip"],"max_hp_gain":0,"max_hp_loss":0,"event_name":"WeMeetAgain","floor":37,"gold_loss":53},{"damage_healed":0,"gold_gain":0,"player_choice":"Ignored","damage_taken":0,"max_hp_gain":0,"max_hp_loss":0,"event_name":"NoteForYourself","floor":48,"gold_loss":0}],"is_beta":false,"boss_relics":[{"not_picked":["ReplayTheSpireMod:DimensionalGlitch","hubris:HollowSoul"],"picked":"Painkiller Herb"},{"not_picked":["Replay:Drink Me","Black Star"],"picked":"Sozu"}],"items_purged_floors":[38],"is_endless":false,"potions_floor_spawned":[3,6,10,11,13,14,16,18,19,21,22,23,25,29,30,31,33,35,39,41,44,45,46,47],"killed_by":"hubris:GrandSnecko","ascension_level":0}}