{"host":"awrw1gk2acwismlg","time":1612752596,"event":{"mods":["ATMod(°¢èªMod)","Aspiration","BaseMod","Bestiary","Challenge The Spire","Conspire","Downfall","Energized Spire","Hermit","Jedi Mod","Marked Mod","Minty Spire (QoL Compilation)","Morshu Shopkeeper","Morshu Shopkeeper - ENHANCED","Quarter Circle Forward PUNCH!","Reliquary","Remilia_Scarlet Moed£¨ÀÙÃ×ÀòÑÇ¡¤Ë¹¿¨À×ÌØ£©3.3.5","Replay The Spire","SIMod","Shop Mod","Small Relic Pack","StSLib","The Bug Knight","The Cursed","Warlord Emblem","Wide Potions","Yakumo Yukari mod","¡¾ÒÅÎï¿¨ÅÆ¡¿REMEMod","óô»ðÖ¸ÄÏ"],"gold_per_floor":[109,109,109,121,133,162,181,208,287,287,303,228,228,248,248,432,432,452,472,472,482,482,482,500,500,523,268,268,279,291,324,324,509,459,473,485,578,578,594,594,605,605,605,118,212,212,225,239,89,89,89],"floor_reached":50,"language":"ZHS","playtime":5768,"items_purged":["RemiliaMod:CWYW","downfall:Bewildered","Strike_B","Strike_B"],"score":510,"play_id":"17e9d9de-9f42-4c82-ba2a-6bb18fd504c7","local_time":"20210208104956","is_ascension_mode":false,"campfire_choices":[{"data":"AT_ThreeBodyProblem","floor":13,"key":"SMITH"},{"data":"REME_WheelOfFate","floor":15,"key":"SMITH"},{"data":"Electrodynamics","floor":23,"key":"SMITH"},{"data":"Fission","floor":25,"key":"SMITH"},{"data":"AT_FamilyPortrait","floor":28,"key":"SMITH"},{"data":"Defragment","floor":40,"key":"SMITH"},{"data":"Redo","floor":42,"key":"SMITH"}],"circlet_count":0,"master_deck":["Strike_B","Strike_B","Defend_B","Defend_B","Defend_B","Defend_B","Zap","Dualcast","REME_WheelOfFate+1","Ball Lightning","Ball Lightning","REME_SelfUpgrade","ReplayTheSpireMod:Omega Cannon","AT_ThreeBodyProblem+1","Electrodynamics+1","Ball Lightning","Ball Lightning","Fission+1","Redo+1","Redo+1","jedi:gatheringstorm","Strike_B","Replay:Sssssssssstrike","Panic Button+1","Defragment+1","Ball Lightning+1"],"relics":["Cracked Core","REME_ComplimentaryCards","AT_ATBox","NeowsBlessing","Replay:Accelerometer","jedi:purplefairy","Dream Catcher","REME_HandOfSuture","Nuclear Battery","Blue Candle","sneckomod:BabySnecko","reliquary:SharkskinSheath","Potion Belt","Bird Faced Urn","energizedSpire:HugeHouse","Bag of Preparation","aspiration:FetidBarrel","BargainBundle","AT_ImmortalShieldbow"],"acts_visited":["Exordium","TheCity","TheBeyond"],"potions_floor_usage":[21,21,21,30,33,33,36,47,47,50,50,50],"damage_taken":[{"damage":0.0,"enemies":"2 Louse","floor":1.0,"turns":1.0},{"damage":0.0,"enemies":"Jaw Worm","floor":4.0,"turns":1.0},{"damage":0.0,"enemies":"Cultist","floor":5.0,"turns":1.0},{"damage":3.0,"enemies":"Gremlin Nob","floor":6.0,"turns":4.0},{"damage":3.0,"enemies":"Red Slaver","floor":7.0,"turns":4.0},{"damage":16.0,"enemies":"Replay:BlueRogue","floor":8.0,"turns":5.0},{"damage":13,"enemies":"Lots of Slimes","floor":11,"turns":2},{"damage":2,"enemies":"Exordium Wildlife","floor":14,"turns":4},{"damage":85,"enemies":"The Guardian","floor":16,"turns":9},{"damage":3,"enemies":"Shell Parasite","floor":18,"turns":1},{"damage":0,"enemies":"Chosen","floor":19,"turns":3},{"damage":7,"enemies":"Snake Plant","floor":21,"turns":2},{"damage":10,"enemies":"Cultist and Chosen","floor":24,"turns":3},{"damage":0,"enemies":"Centurion and Healer","floor":29,"turns":1},{"damage":8,"enemies":"conspire:HollyBat","floor":30,"turns":7},{"damage":8,"enemies":"conspire:MimicChest","floor":31,"turns":4},{"damage":70,"enemies":"Champ","floor":33,"turns":9},{"damage":8,"enemies":"3 Darklings","floor":35,"turns":2},{"damage":3,"enemies":"Orb Walker","floor":36,"turns":2},{"damage":8,"enemies":"3 Darklings","floor":37,"turns":2},{"damage":0,"enemies":"Jaw Worm Horde","floor":39,"turns":1},{"damage":5,"enemies":"Sphere and 2 Shapes","floor":41,"turns":3},{"damage":52,"enemies":"Writhing Mass","floor":45,"turns":5},{"damage":6,"enemies":"Transient","floor":47,"turns":5},{"damage":21,"enemies":"Spire Growth","floor":48,"turns":3},{"damage":79,"enemies":"Time Eater","floor":50,"turns":7}],"seed_played":"-4799428902898943243","potions_obtained":[{"floor":1.0,"key":"Block Potion"},{"floor":6.0,"key":"Block Potion"},{"floor":8.0,"key":"Fire Potion"},{"floor":10,"key":"FairyPotion"},{"floor":16,"key":"champ:CounterPotion"},{"floor":19,"key":"EntropicBrew"},{"floor":24,"key":"PowerPotion"},{"floor":31,"key":"DistilledChaos"},{"floor":33,"key":"LiquidMemories"},{"floor":35,"key":"jedi:StrikingPotion"},{"floor":45,"key":"Fire Potion"},{"floor":47,"key":"Dexterity Potion"}],"is_trial":false,"path_per_floor":["M","?","T","M","M","E","M","E","T","?","M","$","R","M","R","B",null,"M","M","?","M","?","R","M","R","T","$","R","M","M","?","R","B",null,"M","M","M","?","M","R","M","R","T","$","M","?","M","M","R","B"],"character_chosen":"DEFECT","items_purchased":["Potion Belt","BargainBundle","AT_ImmortalShieldbow","bronze:BurnAndBuffPotion","jedi:coolantleak","FocusPotion"],"campfire_rested":0,"item_purchase_floors":[27,44,44,44,44,44],"current_hp_per_floor":[75,75,75,75,75,72,69,53,53,53,40,40,45,63,64,56,75,72,75,70,63,63,64,54,55,55,55,56,56,68,60,75,9,70,70,67,59,59,59,64,67,70,70,70,24,24,52,35,35,0,0],"gold":89,"neow_bonus":"THREE_ENEMY_KILL","is_daily":false,"chose_seed":false,"campfire_upgraded":7,"win_rate":0.0,"timestamp":1612752596,"path_taken":["M","?","?","?","M","E","M","E","T","?","?","?","R","?","R","BOSS","M","M","?","M","?","R","M","R","T","$","R","M","M","?","R","BOSS","M","M","M","?","M","R","M","R","T","?","M","?","M","M","R","BOSS"],"items_purchased_type":["Relic","Relic","Relic","Potion","Potion","Potion"],"build_version":"2020-12-22","purchased_purges":4,"victory":false,"max_hp_per_floor":[75,75,75,75,75,75,75,75,75,75,75,75,75,75,75,75,75,75,75,75,75,75,75,75,75,75,75,75,75,75,75,75,75,70,70,70,70,70,70,70,70,70,70,70,70,70,70,70,70,70,70],"card_choices":[{"not_picked":["Go for the Eyes","Conserve Battery"],"picked":"Ball Lightning","floor":1.0},{"not_picked":["Auto Shields","Beam Cell"],"picked":"Ball Lightning","floor":4.0},{"not_picked":["ReplayTheSpireMod:GoodbyeWorld","Hologram"],"picked":"REME_SelfUpgrade","floor":5.0},{"not_picked":["Compile Driver","Sweeping Beam","AT_EMC2"],"picked":"SKIP","floor":6.0},{"not_picked":["Streamline","BasicCrystalCard"],"picked":"ReplayTheSpireMod:Omega Cannon","floor":7.0},{"not_picked":["REME_SelfUpgrade","Streamline","Reinforced Body","BootSequence"],"picked":"SKIP","floor":8.0},{"not_picked":["jedi:blockon","Cold Snap"],"picked":"AT_ThreeBodyProblem","floor":11},{"not_picked":["Fusion","Cold Snap","Streamline"],"picked":"SKIP","floor":14},{"not_picked":["REME_ForAll","Multi-Cast","Reboot"],"picked":"Electrodynamics","floor":16},{"not_picked":["Stack","Self Repair"],"picked":"Ball Lightning","floor":18},{"not_picked":["Consume","Beam Cell","jedi:BurstFrost","Fusion"],"picked":"SKIP","floor":19},{"not_picked":["Redo+1","Rebound"],"picked":"Ball Lightning","floor":21},{"not_picked":["AT_EMC2+1","jedi:markofdeath","Conserve Battery"],"picked":"Fission","floor":24},{"not_picked":["jedi:BurstLightning","Barrage"],"picked":"Redo","floor":29},{"not_picked":["Streamline","Rebound+1","Barrage"],"picked":"Redo","floor":30},{"not_picked":["jedi:darknesscall","jedi:studyfrost","ReplayTheSpireMod:Omega Cannon"],"picked":"jedi:gatheringstorm","floor":33},{"not_picked":["Redo","Undo+1"],"picked":"Panic Button+1","floor":35},{"not_picked":["Conserve Battery+1","Panic Button","Redo","Rebound+1"],"picked":"SKIP","floor":36},{"not_picked":["Compile Driver","Beam Cell+1"],"picked":"Defragment","floor":37},{"not_picked":["Compile Driver+1","Redo","Barrage+1"],"picked":"SKIP","floor":39},{"not_picked":["Leap+1","Compile Driver+1","Steam Power","Glacier"],"picked":"SKIP","floor":41},{"not_picked":["Compile Driver","Cold Snap+1","Redo"],"picked":"SKIP","floor":45},{"not_picked":["Leap+1","jedi:BurstFrost","jedi:darknesscall"],"picked":"Ball Lightning+1","floor":47},{"not_picked":["AT_HeatAcrobatics","Rebound","Coolheaded+1"],"picked":"SKIP","floor":48}],"player_experience":77818,"relics_obtained":[{"floor":3.0,"key":"Replay:Accelerometer"},{"floor":6.0,"key":"jedi:purplefairy"},{"floor":8.0,"key":"REME_HandOfSuture"},{"floor":26,"key":"reliquary:SharkskinSheath"},{"floor":31,"key":"Bird Faced Urn"},{"floor":43,"key":"aspiration:FetidBarrel"}],"event_choices":[{"damage_healed":25.0,"max_hp_gain":0.0,"max_hp_loss":0.0,"gold_gain":0.0,"event_name":"Remilia_CDSJ09","player_choice":"CWYW","floor":2.0,"gold_loss":0.0,"damage_taken":0.0},{"damage_healed":0,"gold_gain":0,"player_choice":"Got Potions","damage_taken":0,"max_hp_gain":0,"max_hp_loss":0,"event_name":"Lab","floor":10,"gold_loss":0},{"damage_healed":0,"gold_gain":0,"player_choice":"Ignored","damage_taken":0,"max_hp_gain":0,"max_hp_loss":0,"event_name":"Mysterious Sphere","floor":46,"gold_loss":0}],"is_beta":false,"boss_relics":[{"not_picked":["jedi:hotpepper","reliquary:Craggleroot"],"picked":"Nuclear Battery"},{"not_picked":["SlaversCollar","energizedSpire:RedRose"],"picked":"energizedSpire:HugeHouse"}],"items_purged_floors":[12,27,44,49],"is_endless":false,"potions_floor_spawned":[1,6,8,16,19,24,31,33,35,45,47],"killed_by":"Time Eater","ascension_level":0}}