{"host":"tkinv8gv6hgcc58b","time":1612810966,"event":{"mods":["BaseMod","BetterRewards","Colored Map","Downfall","Googly Eyes","Hermit","Minty Spire (QoL Compilation)","StSLib","The Cursed","The Disciple"],"gold_per_floor":[116,116,116,140,215,215,235,276,301,377,377,402,442,466,466,595,595,620,84,84,108,33,33,33,33,54,54,54,73,92,92,92,116,136,136,265,265,288,288,307,327,345,386,386,80,80,80,118,118,156,172,172,172,172,172,172,16,59,59,59],"floor_reached":59,"language":"ENG","playtime":2579,"items_purged":["Injury"],"score":1374,"play_id":"0d553d4f-8662-44f0-a211-63893e9e849c","local_time":"20210208140246","is_ascension_mode":true,"campfire_choices":[{"floor":6.0,"key":"REST"},{"floor":11.0,"key":"REST"},{"data":"1","floor":15.0,"key":"LIFT"},{"data":"2","floor":24.0,"key":"LIFT"},{"floor":32.0,"key":"REST"},{"data":"3","floor":35.0,"key":"LIFT"},{"floor":44.0,"key":"REST"},{"floor":53.0,"key":"RECALL"},{"floor":56.0,"key":"REST"}],"circlet_count":0,"master_deck":["Strike_P","Strike_P","Strike_P","Strike_P","Defend_P","Defend_P","Defend_P","Defend_P","Eruption","Vigilance","Apotheosis+1","ClearTheMind","FearNoEvil","FollowUp","ClearTheMind","Tantrum","ConjureBlade","DeusExMachina","EmptyFist","Study","DevaForm","FlurryOfBlows","RitualDagger","Crescendo","Vault","Wallop+1","WheelKick+1","Sanctity+1","Establishment","Vault"],"relics":["PureWater","hexamod:BolsterEngine","Pocketwatch","Golden Idol","Blood Vial","Matryoshka","HornCleat","Shuriken","Bronze Scales","Girya","Fusion Hammer","TeardropLocket","Mummified Hand","White Beast Statue","Molten Egg 2","Meat on the Bone","Black Star","Ornamental Fan","PreservedInsect","Thread and Needle","Yang","Eternal Feather","GoldenEye","WarpedTongs","Lantern","Guardian:BottledAnomaly","Akabeko","FossilizedHelix"],"acts_visited":["Exordium","TheCity","TheBeyond","TheEnding"],"potions_floor_usage":[59,59],"damage_taken":[{"damage":0.0,"enemies":"Cultist","floor":1.0,"turns":2.0},{"damage":0.0,"enemies":"2 Louse","floor":4.0,"turns":2.0},{"damage":6.0,"enemies":"Small Slimes","floor":7.0,"turns":2.0},{"damage":9.0,"enemies":"3 Sentries","floor":8.0,"turns":4.0},{"damage":4.0,"enemies":"Gremlin Nob","floor":10.0,"turns":3.0},{"damage":0.0,"enemies":"2 Fungi Beasts","floor":12.0,"turns":3.0},{"damage":0.0,"enemies":"Lagavulin","floor":13.0,"turns":3.0},{"damage":0.0,"enemies":"Exordium Thugs","floor":14.0,"turns":4.0},{"damage":0.0,"enemies":"Slime Boss","floor":16.0,"turns":2.0},{"damage":0.0,"enemies":"Spheric Guardian","floor":18.0,"turns":2.0},{"damage":1.0,"enemies":"3 Byrds","floor":21.0,"turns":3.0},{"damage":19.0,"enemies":"Snake Plant","floor":26.0,"turns":2.0},{"damage":0.0,"enemies":"Centurion and Healer","floor":29.0,"turns":3.0},{"damage":15.0,"enemies":"Shelled Parasite and Fungi","floor":30.0,"turns":3.0},{"damage":1.0,"enemies":"Cultist and Chosen","floor":33.0,"turns":3.0},{"damage":0.0,"enemies":"Sentry and Sphere","floor":34.0,"turns":3.0},{"damage":24.0,"enemies":"Champ","floor":36.0,"turns":4.0},{"damage":30.0,"enemies":"3 Darklings","floor":38.0,"turns":4.0},{"damage":6.0,"enemies":"3 Shapes","floor":40.0,"turns":3.0},{"damage":34.0,"enemies":"Maw","floor":41.0,"turns":5.0},{"damage":8.0,"enemies":"Jaw Worm Horde","floor":42.0,"turns":2.0},{"damage":2.0,"enemies":"Giant Head","floor":43.0,"turns":5.0},{"damage":0.0,"enemies":"Reptomancer","floor":48.0,"turns":3.0},{"damage":31.0,"enemies":"Nemesis","floor":50.0,"turns":5.0},{"damage":6.0,"enemies":"Spire Growth","floor":51.0,"turns":5.0},{"damage":37.0,"enemies":"Time Eater","floor":54.0,"turns":6.0},{"damage":24.0,"enemies":"Shield and Spear","floor":58.0,"turns":3.0},{"damage":157,"enemies":"The Heart","floor":59,"turns":3}],"seed_played":"7711435111313587540","potions_obtained":[{"floor":1.0,"key":"Energy Potion"},{"floor":4.0,"key":"CultistPotion"},{"floor":12.0,"key":"Strength Potion"},{"floor":13.0,"key":"DistilledChaos"},{"floor":36.0,"key":"Energy Potion"},{"floor":41.0,"key":"DistilledChaos"},{"floor":42.0,"key":"Regen Potion"},{"floor":50.0,"key":"DuplicationPotion"}],"is_trial":false,"path_per_floor":["M","?","?","M","?","R","M","E","T","?","R","M","E","M","R","B",null,"M","$","?","M","$","$","R","?","M","T","T","M","M","$","R","M","M","R","B",null,"M","?","M","M","M","E","R","$","T","T","E","?","E","M","?","R","B",null,"R","$","E","B"],"character_chosen":"WATCHER","items_purchased":["Apotheosis","hexamod:BolsterEngine","ClearTheMind","Crescendo","FearNoEvil","TeardropLocket","Mummified Hand","FlurryOfBlows","Thread and Needle","Guardian:BottledAnomaly"],"campfire_rested":5,"item_purchase_floors":[0,0,0,0,0,19,19,19,45,57],"current_hp_per_floor":[44,44,26,28,17,38,34,27,27,25,46,48,50,52,52,54,68,70,70,70,71,71,71,71,65,48,48,48,50,37,37,58,59,61,61,39,64,48,48,44,24,30,42,63,63,63,63,65,65,48,44,44,62,39,64,72,72,48,0,0],"gold":59,"neow_bonus":"","is_daily":false,"chose_seed":false,"campfire_upgraded":0,"win_rate":0.0,"timestamp":1612810966,"path_taken":["M","?","?","M","?","R","M","E","T","?","R","M","E","M","R","BOSS","M","$","?","M","?","$","R","?","M","T","T","M","M","?","R","?","M","R","BOSS","M","?","M","M","M","E","R","$","T","T","E","?","E","?","?","R","BOSS","R","$","E","BOSS"],"items_purchased_type":["Card","Relic","Card","Card","Card","Relic","Relic","Card","Relic","Relic"],"build_version":"2020-12-22","purchased_purges":1,"victory":false,"max_hp_per_floor":[72,72,72,72,72,72,72,72,72,72,72,72,72,72,72,72,72,72,72,72,72,72,72,72,72,72,72,72,72,72,72,72,72,72,72,72,72,72,72,72,72,72,72,72,72,72,72,72,72,72,72,72,72,72,72,72,72,72,72,72],"card_choices":[{"not_picked":["Wireheading","FollowUp"],"picked":"ClearTheMind","floor":1.0},{"not_picked":["Meditate","CrushJoints"],"picked":"Tantrum","floor":4.0},{"not_picked":["JustLucky","Halt"],"picked":"ConjureBlade","floor":7.0},{"not_picked":["Weave","CutThroughFate"],"picked":"DeusExMachina","floor":8.0},{"not_picked":["Swivel","CutThroughFate"],"picked":"EmptyFist","floor":10.0},{"not_picked":["Halt","LessonLearned","CutThroughFate"],"picked":"SKIP","floor":12.0},{"not_picked":["Halt","EmptyBody","CutThroughFate"],"picked":"SKIP","floor":13.0},{"not_picked":["FlyingSleeves","FollowUp"],"picked":"Study","floor":14.0},{"not_picked":["SpiritShield","Wish"],"picked":"DevaForm","floor":16.0},{"not_picked":["WreathOfFlame","Protect","Crescendo"],"picked":"SKIP","floor":18.0},{"not_picked":["FollowUp","Swivel","Evaluate"],"picked":"SKIP","floor":21.0},{"not_picked":["BowlingBash","Study","FlyingSleeves+1"],"picked":"SKIP","floor":26.0},{"not_picked":["Prostrate+1","EmptyBody","Fasting2"],"picked":"SKIP","floor":29.0},{"not_picked":["SpiritShield","BowlingBash+1"],"picked":"Crescendo","floor":30.0},{"not_picked":["FollowUp+1","WindmillStrike+1","FlyingSleeves+1"],"picked":"SKIP","floor":33.0},{"not_picked":["FlyingSleeves+1","Swivel","Crescendo"],"picked":"SKIP","floor":34.0},{"not_picked":["Blasphemy","Alpha"],"picked":"Vault","floor":36.0},{"not_picked":["ClearTheMind","Prostrate+1","Crescendo"],"picked":"SKIP","floor":38.0},{"not_picked":["FlyingSleeves+1","JustLucky+1","FollowUp+1"],"picked":"SKIP","floor":40.0},{"not_picked":["Protect","Consecrate+1"],"picked":"Wallop+1","floor":41.0},{"not_picked":["Consecrate+1","MentalFortress"],"picked":"WheelKick+1","floor":42.0},{"not_picked":["FlyingSleeves+1","JustLucky+1"],"picked":"Sanctity+1","floor":43.0},{"not_picked":["CrushJoints+1","Sanctity","LikeWater"],"picked":"SKIP","floor":48.0},{"not_picked":["Halt","ThirdEye"],"picked":"Establishment","floor":50.0},{"not_picked":["ThirdEye+1","BowlingBash+1","WindmillStrike+1"],"picked":"SKIP","floor":51.0},{"not_picked":["EmptyMind","WaveOfTheHand+1","EmptyFist+1"],"picked":"SKIP","floor":58.0}],"player_experience":1127265,"relics_obtained":[{"floor":8.0,"key":"Matryoshka"},{"floor":9.0,"key":"HornCleat"},{"floor":9.0,"key":"Shuriken"},{"floor":10.0,"key":"Bronze Scales"},{"floor":13.0,"key":"Girya"},{"floor":27.0,"key":"White Beast Statue"},{"floor":27.0,"key":"Molten Egg 2"},{"floor":28.0,"key":"Meat on the Bone"},{"floor":43.0,"key":"Ornamental Fan"},{"floor":43.0,"key":"PreservedInsect"},{"floor":46.0,"key":"Yang"},{"floor":48.0,"key":"Eternal Feather"},{"floor":48.0,"key":"GoldenEye"},{"floor":50.0,"key":"WarpedTongs"},{"floor":50.0,"key":"Lantern"},{"floor":58.0,"key":"Akabeko"},{"floor":58.0,"key":"FossilizedHelix"}],"event_choices":[{"damage_healed":0.0,"max_hp_gain":0.0,"max_hp_loss":0.0,"gold_gain":0.0,"event_name":"Golden Idol","player_choice":"Take Wound","floor":2.0,"gold_loss":0.0,"damage_taken":0.0,"relics_obtained":["Golden Idol"],"cards_obtained":["Injury"]},{"damage_healed":0.0,"max_hp_gain":0.0,"max_hp_loss":0.0,"gold_gain":0.0,"event_name":"Scrap Ooze","player_choice":"Success","floor":3.0,"gold_loss":0.0,"damage_taken":18.0,"relics_obtained":["Blood Vial"]},{"damage_healed":0.0,"max_hp_gain":0.0,"max_hp_loss":0.0,"gold_gain":75.0,"event_name":"World of Goop","player_choice":"Gather Gold","floor":5.0,"gold_loss":0.0,"damage_taken":11.0},{"damage_healed":0.0,"max_hp_gain":0.0,"max_hp_loss":0.0,"gold_gain":0.0,"event_name":"Dead Adventurer","player_choice":"Searched \u00271\u0027 times","floor":10.0,"gold_loss":0.0,"damage_taken":0.0},{"damage_healed":0.0,"max_hp_gain":0.0,"max_hp_loss":0.0,"gold_gain":0.0,"event_name":"Upgrade Shrine","player_choice":"Upgraded","floor":20.0,"gold_loss":0.0,"damage_taken":0.0,"cards_upgraded":["Apotheosis"]},{"damage_healed":0.0,"max_hp_gain":0.0,"max_hp_loss":0.0,"gold_gain":0.0,"event_name":"Nest","player_choice":"Joined the Cult","floor":25.0,"gold_loss":0.0,"damage_taken":6.0,"cards_obtained":["RitualDagger"]},{"damage_healed":0.0,"max_hp_gain":0.0,"max_hp_loss":0.0,"gold_gain":0.0,"event_name":"SensoryStone","player_choice":"Memory 1","floor":39.0,"gold_loss":0.0,"damage_taken":0.0},{"damage_healed":0.0,"max_hp_gain":0.0,"max_hp_loss":0.0,"gold_gain":0.0,"event_name":"SecretPortal","player_choice":"Ignored","floor":49.0,"gold_loss":0.0,"damage_taken":0.0},{"damage_healed":0.0,"max_hp_gain":0.0,"max_hp_loss":0.0,"gold_gain":0.0,"event_name":"Duplicator","player_choice":"Copied","floor":52.0,"gold_loss":0.0,"damage_taken":0.0,"cards_obtained":["Vault"]}],"is_beta":false,"boss_relics":[{"not_picked":["Snecko Eye","Coffee Dripper"],"picked":"Fusion Hammer"},{"not_picked":["Pandora\u0027s Box","bronze:MakeshiftBattery"],"picked":"Black Star"}],"items_purged_floors":[22],"is_endless":false,"potions_floor_spawned":[1,4,12,13,21,29,30,33,34,36,38,40,41,42,43,48,50,51,58],"killed_by":"The Heart","ascension_level":5}}