{"host":"ttx8tv95o5vka1nm","time":1612756552,"event":{"mods":["AchievementEnabler","BaseMod","BetterRewards","Colored Map","Evolution","Hermit","Hubris","Infinite Spire","Jorbs\u0027s Wanderer Trilogy","Minty Spire (QoL Compilation)","Relic Filter Mod","Reliquary","Robot Space Explorer","Shop Mod","Spicy Shops","StSLib","The Blue Laboratory","The Bug Knight","The Construct","The Cursed","The Disciple","The Forsaken","The Hierophant","The Necromancer","The Runesmith","TheBandit"],"gold_per_floor":[114,125,137,154,7,42,42,53,76,110,126,126,126,166,166,268,268,288,288,288,4,4,4,16,16],"floor_reached":24,"language":"ENG","playtime":1993,"items_purged":["hermit:Defend_Hermit"],"score":214,"play_id":"2583f300-1e67-40a6-a17c-cd65296d3b3d","local_time":"20210208135552","is_ascension_mode":false,"campfire_choices":[{"floor":7,"key":"REST"},{"floor":15,"key":"REST"},{"data":"hermit:GoldenBullet","floor":23,"key":"SMITH"}],"circlet_count":0,"master_deck":["hermit:Misfire","hermit:Strike_Hermit","hermit:Strike_Hermit","hermit:Strike_Hermit","hermit:Defend_Hermit","hermit:Defend_Hermit","hermit:Snapshot","hermit:Covet","hermit:TakeAim","hermit:Quickdraw","hermit:EyeOfTheStorm","hermit:SprayPray","hermit:WideOpen","hermit:Dive","hermit:Scavenge","hermit:HeroicBravado","infinitespire:Menacing","hermit:FinalCanter","hermit:Scavenge+1","hermit:GoldenBullet+1","hermit:GoldenBullet","hermit:Maintenance"],"relics":["hermit:Momento","EVO:Axolotl","infinitespire:Satchel","Bag of Marbles","Bag of Preparation","reliquary:JackalopeAntler","construct:ClawGrip","hubris:ScarierMask","HollowMod:StagPassRelic","MerchantsRug","DollysMirror"],"acts_visited":["Exordium","TheCity"],"potions_floor_usage":[14,16],"damage_taken":[{"damage":1,"enemies":"Cultist","floor":1,"turns":4},{"damage":8,"enemies":"Jaw Worm","floor":2,"turns":4},{"damage":0,"enemies":"Small Slimes","floor":3,"turns":3},{"damage":9,"enemies":"Looter","floor":4,"turns":4},{"damage":38,"enemies":"Gremlin Nob","floor":6,"turns":5},{"damage":5,"enemies":"Exordium Thugs","floor":8,"turns":3},{"damage":14,"enemies":"3 Sentries","floor":10,"turns":8},{"damage":0,"enemies":"Blue Slaver","floor":11,"turns":2},{"damage":2,"enemies":"Lagavulin","floor":14,"turns":8},{"damage":13,"enemies":"The Guardian","floor":16,"turns":16},{"damage":0,"enemies":"Chosen","floor":18,"turns":3},{"damage":86,"enemies":"Gremlin Leader","floor":24,"turns":7}],"seed_played":"-414973276074024910","potions_obtained":[{"floor":1,"key":"EssenceOfSteel"},{"floor":4,"key":"blueLaboratory:HorrorPotion"},{"floor":6,"key":"SpeedPotion"},{"floor":8,"key":"Swift Potion"},{"floor":14,"key":"Explosive Potion"}],"is_trial":false,"path_per_floor":["M","M","M","M","$","E","R","M","T","E","M","?","?","E","R","B",null,"M","AVR","?","$","?","R","E"],"character_chosen":"HERMIT","items_purchased":["infinitespire:Satchel","hermit:GoldenBullet","MerchantsRug","DollysMirror","hermit:Maintenance"],"campfire_rested":2,"item_purchase_floors":[5,21,21,21,21],"current_hp_per_floor":[81,73,73,64,64,26,50,45,45,31,31,24,4,2,26,13,82,82,82,76,76,60,60,0,0],"gold":16,"neow_bonus":"TEN_PERCENT_HP_BONUS","is_daily":false,"chose_seed":false,"campfire_upgraded":1,"win_rate":0.0,"timestamp":1612756552,"path_taken":["M","?","M","M","$","E","R","M","T","E","M","?","?","E","R","BOSS","M","AVR","?","?","?","R","E"],"items_purchased_type":["Relic","Card","Relic","Relic","Card"],"build_version":"2020-12-22","purchased_purges":1,"victory":false,"max_hp_per_floor":[82,82,82,82,82,82,82,82,82,82,82,82,82,82,82,82,82,82,82,82,82,87,87,87,87],"card_choices":[{"not_picked":["hermit:Brawl","hermit:HoleUp"],"picked":"hermit:TakeAim","floor":1},{"not_picked":["hermit:Misfire","hermit:BodyArmor"],"picked":"hermit:Quickdraw","floor":2},{"not_picked":["hermit:TrackingShot","hermit:Coalescence"],"picked":"hermit:EyeOfTheStorm","floor":3},{"not_picked":["hermit:HighCaliber","hermit:LowProfile"],"picked":"hermit:SprayPray","floor":4},{"not_picked":["hermit:Horror","hermit:SprayPray"],"picked":"hermit:WideOpen","floor":6},{"not_picked":["hermit:EyeOfTheStorm","hermit:BodyArmor"],"picked":"hermit:Dive","floor":8},{"not_picked":["hermit:Misfire","hermit:Quickdraw"],"picked":"hermit:Scavenge","floor":10},{"not_picked":["hermit:TakeAim","hermit:Brawl"],"picked":"hermit:HeroicBravado","floor":11},{"not_picked":["infinitespire:Oblivion","infinitespire:Punishment"],"picked":"infinitespire:Menacing","floor":13},{"not_picked":["hermit:Brawl","hermit:WideOpen","hermit:Misfire"],"picked":"SKIP","floor":14},{"not_picked":["hermit:DeadOrAlive","hermit:Reprieve"],"picked":"hermit:FinalCanter","floor":16},{"not_picked":["hermit:Quickdraw+1","hermit:Dive"],"picked":"hermit:Scavenge+1","floor":18}],"player_experience":823493,"relics_obtained":[{"floor":6,"key":"Bag of Marbles"},{"floor":9,"key":"Bag of Preparation"},{"floor":10,"key":"reliquary:JackalopeAntler"},{"floor":14,"key":"Omamori"}],"event_choices":[{"cards_removed":["hermit:Defend_Hermit"],"damage_healed":0,"gold_gain":0,"player_choice":"Card Removal","damage_taken":7,"max_hp_gain":0,"max_hp_loss":0,"event_name":"Golden Wing","floor":12,"gold_loss":0},{"damage_healed":0,"gold_gain":0,"player_choice":"","damage_taken":6,"max_hp_gain":0,"max_hp_loss":0,"event_name":"Knowing Skull","floor":20,"potions_obtained":[],"gold_loss":0,"cards_obtained":[]},{"damage_healed":0,"gold_gain":0,"player_choice":"Shed Blood","damage_taken":21,"max_hp_gain":5,"max_hp_loss":0,"event_name":"Forgotten Altar","floor":22,"gold_loss":0}],"is_beta":false,"boss_relics":[{"not_picked":["construct:WeddingRing","reliquary:KinkedSpring"],"picked":"construct:ClawGrip"}],"items_purged_floors":[19],"is_endless":false,"potions_floor_spawned":[1,4,6,8,14],"killed_by":"Gremlin Leader","ascension_level":0}}