{"host":"ej72cplobca8grby","time":1612779300,"event":{"mods":["BaseMod","Downfall","Minty Spire (QoL Compilation)","StSLib"],"gold_per_floor":[199,215,55,55,66,82,132,132,151,171,196,96,125,141,158,158,158,158],"floor_reached":16,"language":"ENG","playtime":2590,"items_purged":[],"score":120,"play_id":"ad7202ef-be27-48ae-b732-d28eaaf5a95f","local_time":"20210208121500","is_ascension_mode":true,"campfire_choices":[{"floor":1.0,"key":"RECALL"},{"data":"champ:UltimateStance","floor":12,"key":"SMITH"}],"circlet_count":0,"master_deck":["champ:Strike","champ:Strike","champ:Strike","champ:Strike","champ:Defend","champ:Defend","champ:Defend","champ:Defend","champ:Execute","champ:Taunt","champ:Lariat","champ:PerfectedStrike","champ:BladeFlurry","champ:PerfectedStrike","champ:BerserkersShout","champ:UltimateStance+1","champ:ShieldSlam","champ:Haymaker","champ:BerserkersShout","champ:ArenaPreparation"],"relics":["champ:ChampionCrown","Orrery","Anchor","Nunchaku","downfall:HeartBlessingRed","HornCleat"],"acts_visited":["Exordium"],"potions_floor_usage":[11,16],"damage_taken":[{"damage":10.0,"enemies":"2 Louse","floor":2.0,"turns":5.0},{"damage":20.0,"enemies":"downfall:FleeingMerchant","floor":3.0,"turns":4.0},{"damage":11,"enemies":"Jaw Worm","floor":5,"turns":2},{"damage":10,"enemies":"Small Slimes","floor":6,"turns":4},{"damage":22,"enemies":"Exordium Thugs","floor":9,"turns":5},{"damage":21,"enemies":"Large Slime","floor":10,"turns":6},{"damage":43,"enemies":"Lagavulin","floor":11,"turns":7},{"damage":70,"enemies":"Gremlin Nob","floor":13,"turns":5},{"damage":0,"enemies":"Gremlin Gang","floor":14,"turns":2},{"damage":35,"enemies":"Red Slaver","floor":15,"turns":3},{"damage":62,"enemies":"DF_ARCHETYPE_STREAMLINE","floor":16,"turns":5}],"seed_played":"-7744175720695291031","potions_obtained":[{"floor":9,"key":"Fire Potion"},{"floor":11,"key":"SmokeBomb"},{"floor":14,"key":"hexamod:SoulburnPotion"}],"is_trial":false,"path_per_floor":["R","M","$","?","M","M","T","?","M","M","E","R","E","M","M","B"],"character_chosen":"THE_CHAMP","items_purchased":["Orrery"],"campfire_rested":0,"item_purchase_floors":[3],"current_hp_per_floor":[90,90,90,90,84,84,84,89,82,81,68,68,28,28,28,0,0,0],"gold":158,"neow_bonus":"HUNDRED_GOLD","is_daily":false,"chose_seed":false,"campfire_upgraded":1,"win_rate":0.0,"timestamp":1612779300,"path_taken":["R","M","$","?","M","M","T","?","M","M","E","R","E","M","M","BOSS"],"items_purchased_type":["Relic"],"build_version":"2020-12-22","purchased_purges":0,"victory":false,"max_hp_per_floor":[90,90,90,90,90,90,90,95,95,95,95,95,95,95,95,95,95,95],"card_choices":[{"not_picked":["champ:Endure","champ:Haymaker","champ:DefensiveStyle"],"picked":"SKIP","floor":2.0},{"not_picked":["champ:Haymaker","champ:LastStand"],"picked":"champ:Lariat","floor":3},{"not_picked":["champ:FlashCut","champ:EndlessRage"],"picked":"champ:PerfectedStrike","floor":3},{"not_picked":["champ:EndlessRage","champ:GutPunch"],"picked":"champ:BladeFlurry","floor":3},{"not_picked":["champ:EndlessRage","champ:BerserkerStyle"],"picked":"champ:PerfectedStrike","floor":3},{"not_picked":["champ:Shatter","champ:EnGarde"],"picked":"champ:BerserkersShout","floor":3},{"not_picked":["champ:DefensiveStyle","champ:CrownThrow"],"picked":"champ:UltimateStance","floor":3},{"not_picked":["champ:EndlessRage","champ:CrownThrow","champ:AdrenalArmor"],"picked":"SKIP","floor":5},{"not_picked":["champ:Lariat","champ:DefensiveShout","champ:ShieldSigil"],"picked":"SKIP","floor":6},{"not_picked":["champ:Circumvent","champ:TornadoPunch"],"picked":"champ:ShieldSlam","floor":9},{"not_picked":["champ:TornadoPunch","champ:DefensiveStyle"],"picked":"champ:Haymaker","floor":10},{"not_picked":["champ:ShieldSlam","champ:ShieldSigil"],"picked":"champ:BerserkersShout","floor":11},{"not_picked":["champ:StanceDance","champ:ViciousMockery"],"picked":"champ:ArenaPreparation","floor":13},{"not_picked":["champ:EnGarde","champ:CrownThrow","champ:FalseCounter"],"picked":"SKIP","floor":14},{"not_picked":["champ:CheapShot","champ:ShieldWall","champ:FanOfKnives"],"picked":"SKIP","floor":15}],"player_experience":1196030,"relics_obtained":[{"floor":7,"key":"Anchor"},{"floor":11,"key":"Nunchaku"},{"floor":13,"key":"HornCleat"}],"event_choices":[{"damage_healed":0,"gold_gain":0,"player_choice":"Donut","damage_taken":0,"max_hp_gain":5,"max_hp_loss":0,"event_name":"Big Fish","floor":8,"gold_loss":0}],"is_beta":false,"boss_relics":[],"items_purged_floors":[],"is_endless":false,"potions_floor_spawned":[9,11,14],"killed_by":"DF_ARCHETYPE_STREAMLINE","ascension_level":1}}