{"host":"3j2m8n0ywf988fwb","time":1612751932,"event":{"mods":["2.2 Compatiblity","AchievementEnabler","Act Like it!","Aspiration","Astrologer","BaseMod","Better Altar","Better Match","Better Note","Better Sensory Stone","Better Skull","Better Third Choice","CCEM2","ChefMod","Colored Map","Colored Powertips","Conspire","Dark Map","Energized Spire","GifTheSpireLib","Halation","Hallownest","Highlight Path","Hubris","Infinite Spire","Jedi Mod","Marisa????????","Marked Mod","Mimic Mod","Minty Spire (QoL Compilation)","Monster B Gone","Random Character Button","Relic Filter Mod","Relic Stats","Reliquary","Replay The Spire","Robot Space Explorer","Shade Mod","Shop Mod","Somnambulant","StS++","StSLib","Stuff the Spire","The Bug Knight","The Elementalist","The Hierophant","The Runesmith","TheBandit","TheFirefly","Unceasing Turn Reminder","Weighted Paths","everything is the same but u backflip on backflip"],"gold_per_floor":[114,126,126,55,5,36,36,62,62,62,88,88,88,117,117,224,224,249,283,283,60,60,60,77,117,117,141,141],"floor_reached":27,"language":"ENG","playtime":1174,"items_purged":[],"score":249,"play_id":"c1c67802-0f28-4649-aedc-eafdb529bc7e","local_time":"20210207203852","is_ascension_mode":true,"campfire_choices":[{"data":"StarBarrage","floor":7,"key":"SMITH"},{"data":"AbsoluteMagnitude","floor":13,"key":"SMITH"},{"floor":15,"key":"REST"},{"data":"OortCloud","floor":23,"key":"SMITH"}],"circlet_count":0,"master_deck":["Strike_MRS","Strike_MRS","Strike_MRS","Strike_MRS","Defend_MRS","Defend_MRS","Defend_MRS","Defend_MRS","MasterSpark","UpSweep","GalacticHalo+1","MilkyWay+1","StarBarrage+1","conspire:SpireCoStock","DoubleSpark","AbsoluteMagnitude+1","ChargingUp","GravityBeat","StarBarrage+1","OortCloud+1","Acceleration+1","BlazeAway"],"relics":["MiniHakkero","Sozu","reliquary:KinkedSpring","halation:PinkSoulGem","AmplifyWand","Vajra","NlothsMask","hubris:Backtick","Anchor","aspiration:Headhunter","Lee\u0027s Waffle","Replay:PocketPolymizer","White Beast Statue"],"acts_visited":["Exordium","TheCity"],"potions_floor_usage":[],"damage_taken":[{"damage":0,"enemies":"conspire:RoseBush","floor":1,"turns":2},{"damage":0,"enemies":"Jaw Worm","floor":2,"turns":2},{"damage":17,"enemies":"HollowMod:MossKnight","floor":6,"turns":9},{"damage":13,"enemies":"Lagavulin","floor":8,"turns":6},{"damage":5,"enemies":"Small Slimes","floor":11,"turns":2},{"damage":2,"enemies":"2 Fungi Beasts","floor":14,"turns":3},{"damage":35,"enemies":"The Guardian","floor":16,"turns":7},{"damage":20,"enemies":"Spheric Guardian","floor":18,"turns":4},{"damage":14,"enemies":"Shell Parasite","floor":19,"turns":7},{"damage":5,"enemies":"Shell Parasite","floor":24,"turns":5},{"damage":18,"enemies":"Slavers","floor":25,"turns":8},{"damage":63,"enemies":"Gremlin Leader","floor":27,"turns":5}],"seed_played":"-1941907500027371304","potions_obtained":[],"is_trial":false,"path_per_floor":["M","M","?","$","?","E","R","E","T","?","M","?","R","M","R","B",null,"M","MIM","AVR","$","?","R","M","E","T","E"],"character_chosen":"MARISA","items_purchased":["StarBarrage","Lee\u0027s Waffle","OortCloud"],"campfire_rested":1,"item_purchase_floors":[4,21,21],"current_hp_per_floor":[75,75,75,75,75,58,58,45,45,30,25,25,25,23,45,10,75,55,41,41,82,82,82,77,59,59,0,0],"gold":141,"neow_bonus":"DOUBLE_BOSS_RELIC","is_daily":false,"chose_seed":false,"campfire_upgraded":3,"win_rate":0.0,"timestamp":1612751932,"path_taken":["M","M","?","?","?","E","R","E","T","?","?","?","R","M","R","BOSS","M","?","AVR","?","?","R","?","E","T","E"],"items_purchased_type":["Card","Relic","Card"],"build_version":"2020-12-22","purchased_purges":0,"victory":false,"max_hp_per_floor":[75,75,75,75,75,75,75,75,75,75,75,75,75,75,75,75,75,75,75,75,82,82,82,82,82,82,82,82],"relic_stats":{"Sozu":4,"Lee\u0027s Waffle":41,"counters":[12,60],"obtain_stats":[{"AmplifyWand":6,"Lee\u0027s Waffle":21,"Replay:PocketPolymizer":25,"Vajra":8,"White Beast Statue":26,"Sozu":0,"reliquary:KinkedSpring":0,"Anchor":17,"hubris:Backtick":17,"MiniHakkero":0,"halation:PinkSoulGem":3,"aspiration:Headhunter":20,"NlothsMask":12},{"AmplifyWand":3,"Lee\u0027s Waffle":9,"Replay:PocketPolymizer":11,"Vajra":4,"White Beast Statue":11,"Sozu":0,"reliquary:KinkedSpring":0,"Anchor":7,"hubris:Backtick":7,"MiniHakkero":0,"halation:PinkSoulGem":2,"aspiration:Headhunter":9,"NlothsMask":5},{"AmplifyWand":13,"Lee\u0027s Waffle":42,"Replay:PocketPolymizer":55,"Vajra":19,"White Beast Statue":55,"Sozu":0,"reliquary:KinkedSpring":0,"Anchor":31,"hubris:Backtick":31,"MiniHakkero":0,"halation:PinkSoulGem":4,"aspiration:Headhunter":42,"NlothsMask":21}]},"card_choices":[{"not_picked":["MilkyWay","SporeBomb"],"picked":"GalacticHalo","floor":1},{"not_picked":["Acceleration","SporeBomb"],"picked":"MilkyWay","floor":2},{"not_picked":["DarkSpark","ManaConvection"],"picked":"DoubleSpark","floor":6},{"not_picked":["SatelliteIllusion","MeteoricShower"],"picked":"AbsoluteMagnitude","floor":8},{"not_picked":["DeepEcoloBomb","MysteriousBeam","GalacticHalo"],"picked":"SKIP","floor":11},{"not_picked":["FairyDestructionRay","DoubleSpark"],"picked":"ChargingUp","floor":14},{"not_picked":["DC","FairyDestructionRay+1"],"picked":"GravityBeat","floor":18},{"not_picked":["WitchLeyline","6A+1"],"picked":"StarBarrage","floor":19},{"not_picked":["AsteroidBelt","6A"],"picked":"Acceleration+1","floor":24},{"not_picked":["WitchOfGreed+1","UnstableBomb"],"picked":"BlazeAway","floor":25}],"player_experience":1079157,"relics_obtained":[{"floor":6,"key":"AmplifyWand"},{"floor":8,"key":"Vajra"},{"floor":25,"key":"Replay:PocketPolymizer"},{"floor":26,"key":"White Beast Statue"}],"event_choices":[{"damage_healed":0,"gold_gain":0,"player_choice":"Invest 1","damage_taken":0,"max_hp_gain":0,"max_hp_loss":0,"event_name":"conspire:Investor","floor":5,"gold_loss":0},{"damage_healed":45,"gold_gain":0,"player_choice":"Upgrade","damage_taken":15,"max_hp_gain":0,"max_hp_loss":75,"event_name":"betterThird:BetterShining","floor":10,"gold_loss":0,"cards_upgraded":["MilkyWay","GalacticHalo"]},{"damage_healed":0,"gold_gain":0,"player_choice":"Trade","damage_taken":0,"relics_obtained":["NlothsMask"],"max_hp_gain":0,"max_hp_loss":0,"event_name":"FaceTrader","floor":12,"gold_loss":0},{"damage_healed":0,"gold_gain":0,"player_choice":"Upgraded","damage_taken":0,"max_hp_gain":0,"max_hp_loss":0,"event_name":"Upgrade Shrine","floor":22,"gold_loss":0,"cards_upgraded":["StarBarrage"]}],"is_beta":false,"boss_relics":[{"not_picked":["CCEMRelics:DefectiveTurbocharger","reliquary:WritOfMandamus"],"picked":"hubris:Backtick"}],"items_purged_floors":[],"is_endless":false,"potions_floor_spawned":[1,14,16,24],"killed_by":"Gremlin Leader","ascension_level":1}}