{"host":"n43wxkei7kulhi8o","time":1612743840,"event":{"mods":["BaseMod","Bestiary","Block Reminder","Colored Map","Colored Powertips","Curses Come First","Custom Start","Dark Map","Highlight Path","Minty Spire (QoL Compilation)","Relic Stats","StSLib"],"gold_per_floor":[216,236,82,99,99,125,141,141,164,164,175,191,43,43,43,148,148,159,172,191,38,50,50,149,149,149,163,163,179,179,48,48,148,148,168,11,11,27,39,39,56,56,56,56,70,86,115,127,127,127],"floor_reached":51,"language":"ENG","playtime":1889,"items_purged":[],"score":758,"play_id":"716758f4-2efd-4649-8281-f92c185a6a0d","local_time":"20210207192400","is_ascension_mode":false,"campfire_choices":[{"data":"Defragment","floor":8,"key":"SMITH"},{"data":"Dualcast","floor":15,"key":"SMITH"},{"data":"Coolheaded","floor":23,"key":"SMITH"},{"data":"Glacier","floor":25,"key":"SMITH"},{"data":"Electrodynamics","floor":28,"key":"SMITH"},{"floor":32,"key":"REST"},{"data":"Conserve Battery","floor":40,"key":"SMITH"},{"floor":42,"key":"REST"},{"floor":49,"key":"REST"}],"circlet_count":0,"master_deck":["Strike_B+1","Strike_B+1","Strike_B+1","Strike_B+1","Defend_B+1","Defend_B+1","Defend_B+1","Defend_B+1","Zap+1","Dualcast+1","Conserve Battery+1","Defragment+1","Ball Lightning","Coolheaded+1","Glacier+1","Electrodynamics+1","Conserve Battery+1","Melter+1","Ball Lightning","Echo Form","Barrage+1","Machine Learning","Barrage+1"],"relics":["Cracked Core","Runic Capacitor","Whetstone","Nunchaku","Oddly Smooth Stone","Sozu","Membership Card","StoneCalendar","Molten Egg 2","Black Star","Shuriken","Art of War","Bag of Preparation","Dream Catcher"],"acts_visited":["Exordium","TheCity","TheBeyond"],"potions_floor_usage":[16,50],"damage_taken":[{"damage":0,"enemies":"Cultist","floor":1,"turns":3},{"damage":0,"enemies":"Small Slimes","floor":2,"turns":4},{"damage":0,"enemies":"2 Louse","floor":4,"turns":2},{"damage":28,"enemies":"Gremlin Nob","floor":6,"turns":4},{"damage":11,"enemies":"2 Fungi Beasts","floor":7,"turns":3},{"damage":0,"enemies":"Large Slime","floor":11,"turns":4},{"damage":13,"enemies":"Red Slaver","floor":12,"turns":2},{"damage":0,"enemies":"Slime Boss","floor":16,"turns":8},{"damage":0,"enemies":"3 Byrds","floor":18,"turns":2},{"damage":10,"enemies":"Shell Parasite","floor":19,"turns":3},{"damage":10,"enemies":"Cultist and Chosen","floor":20,"turns":4},{"damage":12,"enemies":"Centurion and Healer","floor":22,"turns":6},{"damage":0,"enemies":"Sentry and Sphere","floor":27,"turns":3},{"damage":13,"enemies":"Snake Plant","floor":29,"turns":4},{"damage":28,"enemies":"Champ","floor":33,"turns":9},{"damage":11,"enemies":"Orb Walker","floor":35,"turns":4},{"damage":0,"enemies":"3 Shapes","floor":38,"turns":2},{"damage":14,"enemies":"Spire Growth","floor":39,"turns":5},{"damage":15,"enemies":"Writhing Mass","floor":41,"turns":6},{"damage":7,"enemies":"4 Shapes","floor":45,"turns":2},{"damage":0,"enemies":"Maw","floor":46,"turns":5},{"damage":0,"enemies":"Giant Head","floor":47,"turns":7},{"damage":5,"enemies":"Jaw Worm Horde","floor":48,"turns":3},{"damage":19,"enemies":"Donu and Deca","floor":50,"turns":8}],"seed_played":"-817093512089194754","potions_obtained":[{"floor":1,"key":"Explosive Potion"},{"floor":2,"key":"BlessingOfTheForge"},{"floor":4,"key":"LiquidMemories"},{"floor":16,"key":"SmokeBomb"}],"is_trial":false,"path_per_floor":["M","M","$","M","?","E","M","R","T","?","M","M","$","?","R","B",null,"M","M","M","$","M","R","?","R","T","M","R","M","?","$","R","B",null,"M","$","?","M","M","R","M","R","T","$","M","M","E","M","R","B",null],"character_chosen":"DEFECT","items_purchased":["Runic Capacitor","Oddly Smooth Stone","Membership Card","Molten Egg 2","Shuriken","Barrage+1"],"campfire_rested":3,"item_purchase_floors":[3,13,21,31,36,36],"current_hp_per_floor":[75,75,75,75,75,47,36,36,36,36,36,23,23,23,23,23,75,75,65,55,55,43,43,43,43,43,43,43,30,30,30,52,24,75,64,64,64,64,50,50,35,57,57,57,50,50,50,45,67,48],"gold":127,"neow_bonus":"HUNDRED_GOLD","is_daily":false,"chose_seed":false,"campfire_upgraded":6,"win_rate":0.0,"timestamp":1612743840,"path_taken":["M","M","$","M","?","E","M","R","T","?","M","?","$","?","R","BOSS","M","M","M","$","M","R","?","R","T","M","R","M","?","$","R","BOSS","M","$","?","?","?","R","M","R","T","$","M","?","E","?","R","BOSS"],"items_purchased_type":["Relic","Relic","Relic","Relic","Relic","Card"],"build_version":"2020-12-22","purchased_purges":0,"victory":true,"max_hp_per_floor":[75,75,75,75,75,75,75,75,75,75,75,75,75,75,75,75,75,75,75,75,75,75,75,75,75,75,75,75,75,75,75,75,75,75,75,75,75,75,75,75,75,75,75,75,75,75,75,75,75,75],"relic_stats":{"Sozu":7,"Nunchaku":[13],"Dream Catcher":1,"counters":[24,103],"Shuriken":[11],"StoneCalendar":[156],"Black Star":1,"Art of War":[5],"Bag of Preparation":[4],"Whetstone":["Strike_B","Strike_B"],"obtain_stats":[{"Oddly Smooth Stone":13,"StoneCalendar":26,"Runic Capacitor":3,"Bag of Preparation":47,"Whetstone":6,"Sozu":17,"Nunchaku":9,"Dream Catcher":47,"Shuriken":36,"Molten Egg 2":31,"Black Star":34,"Art of War":43,"Membership Card":21,"Cracked Core":0},{"Oddly Smooth Stone":7,"StoneCalendar":12,"Runic Capacitor":2,"Bag of Preparation":22,"Whetstone":4,"Sozu":8,"Nunchaku":5,"Dream Catcher":22,"Shuriken":16,"Molten Egg 2":14,"Black Star":15,"Art of War":19,"Membership Card":11,"Cracked Core":0},{"Oddly Smooth Stone":22,"StoneCalendar":45,"Runic Capacitor":7,"Bag of Preparation":92,"Whetstone":13,"Sozu":30,"Nunchaku":16,"Dream Catcher":92,"Shuriken":65,"Molten Egg 2":52,"Black Star":61,"Art of War":78,"Membership Card":39,"Cracked Core":0}]},"card_choices":[{"not_picked":["FTL","Beam Cell"],"picked":"Conserve Battery","floor":1},{"not_picked":["Sunder","Ball Lightning"],"picked":"Defragment","floor":2},{"not_picked":["Redo","Blizzard"],"picked":"Ball Lightning","floor":4},{"not_picked":["Genetic Algorithm","Multi-Cast"],"picked":"Coolheaded","floor":6},{"not_picked":["Stack","Compile Driver","Coolheaded"],"picked":"SKIP","floor":7},{"not_picked":["Hello World","Stack","Darkness"],"picked":"SKIP","floor":11},{"not_picked":["Compile Driver","Skim"],"picked":"Glacier","floor":12},{"not_picked":["Buffer","Rainbow"],"picked":"Electrodynamics","floor":16},{"not_picked":["Beam Cell","Aggregate","Sweeping Beam"],"picked":"SKIP","floor":18},{"not_picked":["Ball Lightning","Gash"],"picked":"Conserve Battery+1","floor":19},{"not_picked":["Reprogram","Turbo+1","Gash+1"],"picked":"SKIP","floor":20},{"not_picked":["Compile Driver","White Noise"],"picked":"Melter+1","floor":22},{"not_picked":["Stack+1","Rebound+1","Double Energy"],"picked":"SKIP","floor":27},{"not_picked":["Chill","White Noise"],"picked":"Ball Lightning","floor":29},{"not_picked":["Reboot","Amplify"],"picked":"Echo Form","floor":33},{"not_picked":["Stack+1","Loop","Go for the Eyes+1"],"picked":"SKIP","floor":35},{"not_picked":["Sweeping Beam+1","Darkness+1","Reinforced Body+1"],"picked":"SKIP","floor":38},{"not_picked":["Sweeping Beam+1","Conserve Battery","Go for the Eyes+1"],"picked":"SKIP","floor":39},{"not_picked":["Ball Lightning+1","Fission","Rebound+1"],"picked":"SKIP","floor":41},{"not_picked":["Turbo+1","Cold Snap+1","Gash+1"],"picked":"SKIP","floor":45},{"not_picked":["Melter+1","Reinforced Body","Fusion"],"picked":"SKIP","floor":46},{"not_picked":["Echo Form","Sweeping Beam+1"],"picked":"Machine Learning","floor":47},{"not_picked":["Barrage+1","Gash+1","Turbo+1"],"picked":"SKIP","floor":48},{"not_picked":["Gash+1","Turbo+1"],"picked":"Barrage+1","floor":48}],"player_experience":685573,"relics_obtained":[{"floor":6,"key":"Whetstone"},{"floor":9,"key":"Nunchaku"},{"floor":26,"key":"StoneCalendar"},{"floor":43,"key":"Art of War"},{"floor":47,"key":"Bag of Preparation"},{"floor":47,"key":"Dream Catcher"}],"event_choices":[{"damage_healed":0,"gold_gain":0,"player_choice":"Ignored","damage_taken":0,"max_hp_gain":0,"max_hp_loss":0,"event_name":"Liars Game","floor":5,"gold_loss":0},{"damage_healed":0,"gold_gain":0,"player_choice":"Upgraded","damage_taken":0,"max_hp_gain":0,"max_hp_loss":0,"event_name":"Upgrade Shrine","floor":10,"gold_loss":0,"cards_upgraded":["Zap"]},{"damage_healed":0,"gold_gain":0,"player_choice":"Ignored","damage_taken":0,"max_hp_gain":0,"max_hp_loss":0,"event_name":"Golden Wing","floor":14,"gold_loss":0},{"damage_healed":0,"gold_gain":99,"player_choice":"Stole From Cult","damage_taken":0,"max_hp_gain":0,"max_hp_loss":0,"event_name":"Nest","floor":24,"gold_loss":0},{"damage_healed":0,"gold_gain":0,"player_choice":"Simplicity","damage_taken":0,"max_hp_gain":0,"max_hp_loss":0,"event_name":"Back to Basics","floor":30,"gold_loss":0,"cards_upgraded":["Strike_B","Strike_B","Defend_B","Defend_B","Defend_B","Defend_B"]},{"damage_healed":0,"gold_gain":0,"player_choice":"Got Potions","damage_taken":0,"max_hp_gain":0,"max_hp_loss":0,"event_name":"Lab","floor":37,"gold_loss":0}],"is_beta":false,"boss_relics":[{"not_picked":["Empty Cage","Coffee Dripper"],"picked":"Sozu"},{"not_picked":["SacredBark","Velvet Choker"],"picked":"Black Star"}],"items_purged_floors":[],"is_endless":false,"potions_floor_spawned":[1,2,4,7,16,18,22,29,33,35,39,41,46,48],"ascension_level":0}}