{"host":"mcmflfjoldkjkv7m","time":1612785616,"event":{"mods":["AchievementEnabler","BaseMod","DeckTracker","Minty Spire (QoL Compilation)","SuperFastMode"],"gold_per_floor":[113,131,131,151,151,176,176,189,189,80,106,56,69,69,69,69,69],"floor_reached":16,"language":"KOR","playtime":443,"items_purged":["Defend_P"],"score":176,"play_id":"89f9f005-9071-4a25-afd9-3a7bc851bdb1","local_time":"20210208210016","is_ascension_mode":true,"campfire_choices":[{"data":"Adaptation","floor":7,"key":"SMITH"},{"data":"MentalFortress","floor":15,"key":"SMITH"}],"circlet_count":0,"master_deck":["AscendersBane","Strike_P","Strike_P","Defend_P","Defend_P","Defend_P","Eruption+1","Vigilance","MentalFortress+1","Adaptation+1","Adaptation"],"relics":["PureWater","NeowsBlessing","Centennial Puzzle","PreservedInsect","Eternal Feather"],"acts_visited":["Exordium"],"potions_floor_usage":[6,16,16],"damage_taken":[{"damage":0.0,"enemies":"Small Slimes","floor":1.0,"turns":2.0},{"damage":0,"enemies":"Cultist","floor":2,"turns":1},{"damage":0,"enemies":"2 Louse","floor":4,"turns":1},{"damage":29,"enemies":"Gremlin Nob","floor":6,"turns":4},{"damage":1,"enemies":"Red Slaver","floor":8,"turns":4},{"damage":20,"enemies":"3 Sentries","floor":11,"turns":6},{"damage":9,"enemies":"Lots of Slimes","floor":13,"turns":5},{"damage":15,"enemies":"Hexaghost","floor":16,"turns":9}],"seed_played":"-4323822895655874037","potions_obtained":[{"floor":1,"key":"BottledMiracle"},{"floor":4,"key":"DuplicationPotion"},{"floor":11,"key":"FearPotion"}],"is_trial":false,"path_per_floor":["M","M","?","M","?","E","R","M","T","$","E","?","M","$","R","B"],"character_chosen":"WATCHER","items_purchased":["Adaptation"],"campfire_rested":0,"item_purchase_floors":[10],"current_hp_per_floor":[65,65,65,65,65,36,36,35,35,35,15,15,6,6,12,0,0],"gold":69,"neow_bonus":"THREE_ENEMY_KILL","is_daily":false,"chose_seed":false,"campfire_upgraded":2,"win_rate":0.0,"timestamp":1612785616,"path_taken":["M","M","?","?","?","E","R","?","T","?","E","?","M","$","R","BOSS"],"items_purchased_type":["Card"],"build_version":"2020-12-22","purchased_purges":1,"victory":false,"max_hp_per_floor":[72,72,72,72,72,72,72,72,72,72,72,72,72,72,72,72,72],"card_choices":[{"not_picked":["FollowUp","ThirdEye"],"picked":"MentalFortress","floor":1},{"not_picked":["CrushJoints","EmptyFist"],"picked":"Adaptation","floor":2},{"not_picked":["Consecrate","Worship","Protect"],"picked":"SKIP","floor":4},{"not_picked":["Halt","ConjureBlade","LessonLearned"],"picked":"SKIP","floor":6},{"not_picked":["Protect","EmptyBody","Pray"],"picked":"SKIP","floor":8},{"not_picked":["Perseverance","LikeWater","Halt"],"picked":"SKIP","floor":11},{"not_picked":["Swivel","JustLucky","ReachHeaven"],"picked":"SKIP","floor":13}],"player_experience":364721,"relics_obtained":[{"floor":6,"key":"Centennial Puzzle"},{"floor":9,"key":"PreservedInsect"},{"floor":11,"key":"Eternal Feather"}],"event_choices":[{"cards_removed":["Strike_P"],"damage_healed":0,"gold_gain":0,"player_choice":"Purged","damage_taken":0,"max_hp_gain":0,"max_hp_loss":0,"event_name":"Purifier","floor":3,"gold_loss":0},{"damage_healed":0,"gold_gain":0,"player_choice":"Upgraded","damage_taken":0,"max_hp_gain":0,"max_hp_loss":0,"event_name":"Upgrade Shrine","floor":5,"gold_loss":0,"cards_upgraded":["Eruption"]},{"cards_removed":["Strike_P"],"damage_healed":0,"gold_gain":0,"player_choice":"Card Removal","damage_taken":0,"max_hp_gain":0,"max_hp_loss":0,"event_name":"The Cleric","floor":12,"gold_loss":50}],"is_beta":false,"boss_relics":[],"items_purged_floors":[10],"is_endless":false,"potions_floor_spawned":[1,4,11,13],"killed_by":"Hexaghost","ascension_level":12}}