{"host":"o9lehcdjc4u6j9un","time":1612806533,"event":{"mods":["BaseMod","Better-Laid Plans","Colored Map","Downfall","Hermit","Koishi","Marisa£®ÏF”Í°°ƒß¿Ì…≥£©","Minty Spire (QoL Compilation)","Reimu£®≤©¿ˆ¡È√Œ£©","Remilia£®¿Ÿ√◊¿Ú—«£©","StSLib","The Alterego","The Runesmith","The Senshi","Youmu£®ªÍ∆«—˝√Œ£©"],"gold_per_floor":[112,130,80,5,16,16,43,43,43,43,53,53,13,30,30,131,131,144,162,179,98,98,98,127,127,206,206,217,230,258,272,272,373,373,388,402,302,314,38,68,68,120,145,155,185,209,59,75,75,75,75,75,26,52,52,52],"floor_reached":55,"language":"ZHS","playtime":9338,"items_purged":["alterego_mod:Strike","alterego_mod:Strike","alterego_mod:Strike","alterego_mod:Defend"],"score":792,"play_id":"ca88b36d-2a33-4146-a28c-17d8e4a9e21d","local_time":"20210209014853","is_ascension_mode":false,"campfire_choices":[{"data":"alterego_mod:Nekomimi","floor":6,"key":"SMITH"},{"floor":8,"key":"REST"},{"floor":15,"key":"REST"},{"floor":23,"key":"REST"},{"floor":25,"key":"RECALL"},{"floor":27,"key":"REST"},{"floor":32,"key":"REST"},{"floor":41,"key":"REST"},{"floor":49,"key":"REST"},{"floor":52,"key":"REST"}],"circlet_count":0,"master_deck":["alterego_mod:Defend","alterego_mod:Defend","alterego_mod:Defend","alterego_mod:Impale","alterego_mod:BigMeatyClaws","alterego_mod:BrynhildrsRune","alterego_mod:1TonWallop","alterego_mod:Nekomimi+1","alterego_mod:IndependentAction","alterego_mod:1TonWallop","alterego_mod:Rip","alterego_mod:TrashNCrash","alterego_mod:Birthday","alterego_mod:MagicResistance","alterego_mod:GoddessCore","alterego_mod:DeftHands","alterego_mod:Birthday","alterego_mod:Cushion","alterego_mod:Bunnysuit+1","alterego_mod:Undulate","alterego_mod:BeGentle","alterego_mod:Cushion+1","alterego_mod:Stockings","alterego_mod:Weigh","alterego_mod:Pet","alterego_mod:GachaTicket+1","alterego_mod:RidiculouslyBig+1","alterego_mod:Pet+1","alterego_mod:MagicResistance+1","Regret","alterego_mod:Mirror+1"],"relics":["alterego_mod:MasochisticConstitution","Calipers","FossilizedHelix","PaintedHorse:ReiMu","Fusion Hammer","RuthlessExorcism:ReiMu","Eternal Feather","Letter Opener","Orichalcum","Velvet Choker","HandDrill","Mercury Hourglass","CatCart","Pen Nib","ScarletDevilRocket","Bottled Flame"],"acts_visited":["Exordium","TheCity","TheBeyond","TheEnding"],"potions_floor_usage":[7,18,29,33,40,55,55,55],"damage_taken":[{"damage":5,"enemies":"2 Louse","floor":1,"turns":4},{"damage":11,"enemies":"Jaw Worm","floor":2,"turns":3},{"damage":6,"enemies":"Cultist","floor":5,"turns":3},{"damage":37,"enemies":"Lagavulin","floor":7,"turns":10},{"damage":29,"enemies":"Exordium Thugs","floor":11,"turns":8},{"damage":28,"enemies":"Exordium Wildlife","floor":14,"turns":4},{"damage":25,"enemies":"Slime Boss","floor":16,"turns":8},{"damage":12,"enemies":"Chosen","floor":18,"turns":4},{"damage":48,"enemies":"Spheric Guardian","floor":19,"turns":5},{"damage":5,"enemies":"3 Cultists","floor":20,"turns":4},{"damage":1,"enemies":"Gremlin Leader","floor":24,"turns":6},{"damage":13,"enemies":"Snecko","floor":28,"turns":6},{"damage":24,"enemies":"Centurion and Healer","floor":29,"turns":3},{"damage":25,"enemies":"Slavers","floor":30,"turns":3},{"damage":28,"enemies":"Cultist and Chosen","floor":31,"turns":8},{"damage":30,"enemies":"Automaton","floor":33,"turns":11},{"damage":14,"enemies":"3 Darklings","floor":35,"turns":4},{"damage":0,"enemies":"3 Shapes","floor":36,"turns":3},{"damage":17,"enemies":"Maw","floor":38,"turns":9},{"damage":31,"enemies":"Nemesis","floor":40,"turns":10},{"damage":0,"enemies":"Orin","floor":42,"turns":21},{"damage":0,"enemies":"Sphere and 2 Shapes","floor":44,"turns":3},{"damage":0,"enemies":"Reptomancer","floor":45,"turns":6},{"damage":1,"enemies":"Writhing Mass","floor":48,"turns":6},{"damage":33,"enemies":"Awakened One","floor":50,"turns":24},{"damage":1,"enemies":"Shield and Spear","floor":54,"turns":5},{"damage":165,"enemies":"The Heart","floor":55,"turns":18}],"seed_played":"9216721871167172565","potions_obtained":[{"floor":1,"key":"Dexterity Potion"},{"floor":14,"key":"Explosive Potion"},{"floor":19,"key":"Ancient Potion"},{"floor":20,"key":"Strength Potion"},{"floor":30,"key":"GrandPatriotsElixir:ReiMu"},{"floor":31,"key":"SpeedPotion"},{"floor":35,"key":"LiquidBronze"},{"floor":38,"key":"FearPotion"},{"floor":42,"key":"Explosive Potion"},{"floor":45,"key":"GrandPatriotsElixir:ReiMu"}],"is_trial":false,"path_per_floor":["M","M","?","$","M","R","E","R","T","?","M","$","?","M","R","B",null,"M","M","M","$","?","R","E","R","T","R","M","M","E","M","R","B",null,"M","M","$","M","$","E","R","?","T","M","E","T","$","M","R","B",null,"R","$","E","B"],"character_chosen":"The_Alterego","items_purchased":["alterego_mod:Cushion","HandDrill","BlessingOfTheForge"],"campfire_rested":8,"item_purchase_floors":[21,39,53],"current_hp_per_floor":[73,63,63,63,58,58,22,46,46,46,27,27,27,2,26,4,84,75,30,28,28,28,54,72,84,84,88,83,62,63,40,82,67,93,82,86,86,81,81,55,96,96,96,96,96,96,96,96,97,72,98,98,98,99,0,0],"gold":52,"neow_bonus":"TEN_PERCENT_HP_BONUS","is_daily":false,"chose_seed":false,"campfire_upgraded":1,"win_rate":0.0,"timestamp":1612806533,"path_taken":["M","M","?","$","M","R","E","R","T","?","M","$","?","M","R","BOSS","M","M","M","$","?","R","E","R","T","R","M","?","E","M","R","BOSS","M","M","$","M","$","E","R","?","T","M","E","?","$","M","R","BOSS","R","$","E","BOSS"],"items_purchased_type":["Card","Relic","Potion"],"build_version":"2020-12-22","purchased_purges":4,"victory":false,"max_hp_per_floor":[78,79,79,79,80,80,81,81,81,81,82,82,82,83,83,84,84,85,86,87,87,87,87,88,88,88,88,89,90,91,92,92,93,93,94,94,94,95,95,96,96,96,96,96,96,96,96,97,97,98,98,98,98,99,99,99],"card_choices":[{"not_picked":["alterego_mod:Crossover","alterego_mod:Exercise"],"picked":"alterego_mod:1TonWallop","floor":1},{"not_picked":["alterego_mod:DiscoLights","alterego_mod:Bounce"],"picked":"alterego_mod:1TonWallop","floor":2},{"not_picked":["alterego_mod:DiscoLights","alterego_mod:BustOut"],"picked":"alterego_mod:Nekomimi","floor":5},{"not_picked":["alterego_mod:Bounce","alterego_mod:BustOut","alterego_mod:HighServant"],"picked":"SKIP","floor":7},{"not_picked":["alterego_mod:Complex","alterego_mod:Undulate"],"picked":"alterego_mod:MagicResistance","floor":11},{"not_picked":["alterego_mod:Belle","alterego_mod:BiFurious"],"picked":"alterego_mod:GoddessCore","floor":14},{"not_picked":["alterego_mod:Table","alterego_mod:1TonWallop"],"picked":"alterego_mod:DeftHands","floor":18},{"not_picked":["alterego_mod:Collar","alterego_mod:MagicResistance","alterego_mod:Skirt"],"picked":"SKIP","floor":19},{"not_picked":["alterego_mod:Lingerie","alterego_mod:Undulate"],"picked":"alterego_mod:Birthday","floor":20},{"not_picked":["alterego_mod:RidiculouslyBig","alterego_mod:Collar"],"picked":"alterego_mod:Bunnysuit+1","floor":24},{"not_picked":["alterego_mod:MagicResistance","alterego_mod:RingBreak"],"picked":"alterego_mod:Undulate","floor":28},{"not_picked":["alterego_mod:TrashNCrash","alterego_mod:Belle"],"picked":"alterego_mod:BeGentle","floor":29},{"not_picked":["alterego_mod:Support","alterego_mod:Schoolgirl"],"picked":"alterego_mod:Cushion+1","floor":30},{"not_picked":["alterego_mod:1TonWallop","alterego_mod:Crossover"],"picked":"alterego_mod:Stockings","floor":31},{"not_picked":["alterego_mod:SideboobHour","alterego_mod:Alter"],"picked":"alterego_mod:Weigh","floor":33},{"not_picked":["alterego_mod:Cycle","alterego_mod:Cooking+1"],"picked":"alterego_mod:Pet","floor":35},{"not_picked":["alterego_mod:1TonWallop+1","alterego_mod:Swimsuit"],"picked":"alterego_mod:GachaTicket+1","floor":36},{"not_picked":["alterego_mod:BeGentle+1","alterego_mod:Rip","alterego_mod:BiFurious"],"picked":"SKIP","floor":38},{"not_picked":["alterego_mod:Clap+1","alterego_mod:IndependentAction+1"],"picked":"alterego_mod:RidiculouslyBig+1","floor":40},{"not_picked":["alterego_mod:Cooking","alterego_mod:Complex"],"picked":"alterego_mod:Pet+1","floor":42},{"not_picked":["alterego_mod:BustOut","alterego_mod:Weigh"],"picked":"alterego_mod:MagicResistance+1","floor":44},{"not_picked":["alterego_mod:BusterCard+1","alterego_mod:BiFurious+1"],"picked":"alterego_mod:DustData","floor":45},{"not_picked":["alterego_mod:PerceptionDisorder+1","alterego_mod:MagicResistance+1","alterego_mod:BusterCard+1"],"picked":"SKIP","floor":48},{"not_picked":["alterego_mod:Smother","alterego_mod:Bounce+1"],"picked":"alterego_mod:Mirror+1","floor":54}],"player_experience":150118,"relics_obtained":[{"floor":7,"key":"Calipers"},{"floor":9,"key":"FossilizedHelix"},{"floor":24,"key":"Eternal Feather"},{"floor":26,"key":"Letter Opener"},{"floor":30,"key":"Orichalcum"},{"floor":40,"key":"Mercury Hourglass"},{"floor":42,"key":"CatCart"},{"floor":43,"key":"Pen Nib"},{"floor":45,"key":"ScarletDevilRocket"},{"floor":54,"key":"Bottled Flame"}],"event_choices":[{"cards_removed":["alterego_mod:Strike"],"damage_healed":0,"gold_gain":0,"player_choice":"Card Removal","damage_taken":0,"max_hp_gain":0,"max_hp_loss":0,"event_name":"The Cleric","floor":3,"gold_loss":50},{"damage_healed":0,"gold_gain":0,"player_choice":"»˚«Æ","damage_taken":0,"relics_obtained":["PaintedHorse:ReiMu"],"max_hp_gain":0,"max_hp_loss":0,"event_name":"yidonshenshe","floor":13,"gold_loss":40},{"cards_removed":["alterego_mod:1TonWallop"],"damage_healed":0,"gold_gain":0,"player_choice":"Gave Card","damage_taken":0,"relics_obtained":["RuthlessExorcism:ReiMu"],"max_hp_gain":0,"max_hp_loss":0,"event_name":"WeMeetAgain","floor":22,"gold_loss":0},{"damage_healed":0,"gold_gain":0,"player_choice":"Fight","damage_taken":0,"max_hp_gain":0,"max_hp_loss":0,"event_name":"OrinTheCat","floor":42,"gold_loss":0}],"is_beta":false,"boss_relics":[{"not_picked":["Coffee Dripper","Tiny House"],"picked":"Fusion Hammer"},{"not_picked":["Black Star","Runic Dome"],"picked":"Velvet Choker"}],"items_purged_floors":[4,37,39,47],"is_endless":false,"potions_floor_spawned":[1,14,19,20,30,31,35,38,42,45],"killed_by":"The Heart","ascension_level":0}}