{"host":"osk2oboccoevp2u5","time":1612754558,"event":{"mods":["AchievementEnabler","Alarm Clock","BaseMod","Colored Powertips","Disable Question Mark Monsters","Displayed Cursed Tome","Key Reminder","Minty Spire (QoL Compilation)","Potion Indicator Mod","Quick Restart","Rare Cards Sparkle","Reorder Act Four","StSLib","The Cursed","Useless Jewels Mod"],"gold_per_floor":[117,4,20,195,195,213,245,215,215,226,226,245,245,245,245,345,345,345,345],"floor_reached":18,"language":"ENG","playtime":2291,"items_purged":["TheCursedMod:Strike_TheCursed"],"score":264,"play_id":"dc014a9d-479c-4f5a-ab53-3eb0c9a4bdfb","local_time":"20210207232238","is_ascension_mode":true,"campfire_choices":[{"floor":15,"key":"REST"}],"circlet_count":0,"master_deck":["AscendersBane","TheCursedMod:Strike_TheCursed","TheCursedMod:Strike_TheCursed","TheCursedMod:Strike_TheCursed","TheCursedMod:Defend_TheCursed","TheCursedMod:Defend_TheCursed","TheCursedMod:Defend_TheCursed","TheCursedMod:Defend_TheCursed","TheCursedMod:CursedWand","TheCursedMod:CleanUpWorkshop","TheCursedMod:Dregs","TheCursedMod:BloodBarrier","TheCursedMod:BloodBarrier","TheCursedMod:WearCloak","Doubt","TheCursedMod:CleanUpWorkshop","TheCursedMod:FleshFromBone","TheCursedMod:SmokeScreen","TheCursedMod:RapidMovement","TheCursedMod:SmokeScreen","TheCursedMod:ReleasedKnowledge","TheCursedMod:CircleOfAbyss"],"relics":["TheCursedMod:BlackMagic101","White Beast Statue","Singing Bowl","Letter Opener","SacredBark"],"acts_visited":["TheCity"],"potions_floor_usage":[6,8,14,18],"damage_taken":[{"damage":0,"enemies":"Jaw Worm","floor":1,"turns":4},{"damage":7,"enemies":"2 Louse","floor":3,"turns":4},{"damage":23,"enemies":"Cultist","floor":6,"turns":9},{"damage":120,"enemies":"Gremlin Nob","floor":7,"turns":11},{"damage":0,"enemies":"Looter","floor":8,"turns":4},{"damage":7,"enemies":"Red Slaver","floor":10,"turns":8},{"damage":36,"enemies":"Exordium Wildlife","floor":12,"turns":15},{"damage":0,"enemies":"3 Sentries","floor":14,"turns":1},{"damage":356,"enemies":"The Guardian","floor":16,"turns":47},{"damage":72,"enemies":"Spheric Guardian","floor":18,"turns":16}],"seed_played":"5264361168406584401","potions_obtained":[{"floor":1,"key":"LiquidMemories"},{"floor":3,"key":"Dexterity Potion"},{"floor":7,"key":"DistilledChaos"},{"floor":8,"key":"FairyPotion"},{"floor":11,"key":"SmokeBomb"},{"floor":16,"key":"Weak Potion"}],"is_trial":false,"path_per_floor":["M","$","M","?","?","M","E","M","T","M","?","M","T","E","R","B",null,"M"],"character_chosen":"THE_CURSED","items_purchased":["TheCursedMod:BloodBarrier"],"campfire_rested":1,"item_purchase_floors":[2],"current_hp_per_floor":[75,75,68,68,68,45,5,5,5,75,75,39,39,39,63,14,65,49,49],"gold":345,"neow_bonus":"TEN_PERCENT_HP_BONUS","is_daily":false,"chose_seed":false,"campfire_upgraded":0,"win_rate":0.0,"timestamp":1612754558,"path_taken":["M","$","M","?","?","M","E","M","T","?","?","?","?","E","R","BOSS","M"],"items_purchased_type":["Card"],"build_version":"2020-12-22","purchased_purges":1,"victory":false,"max_hp_per_floor":[82,82,82,82,82,82,82,82,82,82,82,82,82,82,82,82,82,82,82],"card_choices":[{"not_picked":["TheCursedMod:Mangle","TheCursedMod:VitalStrike"],"picked":"TheCursedMod:BloodBarrier","floor":1},{"not_picked":["TheCursedMod:ManaBullet","TheCursedMod:Wield"],"picked":"TheCursedMod:WearCloak","floor":3},{"not_picked":["TheCursedMod:CursedBlade","TheCursedMod:TacticalStrike"],"picked":"TheCursedMod:SmokeScreen","floor":6},{"not_picked":["TheCursedMod:EmpowerCircles","TheCursedMod:TacticalStrike"],"picked":"TheCursedMod:RapidMovement","floor":7},{"not_picked":["TheCursedMod:VitalStrike","TheCursedMod:NeowsMight","TheCursedMod:CursedMace"],"picked":"SKIP","floor":8},{"not_picked":["TheCursedMod:VitalStrike","TheCursedMod:CircleOfFocus"],"picked":"TheCursedMod:SmokeScreen","floor":10},{"not_picked":["TheCursedMod:LuckyCharm","TheCursedMod:CursedStaff"],"picked":"TheCursedMod:ReleasedKnowledge","floor":12},{"not_picked":["TheCursedMod:VoidForm","TheCursedMod:UltimatePain"],"picked":"TheCursedMod:CircleOfAbyss","floor":16}],"player_experience":1033996,"relics_obtained":[{"floor":7,"key":"White Beast Statue"},{"floor":9,"key":"Singing Bowl"},{"floor":13,"key":"Letter Opener"}],"event_choices":[{"damage_healed":0,"gold_gain":175,"player_choice":"AGREE","damage_taken":0,"max_hp_gain":0,"max_hp_loss":0,"event_name":"Liars Game","floor":4,"gold_loss":0,"cards_obtained":["Doubt"]},{"damage_healed":0,"gold_gain":0,"player_choice":"2 cards matched","damage_taken":0,"max_hp_gain":0,"max_hp_loss":0,"event_name":"Match and Keep!","floor":5,"gold_loss":0,"cards_obtained":["TheCursedMod:CleanUpWorkshop","TheCursedMod:FleshFromBone"]},{"damage_healed":0,"gold_gain":0,"player_choice":"Got Potions","damage_taken":0,"max_hp_gain":0,"max_hp_loss":0,"event_name":"Lab","floor":11,"gold_loss":0}],"is_beta":false,"boss_relics":[{"not_picked":["Black Star","Runic Pyramid"],"picked":"SacredBark"}],"items_purged_floors":[2],"is_endless":false,"potions_floor_spawned":[1,3,7,8,10,12,14,16],"killed_by":"Spheric Guardian","ascension_level":11}}