{"host":"41vgbr386mrj4p17","time":1612774852,"event":{"mods":["AchievementEnabler","AlwaysNeverKeys","BaseMod","Bestiary","Better Altar","Better Match","Better Note","Better Sensory Stone","Better Skull","Better Third Choice","Colored Map","Curses Come First","Downfall","Googly Eyes","Hermit","Highlight Path","Minty Spire (QoL Compilation)","Shade Mod","StSLib","The Cursed"],"gold_per_floor":[119,129,61,136,151,151,167,20,20,33,43,68,68,83,83,179,179,192,192,55,43,9,9,9,9],"floor_reached":24,"language":"ENG","playtime":1558,"items_purged":["TheCursedMod:Defend_TheCursed"],"score":277,"play_id":"e34cc5ef-f899-44bb-a7d4-404d1fb18f24","local_time":"20210208040052","is_ascension_mode":true,"campfire_choices":[{"floor":6,"key":"REST"},{"data":"TheCursedMod:Hemoplague","floor":13,"key":"SMITH"},{"floor":15,"key":"REST"},{"floor":23,"key":"REST"}],"circlet_count":0,"master_deck":["TheCursedMod:Strike_TheCursed","TheCursedMod:Strike_TheCursed","TheCursedMod:Strike_TheCursed","TheCursedMod:Defend_TheCursed","TheCursedMod:Defend_TheCursed","TheCursedMod:CursedWand","TheCursedMod:CleanUpWorkshop","TheCursedMod:Dregs","TheCursedMod:SpitefulPray","TheCursedMod:FleshFromBone","TheCursedMod:LuckyCharm","TheCursedMod:CircleOfBlood","TheCursedMod:CircleOfCorruption","TheCursedMod:SoulReap","TheCursedMod:Hemoplague+1","TheCursedMod:HellfireBreathing","TheCursedMod:ManaCirculation","TheCursedMod:Mangle"],"relics":["TheCursedMod:BlackMagic101","Membership Card","Gremlin Horn","Blue Candle","Black Star","Juzu Bracelet","Bag of Marbles"],"acts_visited":["Exordium","TheCity"],"potions_floor_usage":[10,12,12,18,21,24],"damage_taken":[{"damage":18,"enemies":"Jaw Worm","floor":1,"turns":6},{"damage":0,"enemies":"Cultist","floor":2,"turns":5},{"damage":7,"enemies":"Small Slimes","floor":5,"turns":4},{"damage":1,"enemies":"Exordium Wildlife","floor":7,"turns":4},{"damage":12,"enemies":"Gremlin Gang","floor":10,"turns":6},{"damage":8,"enemies":"Blue Slaver","floor":11,"turns":4},{"damage":25,"enemies":"Gremlin Nob","floor":12,"turns":5},{"damage":12,"enemies":"Exordium Wildlife","floor":14,"turns":5},{"damage":46,"enemies":"The Guardian","floor":16,"turns":13},{"damage":12,"enemies":"3 Byrds","floor":18,"turns":3},{"damage":53,"enemies":"2 Thieves","floor":21,"turns":5},{"damage":41,"enemies":"Gremlin Leader","floor":24,"turns":3}],"seed_played":"590262854895348916","potions_obtained":[{"floor":2,"key":"Weak Potion"},{"floor":7,"key":"Regen Potion"},{"floor":10,"key":"Swift Potion"},{"floor":12,"key":"EssenceOfSteel"},{"floor":16,"key":"LiquidBronze"}],"is_trial":false,"path_per_floor":["M","M","$","?","M","R","M","$","T","M","M","E","R","M","R","B",null,"M","?","$","M","$","R","E"],"character_chosen":"THE_CURSED","items_purchased":["TheCursedMod:LuckyCharm","Membership Card","Bag of Marbles","Energy Potion","TheCursedMod:Mangle"],"campfire_rested":3,"item_purchase_floors":[3,8,20,20,22],"current_hp_per_floor":[32,32,32,25,18,40,41,41,41,46,45,29,29,26,48,7,58,52,52,52,4,4,26,0,0],"gold":9,"neow_bonus":"REMOVE_TWO","is_daily":false,"chose_seed":false,"campfire_upgraded":1,"win_rate":0.0,"timestamp":1612774852,"path_taken":["M","M","$","?","M","R","M","$","T","?","M","E","R","M","R","BOSS","M","?","$","M","$","R","E"],"items_purchased_type":["Card","Relic","Relic","Potion","Card"],"build_version":"2020-12-22","purchased_purges":1,"victory":false,"max_hp_per_floor":[75,75,75,75,75,75,75,75,75,75,75,75,75,75,75,75,75,75,75,75,75,75,75,75,75],"card_choices":[{"not_picked":["TheCursedMod:SmokeScreen","TheCursedMod:FleshFromBone"],"picked":"TheCursedMod:SpitefulPray","floor":1},{"not_picked":["TheCursedMod:WearCloak","TheCursedMod:Stigma"],"picked":"TheCursedMod:FleshFromBone","floor":2},{"not_picked":["TheCursedMod:SmokeScreen","TheCursedMod:DoubleShield"],"picked":"TheCursedMod:CircleOfBlood","floor":5},{"not_picked":["TheCursedMod:RapidMovement","TheCursedMod:Torture"],"picked":"TheCursedMod:CircleOfCorruption","floor":7},{"not_picked":["TheCursedMod:CursedBlade","TheCursedMod:Torture"],"picked":"TheCursedMod:SoulReap","floor":10},{"not_picked":["TheCursedMod:RavingStaff","TheCursedMod:CursedBlade"],"picked":"TheCursedMod:Hemoplague","floor":11},{"not_picked":["TheCursedMod:CursedRelics","TheCursedMod:CursedMace"],"picked":"TheCursedMod:HellfireBreathing","floor":12},{"not_picked":["TheCursedMod:BloodBarrier","TheCursedMod:Torture","TheCursedMod:Stigma"],"picked":"SKIP","floor":14},{"not_picked":["TheCursedMod:VoidForm","TheCursedMod:ForbiddenAlchemy"],"picked":"TheCursedMod:ManaCirculation","floor":16},{"not_picked":["TheCursedMod:CircleOfFlame+1","TheCursedMod:Wield","TheCursedMod:DoubleShield"],"picked":"SKIP","floor":18},{"not_picked":["TheCursedMod:Wield","TheCursedMod:HellsGateOpen+1","TheCursedMod:WearCloak"],"picked":"SKIP","floor":21}],"player_experience":1052389,"relics_obtained":[{"floor":9,"key":"Gremlin Horn"},{"floor":12,"key":"Blue Candle"}],"event_choices":[{"damage_healed":0,"gold_gain":75,"player_choice":"Touch","damage_taken":7,"max_hp_gain":0,"max_hp_loss":0,"event_name":"FaceTrader","floor":4,"gold_loss":0},{"damage_healed":0,"gold_gain":0,"player_choice":"Opened","damage_taken":0,"relics_obtained":["Juzu Bracelet"],"max_hp_gain":0,"max_hp_loss":0,"event_name":"The Mausoleum","floor":19,"gold_loss":0}],"is_beta":false,"boss_relics":[{"not_picked":["Fusion Hammer","Snecko Eye"],"picked":"Black Star"}],"items_purged_floors":[20],"is_endless":false,"potions_floor_spawned":[2,7,10,12,16],"killed_by":"Gremlin Leader","ascension_level":8}}