{"host":"gfmw02tnhhvp9jba","time":1612808074,"event":{"mods":["AchievementEnabler","BaseMod","Colored Map","Conspire","Downfall","Highlight Path","Minty Spire (QoL Compilation)","Replay The Spire","StSLib"],"gold_per_floor":[112,126,126,126,126,126,158,52,52,83,115,127,164,201,213,225,225],"floor_reached":16,"language":"ENG","playtime":704,"items_purged":[],"score":110,"play_id":"f6b68883-57ca-4652-a575-8789f9e37460","local_time":"20210208191434","is_ascension_mode":false,"campfire_choices":[{"data":"Eruption","floor":6,"key":"SMITH"},{"data":"ClearTheMind","floor":15,"key":"SMITH"}],"circlet_count":0,"master_deck":["Strike_P","Strike_P","Strike_P","Defend_P","Defend_P","Eruption+1","Vigilance","InnerPeace","FlyingSleeves+1","WindmillStrike","MentalFortress","MentalFortress","ThirdEye","SandsOfTime","EmptyBody","ClearTheMind+1"],"relics":["PureWater","Tiny Chest","Garlic","MawBank","Golden Idol"],"acts_visited":["Exordium"],"potions_floor_usage":[16],"damage_taken":[{"damage":0,"enemies":"2 Louse","floor":1,"turns":2},{"damage":1,"enemies":"conspire:RoseBush","floor":2,"turns":3},{"damage":19,"enemies":"Gremlin Nob","floor":7,"turns":4},{"damage":6,"enemies":"Replay:BlueRogue","floor":10,"turns":5},{"damage":0,"enemies":"Small Slimes","floor":11,"turns":3},{"damage":2,"enemies":"Blue Slaver","floor":13,"turns":4},{"damage":0,"enemies":"Large Slime","floor":14,"turns":6},{"damage":37,"enemies":"Fading Forest","floor":16,"turns":10}],"seed_played":"5652036181651840570","potions_obtained":[{"floor":1,"key":"Adrenaline Potion"},{"floor":2,"key":"LiquidBronze"},{"floor":10,"key":"Venom Potion"}],"is_trial":false,"path_per_floor":["M","M","?","?","?","R","E","$","T","E","M","?","M","M","R","B"],"character_chosen":"WATCHER","items_purchased":["MentalFortress","ThirdEye"],"campfire_rested":0,"item_purchase_floors":[8,8],"current_hp_per_floor":[72,71,64,64,64,64,45,45,45,39,39,21,19,19,19,0,0],"gold":225,"neow_bonus":"REMOVE_CARD","is_daily":false,"chose_seed":false,"campfire_upgraded":2,"win_rate":0.0,"timestamp":1612808074,"path_taken":["M","M","?","?","?","R","E","?","T","E","M","?","?","M","R","BOSS"],"items_purchased_type":["Card","Card"],"build_version":"2020-12-22","purchased_purges":0,"victory":false,"max_hp_per_floor":[72,72,72,72,72,72,72,72,72,72,72,72,72,72,72,72,72],"card_choices":[{"not_picked":["Evaluate","Protect"],"picked":"InnerPeace","floor":1},{"not_picked":["Replay:DivineShield","WreathOfFlame","Consecrate"],"picked":"SKIP","floor":2},{"not_picked":["Weave","Halt"],"picked":"WindmillStrike","floor":7},{"not_picked":["Halt","MasterReality"],"picked":"SandsOfTime","floor":10},{"not_picked":["CutThroughFate","Replay:DivineShield"],"picked":"EmptyBody","floor":11},{"not_picked":["Swivel","CrushJoints"],"picked":"ClearTheMind","floor":13},{"not_picked":["Replay:DivineShield","BattleHymn","ReachHeaven"],"picked":"SKIP","floor":14}],"player_experience":139330,"relics_obtained":[{"floor":7,"key":"Tiny Chest"},{"floor":9,"key":"Garlic"},{"floor":10,"key":"MawBank"}],"event_choices":[{"cards_removed":["Strike_P"],"damage_healed":0,"gold_gain":0,"player_choice":"Card Removal","damage_taken":7,"max_hp_gain":0,"max_hp_loss":0,"event_name":"Golden Wing","floor":3,"gold_loss":0},{"damage_healed":0,"gold_gain":0,"player_choice":"Take Damage","damage_taken":18,"relics_obtained":["Golden Idol"],"max_hp_gain":0,"max_hp_loss":0,"event_name":"Golden Idol","floor":12,"gold_loss":0}],"is_beta":false,"boss_relics":[],"items_purged_floors":[],"is_endless":false,"potions_floor_spawned":[1,2,10],"killed_by":"Fading Forest","ascension_level":0}}