{"host":"ynimr9ugvc6f046i","time":1612795960,"event":{"mods":["2.2 Compatiblity","BaseMod","Colored Map","DeckTracker","Highlight Path","Keyboard Shortcuts","Minty Spire (QoL Compilation)","Permanent Neow","Quick Restart","StSLib","SuperFastMode"],"gold_per_floor":[19,19,33,51,69,69,98,112,112,112,37,47,47,78,78,157,157,168,168,58,77,95,95,121,121,121,131,181,181,199,99,99,176,176,196,196,211,43,43,43,70,80,80,107,107,137,162,191,191,191,191,191,191,25,52,52],"floor_reached":57,"language":"KOR","playtime":1748,"items_purged":["Strike_R","Defend_R"],"score":2846,"play_id":"b34dafd9-15d1-483f-84d4-27a7c0041cae","local_time":"20210208235240","is_ascension_mode":true,"campfire_choices":[{"data":"Fire Breathing","floor":6.0,"key":"SMITH"},{"floor":10.0,"key":"REST"},{"data":"Evolve","floor":13.0,"key":"SMITH"},{"data":"Dark Embrace","floor":15.0,"key":"SMITH"},{"data":"Offering","floor":23.0,"key":"SMITH"},{"data":"Pommel Strike","floor":25.0,"key":"SMITH"},{"data":"Battle Trance","floor":29.0,"key":"SMITH"},{"data":"Seeing Red","floor":32.0,"key":"SMITH"},{"data":"Feel No Pain","floor":40.0,"key":"SMITH"},{"floor":49.0,"key":"RECALL"},{"data":"Second Wind","floor":53.0,"key":"SMITH"}],"circlet_count":0,"master_deck":["AscendersBane","Defend_R","Dark Embrace+1","Evolve+1","Pommel Strike+1","Fire Breathing+1","Battle Trance+1","Second Wind+1","Shrug It Off","Offering+1","Fiend Fire+1","Seeing Red+1","Power Through","Feel No Pain+1","Body Slam+1","Body Slam+1"],"relics":["Black Blood","Bottled Tornado","Self Forming Clay","Centennial Puzzle","WingedGreaves","Pear","Empty Cage","PreservedInsect","Happy Flower","Eternal Feather","Question Card","Calipers","Darkstone Periapt","Bag of Preparation","Ginger"],"acts_visited":["Exordium","TheCity","TheBeyond","TheEnding"],"potions_floor_usage":[],"damage_taken":[{"damage":10.0,"enemies":"2 Louse","floor":1.0,"turns":3.0},{"damage":15.0,"enemies":"Small Slimes","floor":3.0,"turns":4.0},{"damage":12.0,"enemies":"Cultist","floor":4.0,"turns":4.0},{"damage":12.0,"enemies":"Looter","floor":5.0,"turns":3.0},{"damage":32.0,"enemies":"Gremlin Nob","floor":7.0,"turns":4.0},{"damage":20.0,"enemies":"Gremlin Gang","floor":8.0,"turns":3.0},{"damage":13.0,"enemies":"Red Slaver","floor":12.0,"turns":4.0},{"damage":15.0,"enemies":"3 Sentries","floor":14.0,"turns":4.0},{"damage":38.0,"enemies":"The Guardian","floor":16.0,"turns":10.0},{"damage":14.0,"enemies":"Shell Parasite","floor":18.0,"turns":5.0},{"damage":10.0,"enemies":"3 Byrds","floor":21.0,"turns":2.0},{"damage":6.0,"enemies":"Snake Plant","floor":22.0,"turns":3.0},{"damage":11.0,"enemies":"Gremlin Leader","floor":24.0,"turns":4.0},{"damage":6.0,"enemies":"3 Cultists","floor":27.0,"turns":3.0},{"damage":6.0,"enemies":"Sentry and Sphere","floor":30.0,"turns":2.0},{"damage":30.0,"enemies":"Champ","floor":33.0,"turns":6.0},{"damage":6.0,"enemies":"Orb Walker","floor":35.0,"turns":2.0},{"damage":25.0,"enemies":"3 Shapes","floor":37.0,"turns":3.0},{"damage":11.0,"enemies":"Giant Head","floor":41.0,"turns":3.0},{"damage":16.0,"enemies":"3 Darklings","floor":42.0,"turns":3.0},{"damage":24.0,"enemies":"Reptomancer","floor":44.0,"turns":2.0},{"damage":6.0,"enemies":"Nemesis","floor":46.0,"turns":1.0},{"damage":0.0,"enemies":"Mind Bloom Boss Battle","floor":47.0,"turns":4.0},{"damage":8.0,"enemies":"Giant Head","floor":48.0,"turns":2.0},{"damage":20.0,"enemies":"Time Eater","floor":50.0,"turns":5.0},{"damage":10.0,"enemies":"Donu and Deca","floor":51.0,"turns":3.0},{"damage":8,"enemies":"Shield and Spear","floor":55,"turns":6},{"damage":12,"enemies":"The Heart","floor":56,"turns":4}],"seed_played":"-2613937780825027471","potions_obtained":[{"floor":3.0,"key":"Dexterity Potion"},{"floor":5.0,"key":"Fruit Juice"},{"floor":12.0,"key":"Regen Potion"},{"floor":14.0,"key":"Dexterity Potion"},{"floor":16.0,"key":"LiquidMemories"},{"floor":22.0,"key":"SteroidPotion"},{"floor":33.0,"key":"SmokeBomb"},{"floor":35.0,"key":"CultistPotion"},{"floor":42.0,"key":"LiquidMemories"},{"floor":47.0,"key":"Swift Potion"}],"is_trial":false,"path_per_floor":["M","?","M","M","M","R","E","M","T","R","$","M","R","E","R","B",null,"M","?","?","M","M","R","E","R","T","M","?","R","M","$","R","B",null,"M","?","M","$","T","R","E","M","T","E","$","E","?","E","R","B","B",null,"R","$","E","B",null],"character_chosen":"IRONCLAD","items_purchased":["PreservedInsect","Bag of Preparation"],"campfire_rested":1,"item_purchase_floors":[38,54],"current_hp_per_floor":[64,64,55,49,43,43,17,8,8,32,32,25,25,25,25,8,62,60,60,60,62,68,68,69,69,79,85,85,85,90,90,90,72,86,90,90,77,77,77,77,78,74,74,62,62,68,80,84,90,82,84,89,90,90,90,90],"gold":52,"neow_bonus":"TRANSFORM_TWO_CARDS","is_daily":false,"chose_seed":false,"campfire_upgraded":9,"win_rate":0.0,"timestamp":1612795960,"path_taken":["M","?","M","M","M","R","E","M","T","R","$","M","R","E","R","BOSS","M","?","?","M","?","R","E","R","T","M","?","R","?","$","R","BOSS","M","?","M","$","?","R","E","?","T","E","$","E","?","E","R","BOSS","BOSS","R","$","E","BOSS"],"items_purchased_type":["Relic","Relic"],"build_version":"2020-12-22","purchased_purges":2,"victory":true,"max_hp_per_floor":[75,75,75,75,75,75,75,80,80,80,80,80,80,80,80,80,80,80,80,80,80,80,80,80,80,90,90,90,90,90,90,90,90,90,90,90,90,90,90,90,90,90,90,90,90,90,90,90,90,90,90,90,90,90,90,90],"card_choices":[{"not_picked":["Flex","Infernal Blade"],"picked":"Wild Strike","floor":1.0},{"not_picked":["Body Slam","Flame Barrier"],"picked":"Pommel Strike","floor":3.0},{"not_picked":["Sword Boomerang","Twin Strike"],"picked":"Fire Breathing","floor":4.0},{"not_picked":["Dropkick","Headbutt","Ghostly Armor"],"picked":"SKIP","floor":5.0},{"not_picked":["Wild Strike","Twin Strike"],"picked":"Battle Trance","floor":7.0},{"not_picked":["Wild Strike","Armaments"],"picked":"Second Wind","floor":8.0},{"not_picked":["Wild Strike","Dark Embrace","Seeing Red"],"picked":"SKIP","floor":12.0},{"not_picked":["Thunderclap","Flex"],"picked":"Shrug It Off","floor":14.0},{"not_picked":["Bludgeon","Feed"],"picked":"Offering","floor":16.0},{"not_picked":["Iron Wave","Thunderclap","Sword Boomerang"],"picked":"SKIP","floor":18.0},{"not_picked":["Havoc","Thunderclap","Seeing Red"],"picked":"SKIP","floor":21.0},{"not_picked":["Havoc","Thunderclap"],"picked":"Seeing Red","floor":21.0},{"not_picked":["Sentinel","Headbutt","Iron Wave"],"picked":"SKIP","floor":22.0},{"not_picked":["Whirlwind","Wild Strike","Anger+1"],"picked":"SKIP","floor":24.0},{"not_picked":["Rupture","True Grit","Heavy Blade"],"picked":"SKIP","floor":27.0},{"not_picked":["Fiend Fire","Cleave"],"picked":"Body Slam+1","floor":30.0},{"not_picked":["Limit Break","Bludgeon"],"picked":"Immolate","floor":33.0},{"not_picked":["Combust","Fire Breathing+1","Anger+1"],"picked":"SKIP","floor":35.0},{"not_picked":["Whirlwind","Headbutt","Anger"],"picked":"SKIP","floor":37.0},{"not_picked":["Whirlwind","Headbutt","Anger"],"picked":"SKIP","floor":37.0},{"not_picked":["Clothesline","Limit Break","Combust"],"picked":"SKIP","floor":41.0},{"not_picked":["Ghostly Armor+1","Headbutt","Fire Breathing"],"picked":"SKIP","floor":42.0},{"not_picked":["Combust","Body Slam","Whirlwind"],"picked":"SKIP","floor":44.0},{"not_picked":["Combust","Whirlwind"],"picked":"Body Slam","floor":44.0},{"not_picked":["Shrug It Off","Flex","Rage","Havoc+1"],"picked":"SKIP","floor":46.0},{"not_picked":["Cleave","Heavy Blade+1","Intimidate+1","Flex+1"],"picked":"SKIP","floor":48.0},{"not_picked":["Body Slam+1","Iron Wave+1","Impervious","Wild Strike"],"picked":"SKIP","floor":55}],"player_experience":571585,"relics_obtained":[{"floor":7.0,"key":"Bottled Tornado"},{"floor":9.0,"key":"Self Forming Clay"},{"floor":14.0,"key":"Centennial Puzzle"},{"floor":24.0,"key":"WingedGreaves"},{"floor":26.0,"key":"Pear"},{"floor":41.0,"key":"Happy Flower"},{"floor":43.0,"key":"Eternal Feather"},{"floor":44.0,"key":"Question Card"},{"floor":47.0,"key":"Calipers"},{"floor":48.0,"key":"Darkstone Periapt"},{"floor":55,"key":"Ginger"}],"event_choices":[{"damage_healed":0.0,"max_hp_gain":0.0,"max_hp_loss":0.0,"gold_gain":0.0,"cards_transformed":["Strike_R"],"event_name":"Living Wall","player_choice":"Change","floor":2.0,"gold_loss":0.0,"damage_taken":0.0,"cards_obtained":["Evolve"]},{"damage_healed":0.0,"max_hp_gain":0.0,"max_hp_loss":0.0,"gold_gain":0.0,"cards_transformed":["Strike_R","Strike_R"],"event_name":"Drug Dealer","player_choice":"Became Test Subject","floor":19.0,"gold_loss":0.0,"damage_taken":0.0,"cards_obtained":["Fiend Fire","Pummel"]},{"cards_removed":["Bash"],"damage_healed":0.0,"max_hp_gain":0.0,"max_hp_loss":0.0,"gold_gain":0.0,"event_name":"Designer","player_choice":"Upgrade and Remove","floor":20.0,"gold_loss":110.0,"damage_taken":0.0,"cards_upgraded":["Fiend Fire"]},{"damage_healed":0.0,"max_hp_gain":0.0,"max_hp_loss":0.0,"gold_gain":100.0,"event_name":"The Joust","player_choice":"Bet on Murderer","floor":28.0,"gold_loss":50.0,"damage_taken":0.0},{"cards_removed":["Wild Strike"],"damage_healed":0.0,"max_hp_gain":0.0,"max_hp_loss":0.0,"gold_gain":0.0,"event_name":"Purifier","player_choice":"Purged","floor":36.0,"gold_loss":0.0,"damage_taken":0.0},{"damage_healed":0.0,"max_hp_gain":0.0,"max_hp_loss":0.0,"gold_gain":0.0,"event_name":"MindBloom","player_choice":"Fight","floor":47.0,"gold_loss":0.0,"damage_taken":0.0}],"is_beta":false,"boss_relics":[{"not_picked":["Ectoplasm","SacredBark"],"picked":"Black Blood"},{"not_picked":["Velvet Choker","Busted Crown"],"picked":"Empty Cage"}],"items_purged_floors":[11,31],"is_endless":false,"potions_floor_spawned":[3,5,12,14,16,22,33,35,42,47,48],"ascension_level":20}}