{"host":"a1eatafr7pisesky","time":1612783229,"event":{"mods":["AchievementEnabler","BaseMod","Colored Map","Keyboard Shortcuts","Minty Spire (QoL Compilation)","Say the Spire","StSLib","SuperFastMode","everything is the same but u backflip on backflip"],"gold_per_floor":[115,132,146,162,162,162,203,203,228,10,25,61,74,74,74,74,74],"floor_reached":16,"language":"KOR","playtime":298,"items_purged":["Strike_B"],"score":196,"play_id":"022a4a15-efc9-4d7f-9ebf-e6943a701c49","local_time":"20210208202029","is_ascension_mode":true,"campfire_choices":[{"floor":6,"key":"REST"},{"floor":8,"key":"REST"},{"floor":15,"key":"REST"}],"circlet_count":0,"master_deck":["AscendersBane","Strike_B","Strike_B","Defend_B","Defend_B","Defend_B","Defend_B+1","Zap+1","Dualcast","Secret Technique","Barrage","Ball Lightning","Coolheaded","Undo","Sweeping Beam","Biased Cognition","Defragment"],"relics":["Cracked Core","Golden Idol","War Paint","Akabeko","Lee\u0027s Waffle","Pen Nib"],"acts_visited":["Exordium"],"potions_floor_usage":[7],"damage_taken":[{"damage":6,"enemies":"Cultist","floor":1,"turns":3},{"damage":3,"enemies":"Small Slimes","floor":2,"turns":3},{"damage":7,"enemies":"Jaw Worm","floor":3,"turns":3},{"damage":11,"enemies":"Blue Slaver","floor":4,"turns":3},{"damage":19,"enemies":"Lagavulin","floor":7,"turns":5},{"damage":13,"enemies":"Lots of Slimes","floor":11,"turns":3},{"damage":19,"enemies":"Gremlin Nob","floor":12,"turns":4},{"damage":8,"enemies":"3 Louse","floor":13,"turns":2},{"damage":47,"enemies":"Slime Boss","floor":16,"turns":8}],"seed_played":"5864974285377797905","potions_obtained":[{"floor":2,"key":"GamblersBrew"},{"floor":4,"key":"PotionOfCapacity"}],"is_trial":false,"path_per_floor":["M","M","M","M","?","R","E","R","T","$","M","E","M","?","R","B"],"character_chosen":"DEFECT","items_purchased":["Lee\u0027s Waffle"],"campfire_rested":3,"item_purchase_floors":[10],"current_hp_per_floor":[40,37,30,19,19,38,19,38,38,71,58,39,31,24,45,0,0],"gold":74,"neow_bonus":"RANDOM_COLORLESS_2","is_daily":false,"chose_seed":false,"campfire_upgraded":0,"win_rate":0.0,"timestamp":1612783229,"path_taken":["M","?","M","M","?","R","E","R","T","$","M","E","M","?","R","BOSS"],"items_purchased_type":["Relic"],"build_version":"2020-12-22","purchased_purges":1,"victory":false,"max_hp_per_floor":[71,71,71,71,64,64,64,64,64,71,71,71,71,71,71,71,71],"card_choices":[{"not_picked":["Sadistic Nature","Chrysalis"],"picked":"Secret Technique","floor":0},{"not_picked":["Steam","Turbo"],"picked":"Barrage","floor":1},{"not_picked":["Reinforced Body","Rebound"],"picked":"Ball Lightning","floor":2},{"not_picked":["Fission","Turbo"],"picked":"Coolheaded","floor":3},{"not_picked":["Redo","Skim","Darkness"],"picked":"SKIP","floor":4},{"not_picked":["Fusion","Reinforced Body"],"picked":"Undo","floor":7},{"not_picked":["Go for the Eyes","Force Field"],"picked":"Sweeping Beam","floor":11},{"not_picked":["Stack","Barrage"],"picked":"Biased Cognition","floor":12},{"not_picked":["Hologram","Cold Snap"],"picked":"Defragment","floor":13}],"player_experience":421725,"relics_obtained":[{"floor":7,"key":"War Paint"},{"floor":9,"key":"Akabeko"},{"floor":12,"key":"Pen Nib"}],"event_choices":[{"damage_healed":0,"gold_gain":0,"player_choice":"Lose Max HP","damage_taken":0,"relics_obtained":["Golden Idol"],"max_hp_gain":0,"max_hp_loss":7,"event_name":"Golden Idol","floor":5,"gold_loss":0},{"cards_removed":["Strike_B"],"damage_healed":0,"gold_gain":0,"player_choice":"Card Removal","damage_taken":7,"max_hp_gain":0,"max_hp_loss":0,"event_name":"Golden Wing","floor":14,"gold_loss":0}],"is_beta":false,"boss_relics":[],"items_purged_floors":[10],"is_endless":false,"potions_floor_spawned":[2,4],"killed_by":"Slime Boss","ascension_level":15}}