{"host":"jx3f6ezc0g3s9edc","time":1612745804,"event":{"mods":["AchievementEnabler","BaseMod","Bestiary","Colored Map","Highlight Path","Minty Spire (QoL Compilation)","StSLib"],"gold_per_floor":[117,135,135,149,149,178,178,192,219,219,282,312,312,329,329,428,428,445,445,480,31,31,31,44,44,44,57,83,83,83,116,116,212,212,222,272,284,244,1,1,33,33,59,59,69,69,96,318,318,318,318,318,64,89,89,89],"floor_reached":55,"language":"ENG","playtime":4147,"items_purged":["Strike_G","Strike_G"],"score":892,"play_id":"23ed7e2d-0cfa-41c9-a798-6929eefa0822","local_time":"20210207195644","is_ascension_mode":false,"campfire_choices":[{"data":"Blade Dance","floor":7.0,"key":"SMITH"},{"floor":10.0,"key":"REST"},{"floor":15.0,"key":"REST"},{"data":"Accuracy","floor":23.0,"key":"SMITH"},{"data":"Blade Dance","floor":30.0,"key":"SMITH"},{"data":"Footwork","floor":32.0,"key":"SMITH"},{"data":"Corpse Explosion","floor":40.0,"key":"SMITH"},{"floor":42.0,"key":"RECALL"},{"data":"Footwork","floor":44.0,"key":"SMITH"},{"data":"J.A.X.","floor":46.0,"key":"SMITH"},{"data":"Malaise","floor":49.0,"key":"SMITH"},{"data":"Dash","floor":52.0,"key":"SMITH"}],"circlet_count":0,"master_deck":["Strike_G","Strike_G","Defend_G","Defend_G","Defend_G","Defend_G","Defend_G","Survivor","Neutralize","Dramatic Entrance","Footwork+1","Blade Dance+1","Blade Dance+1","Corpse Explosion+1","Expertise","Outmaneuver+1","Terror","Envenom","Dagger Spray+1","J.A.X.+1","Leg Sweep","Footwork+1","Enlightenment","Accuracy+1","Dash+1","Blade Dance+1","Predator+1","Malaise+1","Blade Dance+1","Choke+1","Cloak And Dagger+1","Dash+1","Catalyst+1","Tools of the Trade","PiercingWail+1"],"relics":["Ring of the Snake","Orichalcum","Juzu Bracelet","Bag of Marbles","Ancient Tea Set","Smiling Mask","Snecko Eye","Red Mask","HornCleat","PreservedInsect","Happy Flower","Meat on the Bone","Philosopher\u0027s Stone","Lizard Tail","Eternal Feather","Blue Candle","Toy Ornithopter","Dream Catcher","Shuriken"],"acts_visited":["Exordium","TheCity","TheBeyond","TheEnding"],"potions_floor_usage":[54,55,55,55],"damage_taken":[{"damage":0.0,"enemies":"Small Slimes","floor":1.0,"turns":3.0},{"damage":0.0,"enemies":"Cultist","floor":2.0,"turns":4.0},{"damage":0.0,"enemies":"2 Louse","floor":4.0,"turns":2.0},{"damage":23.0,"enemies":"Gremlin Nob","floor":6.0,"turns":4.0},{"damage":1.0,"enemies":"Red Slaver","floor":8.0,"turns":2.0},{"damage":0.0,"enemies":"3 Sentries","floor":11.0,"turns":2.0},{"damage":18.0,"enemies":"Lagavulin","floor":12.0,"turns":6.0},{"damage":0.0,"enemies":"Exordium Wildlife","floor":14.0,"turns":2.0},{"damage":25.0,"enemies":"Slime Boss","floor":16.0,"turns":9.0},{"damage":16.0,"enemies":"Shell Parasite","floor":18.0,"turns":5.0},{"damage":0.0,"enemies":"Masked Bandits","floor":20.0,"turns":2.0},{"damage":0.0,"enemies":"Chosen","floor":24.0,"turns":3.0},{"damage":0.0,"enemies":"Centurion and Healer","floor":27.0,"turns":3.0},{"damage":0.0,"enemies":"Gremlin Leader","floor":28.0,"turns":4.0},{"damage":0.0,"enemies":"Slavers","floor":31.0,"turns":1.0},{"damage":19.0,"enemies":"Collector","floor":33.0,"turns":7.0},{"damage":26.0,"enemies":"Orb Walker","floor":35.0,"turns":5.0},{"damage":6.0,"enemies":"2 Orb Walkers","floor":36.0,"turns":2.0},{"damage":12.0,"enemies":"3 Darklings","floor":37.0,"turns":4.0},{"damage":5.0,"enemies":"Giant Head","floor":41.0,"turns":4.0},{"damage":10.0,"enemies":"Maw","floor":45.0,"turns":5.0},{"damage":3.0,"enemies":"Nemesis","floor":47.0,"turns":3.0},{"damage":17.0,"enemies":"Time Eater","floor":50.0,"turns":7.0},{"damage":3,"enemies":"Shield and Spear","floor":54,"turns":4},{"damage":107,"enemies":"The Heart","floor":55,"turns":5}],"seed_played":"7936101660514497084","potions_obtained":[{"floor":2.0,"key":"LiquidMemories"},{"floor":6.0,"key":"Explosive Potion"},{"floor":8.0,"key":"BlessingOfTheForge"},{"floor":27.0,"key":"CunningPotion"},{"floor":28.0,"key":"Fire Potion"},{"floor":36.0,"key":"Energy Potion"},{"floor":37.0,"key":"CultistPotion"},{"floor":54,"key":"PowerPotion"}],"is_trial":false,"path_per_floor":["M","M","?","M","?","E","R","M","T","R","?","E","?","M","R","B",null,"M","?","?","$","?","R","M","?","T","M","E","T","R","E","R","B",null,"M","?","M","?","$","R","E","R","T","R","M","R","E","?","R","B",null,"R","$","E","B"],"character_chosen":"THE_SILENT","items_purchased":["HornCleat","Footwork","Enlightenment","Eternal Feather","Tools of the Trade","Strength Potion"],"campfire_rested":2,"item_purchase_floors":[21,21,21,39,53,53],"current_hp_per_floor":[70,70,45,45,45,22,22,21,21,42,42,24,24,24,45,20,70,54,54,54,54,54,54,54,54,54,54,54,54,54,54,54,47,70,44,38,38,38,38,56,51,69,69,70,60,70,67,67,70,53,70,70,70,70,0,0],"gold":89,"neow_bonus":"RANDOM_COLORLESS","is_daily":false,"chose_seed":false,"campfire_upgraded":9,"win_rate":0.0,"timestamp":1612745804,"path_taken":["M","M","?","M","?","E","R","M","T","R","?","E","?","M","R","BOSS","M","?","?","$","?","R","M","?","T","M","E","?","R","E","R","BOSS","M","?","M","?","$","R","E","R","T","R","M","R","E","?","R","BOSS","R","$","E","BOSS"],"items_purchased_type":["Relic","Card","Card","Relic","Card","Potion"],"build_version":"2020-12-22","purchased_purges":2,"victory":false,"max_hp_per_floor":[70,70,70,70,70,70,70,70,70,70,70,70,70,70,70,70,70,70,70,70,70,70,70,70,70,70,70,70,70,70,70,70,70,70,70,70,70,70,70,70,70,70,70,70,70,70,70,70,70,70,70,70,70,70,70,70],"card_choices":[{"not_picked":["Discovery","Deep Breath"],"picked":"Dramatic Entrance","floor":0.0},{"not_picked":["Bane","Caltrops"],"picked":"Footwork","floor":1.0},{"not_picked":["Flying Knee","Underhanded Strike"],"picked":"Blade Dance","floor":2.0},{"not_picked":["Skewer","Dodge and Roll"],"picked":"Blade Dance","floor":4.0},{"not_picked":["Blade Dance","Dagger Throw"],"picked":"Corpse Explosion","floor":6.0},{"not_picked":["Concentrate","All Out Attack"],"picked":"Expertise","floor":8.0},{"not_picked":["Deflect","Prepared"],"picked":"Outmaneuver","floor":11.0},{"not_picked":["Venomology","Flying Knee"],"picked":"Terror","floor":12.0},{"not_picked":["Dodge and Roll","Dagger Throw","Outmaneuver"],"picked":"SKIP","floor":14.0},{"not_picked":["Malaise","Adrenaline"],"picked":"Envenom","floor":16.0},{"not_picked":["Quick Slash","Dagger Throw"],"picked":"Dagger Spray+1","floor":18.0},{"not_picked":["Outmaneuver","Dagger Spray"],"picked":"Leg Sweep","floor":20.0},{"not_picked":["Underhanded Strike+1","All Out Attack+1"],"picked":"Dash+1","floor":24.0},{"not_picked":["Quick Slash","Leg Sweep","Prepared"],"picked":"SKIP","floor":27.0},{"not_picked":["Riddle With Holes","Crippling Poison"],"picked":"Blade Dance","floor":28.0},{"not_picked":["Tactician","Acrobatics"],"picked":"Predator+1","floor":31.0},{"not_picked":["Corpse Explosion","Glass Knife"],"picked":"Malaise","floor":33.0},{"not_picked":["Prepared","Underhanded Strike","Quick Slash"],"picked":"SKIP","floor":35.0},{"not_picked":["Noxious Fumes","Outmaneuver+1"],"picked":"Blade Dance+1","floor":36.0},{"not_picked":["Leg Sweep","Dagger Throw+1"],"picked":"Choke+1","floor":37.0},{"not_picked":["Quick Slash+1","Well Laid Plans"],"picked":"Cloak And Dagger+1","floor":41.0},{"not_picked":["Backflip+1","Bane+1"],"picked":"Dash","floor":45.0},{"not_picked":["Quick Slash","Slice+1"],"picked":"Catalyst+1","floor":47.0},{"not_picked":["Escape Plan","Malaise"],"picked":"PiercingWail+1","floor":54}],"player_experience":828892,"relics_obtained":[{"floor":6.0,"key":"Juzu Bracelet"},{"floor":9.0,"key":"Bag of Marbles"},{"floor":11.0,"key":"Ancient Tea Set"},{"floor":12.0,"key":"Smiling Mask"},{"floor":20.0,"key":"Red Mask"},{"floor":26.0,"key":"PreservedInsect"},{"floor":28.0,"key":"Happy Flower"},{"floor":31.0,"key":"Meat on the Bone"},{"floor":36.0,"key":"Lizard Tail"},{"floor":41.0,"key":"Blue Candle"},{"floor":43.0,"key":"Toy Ornithopter"},{"floor":47.0,"key":"Dream Catcher"},{"floor":54,"key":"Shuriken"}],"event_choices":[{"damage_healed":0.0,"max_hp_gain":0.0,"max_hp_loss":0.0,"gold_gain":0.0,"event_name":"Scrap Ooze","player_choice":"Success","floor":3.0,"gold_loss":0.0,"damage_taken":25.0,"relics_obtained":["Orichalcum"]},{"damage_healed":0.0,"max_hp_gain":0.0,"max_hp_loss":0.0,"gold_gain":0.0,"event_name":"Upgrade Shrine","player_choice":"Upgraded","floor":5.0,"gold_loss":0.0,"damage_taken":0.0,"cards_upgraded":["Blade Dance"]},{"damage_healed":0.0,"max_hp_gain":0.0,"max_hp_loss":0.0,"gold_gain":0.0,"event_name":"Dead Adventurer","player_choice":"Searched \u00271\u0027 times","floor":11.0,"gold_loss":0.0,"damage_taken":0.0},{"cards_removed":["Strike_G"],"damage_healed":0.0,"max_hp_gain":0.0,"max_hp_loss":0.0,"gold_gain":0.0,"event_name":"Purifier","player_choice":"Purged","floor":13.0,"gold_loss":0.0,"damage_taken":0.0},{"damage_healed":0.0,"max_hp_gain":0.0,"max_hp_loss":0.0,"gold_gain":0.0,"event_name":"Drug Dealer","player_choice":"Obtain J.A.X.","floor":19.0,"gold_loss":0.0,"damage_taken":0.0,"cards_obtained":["J.A.X."]},{"damage_healed":0.0,"max_hp_gain":0.0,"max_hp_loss":0.0,"gold_gain":0.0,"event_name":"Masked Bandits","player_choice":"Fought Bandits","floor":20.0,"gold_loss":0.0,"damage_taken":0.0},{"damage_healed":0.0,"max_hp_gain":0.0,"max_hp_loss":0.0,"gold_gain":0.0,"event_name":"The Library","player_choice":"Read","floor":22.0,"gold_loss":0.0,"damage_taken":0.0,"cards_obtained":["Accuracy"]},{"damage_healed":0.0,"max_hp_gain":0.0,"max_hp_loss":0.0,"gold_gain":0.0,"event_name":"Ghosts","player_choice":"Ignored","floor":25.0,"gold_loss":0.0,"damage_taken":0.0},{"damage_healed":0.0,"max_hp_gain":0.0,"max_hp_loss":0.0,"gold_gain":0.0,"event_name":"Mysterious Sphere","player_choice":"Fight","floor":36.0,"gold_loss":0.0,"damage_taken":0.0},{"damage_healed":0.0,"max_hp_gain":0.0,"max_hp_loss":0.0,"gold_gain":0.0,"event_name":"Designer","player_choice":"Upgrade","floor":38.0,"gold_loss":40.0,"damage_taken":0.0,"cards_upgraded":["Outmaneuver"]},{"damage_healed":0.0,"max_hp_gain":0.0,"max_hp_loss":0.0,"gold_gain":222.0,"event_name":"Tomb of Lord Red Mask","player_choice":"Wore Mask","floor":48.0,"gold_loss":0.0,"damage_taken":0.0}],"is_beta":false,"boss_relics":[{"not_picked":["Ring of the Serpent","Velvet Choker"],"picked":"Snecko Eye"},{"not_picked":["Pandora\u0027s Box","Empty Cage"],"picked":"Philosopher\u0027s Stone"}],"items_purged_floors":[21,53],"is_endless":false,"potions_floor_spawned":[2,6,8,12,27,28,31,36,37,45,54],"killed_by":"The Heart","ascension_level":0}}