{"host":"tj6tjcyqgbd0xj5u","time":1612746711,"event":{"mods":["Aspiration","BaseMod","Better Match","BetterRewards","Challenge The Spire","Conspire","Defuse TimeMaze Blight","Dota2Spire","Downfall","Energized Spire","Evolution","GifTheSpireLib","Good Game Mod","Halation","Hubris","Hyrulean Relics","Infinite Spire","Minty Spire (QoL Compilation)","Reliquary","Replay The Spire","Reworked Bosses","Spikes Relics","StS++","StSLib","Stuff the Spire"],"gold_per_floor":[119,133,146,146,37,62,62,94,166,184,211,61,61,74,74,179,179,199,199,218,237,249,249,249,249],"floor_reached":24,"language":"ENG","playtime":921,"items_purged":["Strike_B"],"score":267,"play_id":"2248dee6-3d13-46fc-841e-66e5c5885103","local_time":"20210207211151","is_ascension_mode":true,"campfire_choices":[{"data":"Self Repair","floor":7,"key":"SMITH"},{"floor":13,"key":"REST"},{"floor":15,"key":"REST"},{"data":"ReplayTheSpireMod:Fabricate Wheel","floor":23,"key":"SMITH"}],"circlet_count":0,"master_deck":["Strike_B","Strike_B","Defend_B","Defend_B","Defend_B","Defend_B","Zap","Storm","Ball Lightning","Self Repair+1","Ball Lightning","Storm","Leap","ReplayTheSpireMod:Fabricate Wheel+1","hubris:Ukulele","Self Repair","Skim","Guardian:Gem_Purple"],"relics":["Cracked Core","EVO:Axolotl","REME:ComplimentaryCards","NeowsBlessing","hubris:Icosahedron","Dota2Spire:MaskOfMadness","HornCleat","Shuriken","reliquary:FeatherDuster","Sling","SacredBark"],"acts_visited":["Exordium","TheCity"],"potions_floor_usage":[6,8,11,14,14,16,16,18,22,24],"damage_taken":[{"damage":0,"enemies":"Cultist","floor":1,"turns":1},{"damage":0,"enemies":"Small Slimes","floor":2,"turns":1},{"damage":0,"enemies":"2 Louse","floor":3,"turns":1},{"damage":12,"enemies":"Gremlin Nob","floor":6,"turns":1},{"damage":16,"enemies":"Lagavulin","floor":8,"turns":7},{"damage":35,"enemies":"Gremlin Gang","floor":10,"turns":5},{"damage":32,"enemies":"3 Sentries","floor":11,"turns":6},{"damage":9,"enemies":"Large Slime","floor":14,"turns":5},{"damage":57,"enemies":"Fading Forest","floor":16,"turns":11},{"damage":52,"enemies":"Shell Parasite","floor":18,"turns":7},{"damage":0,"enemies":"Spheric Guardian","floor":20,"turns":3},{"damage":10,"enemies":"Snake Plant","floor":21,"turns":4},{"damage":35,"enemies":"conspire:HollyBat","floor":22,"turns":5},{"damage":28,"enemies":"3 Cultists","floor":24,"turns":3}],"seed_played":"-2712811839813951008","potions_obtained":[{"floor":2,"key":"ColorlessPotion"},{"floor":10,"key":"StSpp:ScatteredPotion"},{"floor":11,"key":"Explosive Potion"},{"floor":14,"key":"EssenceOfSteel"},{"floor":16,"key":"Energy Potion"},{"floor":22,"key":"Strength Potion"}],"is_trial":false,"path_per_floor":["M","M","M","?","$","E","R","E","T","M","E","$","R","M","R","B",null,"M","?","M","M","M","R","M"],"character_chosen":"DEFECT","items_purchased":["FIFO Queue","Sling"],"campfire_rested":2,"item_purchase_floors":[5,12],"current_hp_per_floor":[75,75,75,75,75,70,70,64,64,39,17,17,39,40,62,33,75,33,33,43,43,17,17,0,0],"gold":249,"neow_bonus":"THREE_ENEMY_KILL","is_daily":false,"chose_seed":false,"campfire_upgraded":2,"win_rate":0.0,"timestamp":1612746711,"path_taken":["M","M","?","?","$","E","R","E","T","M","E","$","R","M","R","BOSS","M","?","M","M","?","R","M"],"items_purchased_type":["Card","Relic"],"build_version":"2020-12-22","purchased_purges":1,"victory":false,"max_hp_per_floor":[75,75,75,75,75,75,75,75,75,75,75,75,75,75,75,75,75,75,75,75,75,75,75,75,75],"card_choices":[{"not_picked":["StuffTheSpire:LoadUp","Go for the Eyes"],"picked":"Storm","floor":1},{"not_picked":["Conserve Battery","Coolheaded"],"picked":"Ball Lightning","floor":2},{"not_picked":["StSpp:Pointer","Coolheaded"],"picked":"Self Repair","floor":3},{"not_picked":["Double Energy","Rebound"],"picked":"Undo","floor":6},{"not_picked":["Sweeping Beam","Compile Driver"],"picked":"Ball Lightning","floor":8},{"not_picked":["ReplayTheSpireMod:Dual Polarity","ReplayRNGCard"],"picked":"Storm","floor":10},{"not_picked":["StuffTheSpire:CleanHardDrive","Glacier"],"picked":"Leap","floor":11},{"not_picked":["Hologram","Rip and Tear","Rebound"],"picked":"SKIP","floor":14},{"not_picked":["Thunder Strike","Core Surge"],"picked":"ReplayTheSpireMod:Fabricate Wheel","floor":16},{"not_picked":["ReplayTheSpireMod:System Scan","Auto Shields+1"],"picked":"hubris:Ukulele","floor":18},{"not_picked":["Hologram","Compile Driver","Redo"],"picked":"SKIP","floor":20},{"not_picked":["Compile Driver","Streamline+1"],"picked":"Self Repair","floor":21},{"not_picked":["Redo","Gash"],"picked":"Skim","floor":22}],"player_experience":131136,"relics_obtained":[{"floor":6,"key":"Dota2Spire:MaskOfMadness"},{"floor":8,"key":"HornCleat"},{"floor":9,"key":"Shuriken"},{"floor":11,"key":"reliquary:FeatherDuster"}],"event_choices":[{"cards_removed":["Strike_B"],"damage_healed":0,"gold_gain":0,"player_choice":"Purged","damage_taken":0,"max_hp_gain":0,"max_hp_loss":0,"event_name":"Purifier","floor":19,"gold_loss":0}],"is_beta":false,"boss_relics":[{"not_picked":["StSpp:Balance","energizedSpire:SpiderWeb"],"picked":"SacredBark"}],"items_purged_floors":[5],"is_endless":false,"potions_floor_spawned":[2,10,11,14,16,22],"killed_by":"3 Cultists","ascension_level":2}}