{"host":"m4pe905ae9bldoe7","time":1612808220,"event":{"mods":["BaseMod","Bestiary","Block Reminder","Downfall","Minty Spire (QoL Compilation)","StSLib"],"gold_per_floor":[118,130,130,140,57,83,83,94,94,113,132,25,52,202,202,275,275,257,257,134,147,127,156,156,190,215,232,248,273,273,273],"floor_reached":30,"language":"ENG","playtime":1118,"items_purged":["Doubt"],"score":525,"play_id":"32e2f7fb-b02a-4317-a08c-9481129f2a3b","local_time":"20210208191700","is_ascension_mode":true,"campfire_choices":[{"data":"Enlightenment","floor":7,"key":"SMITH"},{"floor":15,"key":"REST"},{"floor":24,"key":"REST"}],"circlet_count":0,"master_deck":["AscendersBane","Strike_R+1","Strike_R+1","Strike_R+1","Strike_R+1","Strike_R+1","Defend_R+1","Defend_R+1","Defend_R+1","Defend_R+1","Bash","Exhume","Uppercut+1","Heavy Blade+1","Heavy Blade","Enlightenment+1","Dual Wield","Infernal Blade","Rampage","Reaper","Seeing Red","Battle Trance","Perfected Strike","Feed","Armaments","Sword Boomerang","Spot Weakness","Disarm","Bloodletting+1","Thunderclap+1"],"relics":["Burning Blood","Anchor","Whetstone","Kunai","StrikeDummy","Runic Dome","Pantograph","Art of War","Happy Flower","Pen Nib"],"acts_visited":["Exordium","TheCity"],"potions_floor_usage":[6,16,16,25,25,25,29],"damage_taken":[{"damage":6,"enemies":"Cultist","floor":1,"turns":3},{"damage":20,"enemies":"Jaw Worm","floor":2,"turns":4},{"damage":0,"enemies":"2 Louse","floor":4,"turns":2},{"damage":26,"enemies":"Gremlin Nob","floor":6,"turns":4},{"damage":0,"enemies":"Blue Slaver","floor":8,"turns":2},{"damage":0,"enemies":"Red Slaver","floor":10,"turns":2},{"damage":22,"enemies":"Lots of Slimes","floor":11,"turns":4},{"damage":19,"enemies":"Lagavulin","floor":13,"turns":4},{"damage":12,"enemies":"Slime Boss","floor":16,"turns":7},{"damage":15,"enemies":"2 Thieves","floor":18,"turns":4},{"damage":0,"enemies":"Chosen","floor":21,"turns":3},{"damage":58,"enemies":"Book of Stabbing","floor":23,"turns":6},{"damage":58,"enemies":"Gremlin Leader","floor":25,"turns":7},{"damage":22,"enemies":"Shelled Parasite and Fungi","floor":27,"turns":4},{"damage":8,"enemies":"Centurion and Healer","floor":28,"turns":7},{"damage":27,"enemies":"Slavers","floor":29,"turns":5},{"damage":19,"enemies":"Snecko","floor":30,"turns":3}],"seed_played":"8117711119998508860","potions_obtained":[{"floor":4,"key":"LiquidMemories"},{"floor":10,"key":"Explosive Potion"},{"floor":11,"key":"Strength Potion"},{"floor":16,"key":"LiquidBronze"},{"floor":21,"key":"sneckomod:MuddlingPotion"},{"floor":23,"key":"EntropicBrew"},{"floor":27,"key":"champ:CounterPotion"}],"is_trial":false,"path_per_floor":["M","M","T","M","$","E","R","M","T","M","M","$","E","?","R","B",null,"M","?","$","M","?","E","R","E","T","M","M","E","M"],"character_chosen":"IRONCLAD","items_purchased":["Enlightenment","Seeing Red","Battle Trance","Armaments"],"campfire_rested":2,"item_purchase_floors":[5,12,12,20],"current_hp_per_floor":[68,54,54,60,60,40,40,46,46,52,36,36,23,23,45,47,68,63,63,63,69,69,21,43,40,40,31,29,14,0,0],"gold":273,"neow_bonus":"ONE_RANDOM_RARE_CARD","is_daily":false,"chose_seed":false,"campfire_upgraded":1,"win_rate":0.0,"timestamp":1612808220,"path_taken":["M","M","?","M","?","E","R","M","T","M","M","$","E","?","R","BOSS","M","?","$","M","?","E","R","E","T","M","M","E","M"],"items_purchased_type":["Card","Card","Card","Card"],"build_version":"2020-12-22","purchased_purges":1,"victory":false,"max_hp_per_floor":[75,75,75,75,75,75,75,75,75,75,75,75,75,75,75,75,75,75,75,75,75,75,75,75,78,78,78,78,78,78,78],"card_choices":[{"not_picked":["Clothesline","Anger"],"picked":"Uppercut","floor":1},{"not_picked":["True Grit","Clash"],"picked":"Heavy Blade","floor":2},{"not_picked":["Perfected Strike","Thunderclap"],"picked":"Heavy Blade","floor":4},{"not_picked":["Cleave","Armaments"],"picked":"Dual Wield","floor":6},{"not_picked":["Wild Strike","Body Slam"],"picked":"Infernal Blade","floor":8},{"not_picked":["Clothesline","Perfected Strike"],"picked":"Rampage","floor":10},{"not_picked":["Clash","Flame Barrier"],"picked":"Reaper","floor":11},{"not_picked":["Metallicize","Feel No Pain"],"picked":"Perfected Strike","floor":13},{"not_picked":["Corruption","Exhume"],"picked":"Feed","floor":16},{"not_picked":["Clothesline","Havoc","Iron Wave"],"picked":"SKIP","floor":18},{"not_picked":["Cleave","Twin Strike"],"picked":"Sword Boomerang","floor":21},{"not_picked":["Double Tap","Fiend Fire"],"picked":"Spot Weakness","floor":23},{"not_picked":["Intimidate","Barricade"],"picked":"Disarm","floor":25},{"not_picked":["Searing Blow","Headbutt"],"picked":"Bloodletting+1","floor":27},{"not_picked":["Wild Strike","Clothesline"],"picked":"Thunderclap+1","floor":28},{"not_picked":["Body Slam","Power Through","Warcry"],"picked":"SKIP","floor":29}],"player_experience":535676,"relics_obtained":[{"floor":3,"key":"Anchor"},{"floor":6,"key":"Whetstone"},{"floor":9,"key":"Kunai"},{"floor":13,"key":"StrikeDummy"},{"floor":23,"key":"Pantograph"},{"floor":25,"key":"Art of War"},{"floor":26,"key":"Happy Flower"},{"floor":29,"key":"Pen Nib"}],"event_choices":[{"damage_healed":0,"gold_gain":150,"player_choice":"AGREE","damage_taken":0,"max_hp_gain":0,"max_hp_loss":0,"event_name":"Liars Game","floor":14,"gold_loss":0,"cards_obtained":["Doubt"]},{"damage_healed":0,"gold_gain":0,"player_choice":"Simplicity","damage_taken":0,"max_hp_gain":0,"max_hp_loss":0,"event_name":"Back to Basics","floor":19,"gold_loss":0,"cards_upgraded":["Strike_R","Strike_R","Strike_R","Strike_R","Strike_R","Defend_R","Defend_R","Defend_R","Defend_R"]},{"damage_healed":0,"gold_gain":0,"player_choice":"Bought 1 Potion","damage_taken":0,"max_hp_gain":0,"max_hp_loss":0,"event_name":"The Woman in Blue","floor":22,"gold_loss":0}],"is_beta":false,"boss_relics":[{"not_picked":["SacredBark","Fusion Hammer"],"picked":"Runic Dome"}],"items_purged_floors":[20],"is_endless":false,"potions_floor_spawned":[4,10,11,16,21,23,27],"killed_by":"Snecko","ascension_level":15}}