{"host":"rxqgn04mcfja67mv","time":1612800341,"event":{"mods":["2.2 Compatiblity","AchievementEnabler","BaseMod","Better Match","Better Note","Better Third Choice","Better Vampires","BetterRewards","Duelist Mod","Grow up Mod","Hermit","Hubris","Minty Spire (QoL Compilation)","Quick Restart","Rare Cards Sparkle","Replay The Spire","Robot Space Explorer","Shop Mod","Spicy Shops","StSLib","Synergy Search","The Bug Knight"],"gold_per_floor":[109,184,9,9,24,24,37,37,61,88,88,105,105,117,117,215,215,231,231,251,77,77,77,3,3,30,30,11,44,56,86,86,191,191,202,202,222,222,301,301,331,349,349,276,276,295,295,313,313,313,313,313,10,56,62],"floor_reached":56,"language":"ENG","playtime":1665,"items_purged":["Shame"],"score":1514,"play_id":"8192de44-b7d2-4ce2-88aa-e7e7110854f6","local_time":"20210208160541","is_ascension_mode":true,"campfire_choices":[{"floor":6,"key":"RECALL"},{"data":"Storm","floor":13,"key":"SMITH"},{"data":"Chill","floor":15,"key":"SMITH"},{"data":"FIFO Queue","floor":23,"key":"SMITH"},{"data":"Electrodynamics","floor":27,"key":"SMITH"},{"data":"Storm","floor":40,"key":"SMITH"},{"data":"Meteor Strike","floor":47,"key":"SMITH"},{"floor":49,"key":"DIG"},{"data":"ReplayRNGCard","floor":52,"key":"SMITH"}],"circlet_count":0,"master_deck":["Strike_B+1","Strike_B+1","Strike_B","Strike_B","Defend_B","Defend_B+1","Defend_B","Defend_B","Zap","Dualcast","Doom and Gloom+1","Storm+1","Glacier","Defragment+1","Turbo","Chill+1","Electrodynamics+1","Barrage","All For One+1","FIFO Queue+1","Compile Driver","Compile Driver","Hello World","Streamline","Genetic Algorithm","BootSequence","Amplify","Storm+1","hubris:Ukulele+1","Hello World","Cold Snap","Chill+1","Stack+1","Self Repair","hubris:SpecializedCircuitry","ReplayRNGCard+1","Chaos+1","Meteor Strike+1","Doom and Gloom","ReplayTheSpireMod:IOU","Turbo"],"relics":["Cracked Core","NeowsBlessing","hubris:Towel","Replay:Ringing Soul","hubris:BlackHole","Replay:WaspNest","Membership Card","hubris:BallOfYels","Torii","hubris:Backtick","hubris:SoftwareUpdate","Anchor","Bag of Marbles","Mirror","Orrery","Replay:Wax Seal","MerchantsRug","Pen Nib","Replay:Bandana","Simple Rune","Chemical X","Runic Capacitor","Emotion Chip"],"acts_visited":["Exordium","TheCity","TheBeyond","TheEnding"],"potions_floor_usage":[29,29,29,55,55,55],"damage_taken":[{"damage":0,"enemies":"Small Slimes","floor":1,"turns":1},{"damage":0,"enemies":"2 Louse","floor":5,"turns":1},{"damage":0,"enemies":"Jaw Worm","floor":7,"turns":1},{"damage":35,"enemies":"Gremlin Nob","floor":10,"turns":4},{"damage":16,"enemies":"Blue Slaver","floor":12,"turns":3},{"damage":12,"enemies":"Exordium Wildlife","floor":14,"turns":3},{"damage":22,"enemies":"Slime Boss","floor":16,"turns":11},{"damage":5,"enemies":"2 Thieves","floor":18,"turns":4},{"damage":10,"enemies":"Chosen","floor":20,"turns":3},{"damage":16,"enemies":"Gremlin Leader","floor":29,"turns":3},{"damage":5,"enemies":"Centurion and Healer","floor":30,"turns":2},{"damage":7,"enemies":"theDuelist:KaibaA2","floor":31,"turns":3},{"damage":73,"enemies":"hubris:MusketHawk","floor":33,"turns":8},{"damage":1,"enemies":"3 Shapes","floor":35,"turns":3},{"damage":1,"enemies":"3 Darklings","floor":37,"turns":2},{"damage":0,"enemies":"Giant Head","floor":41,"turns":4},{"damage":0,"enemies":"4 Shapes","floor":42,"turns":2},{"damage":14,"enemies":"Spire Growth","floor":46,"turns":3},{"damage":0,"enemies":"Sphere and 2 Shapes","floor":48,"turns":3},{"damage":41,"enemies":"Donu and Deca","floor":50,"turns":6},{"damage":37,"enemies":"Shield and Spear","floor":54,"turns":5},{"damage":88,"enemies":"The Heart","floor":55,"turns":6}],"seed_played":"-1703230981504307242","potions_obtained":[{"floor":1,"key":"SkillPotion"},{"floor":7,"key":"Block Potion"},{"floor":12,"key":"Toxic Potion"},{"floor":14,"key":"ColorlessPotion"},{"floor":30,"key":"Ancient Potion"},{"floor":31,"key":"Energy Potion"},{"floor":39,"key":"EssenceOfSteel"},{"floor":39,"key":"Venom Potion"}],"is_trial":false,"path_per_floor":["M","?","$","?","M","R","M","$","T","E","?","M","R","M","R","B",null,"M","?","M","$","?","R","$","?","T","R","$","E","M","E","R","B",null,"M","?","M","?","?","R","E","M","T","$","?","M","R","M","R","B",null,"R","$","E","B",null],"character_chosen":"DEFECT","items_purchased":["Storm","Glacier","FIFO Queue","Compile Driver","Membership Card","Hello World","Orrery","MerchantsRug","Pen Nib","Replay:Bandana","Simple Rune","Chemical X","Runic Capacitor"],"campfire_rested":0,"item_purchase_floors":[3,3,21,21,24,28,44,53,53,53,53,53,53],"current_hp_per_floor":[95,94,104,114,124,134,144,154,164,142,152,149,159,160,170,161,243,251,261,264,277,290,300,310,320,330,340,353,350,358,364,441,381,446,458,468,480,490,376,386,399,412,422,435,445,451,461,474,484,460,611,621,634,610,532],"gold":62,"neow_bonus":"THREE_ENEMY_KILL","is_daily":false,"chose_seed":false,"campfire_upgraded":7,"win_rate":0.0,"timestamp":1612800341,"path_taken":["M","?","$","?","M","R","M","$","T","E","?","M","R","M","R","BOSS","M","?","M","$","?","R","?","?","T","R","$","E","M","E","R","BOSS","M","?","?","?","?","R","E","M","T","$","?","M","R","?","R","BOSS","R","$","E","BOSS"],"items_purchased_type":["Card","Card","Card","Card","Relic","Card","Relic","Relic","Relic","Relic","Relic","Relic","Relic"],"build_version":"2020-12-22","purchased_purges":1,"victory":true,"max_hp_per_floor":[95,105,115,125,135,145,155,165,175,188,198,211,221,234,244,257,267,280,290,303,316,329,339,349,359,369,379,392,405,418,431,441,454,464,477,487,500,510,523,533,546,559,569,582,592,605,615,628,638,648,658,668,681,694,704],"card_choices":[{"not_picked":["Aggregate","Beam Cell"],"picked":"Doom and Gloom","floor":1},{"not_picked":["ReplaySort","Streamline","Compile Driver"],"picked":"SKIP","floor":5},{"not_picked":["Stack","Thunder Strike"],"picked":"Defragment","floor":7},{"not_picked":["ReplayTheSpireMod:Repulse","Go for the Eyes"],"picked":"Turbo","floor":10},{"not_picked":["Rip and Tear","Hologram"],"picked":"Chill","floor":12},{"not_picked":["Redo","Darkness"],"picked":"Melter","floor":14},{"not_picked":["ReplayRNGCard","hubris:Prefetch"],"picked":"Electrodynamics","floor":16},{"not_picked":["Steam+1","FTL"],"picked":"Barrage","floor":18},{"not_picked":["Compile Driver","Glacier"],"picked":"All For One","floor":20},{"not_picked":["Gash","Rebound"],"picked":"Streamline","floor":29},{"not_picked":["Rebound","ReplayTheSpireMod:System Scan"],"picked":"Genetic Algorithm","floor":30},{"not_picked":["ReplayTheSpireMod:Repulse","Scrape"],"picked":"BootSequence","floor":31},{"not_picked":["Hyperbeam","Machine Learning"],"picked":"Amplify","floor":33},{"not_picked":["hubris:PowerSurge","Rebound+1"],"picked":"Storm","floor":35},{"not_picked":["Go for the Eyes+1","ReplaySort+1"],"picked":"hubris:Ukulele+1","floor":37},{"not_picked":["Sweeping Beam","Aggregate"],"picked":"Hello World","floor":39},{"not_picked":["Turbo","Auto Shields+1"],"picked":"Cold Snap","floor":41},{"not_picked":["ReplaySolidLightProjector","Go for the Eyes+1"],"picked":"Chill+1","floor":42},{"not_picked":["Rebound","Compile Driver"],"picked":"Stack+1","floor":44},{"not_picked":["Rebound","Coolheaded+1"],"picked":"Self Repair","floor":44},{"not_picked":["Redo","Fusion+1"],"picked":"hubris:SpecializedCircuitry","floor":44},{"not_picked":["Steam","Force Field+1"],"picked":"ReplayRNGCard","floor":44},{"not_picked":["Force Field","Ball Lightning+1"],"picked":"Chaos+1","floor":44},{"not_picked":["Beam Cell+1","Rip and Tear"],"picked":"Meteor Strike","floor":46},{"not_picked":["Cold Snap","Recycle"],"picked":"Doom and Gloom","floor":48},{"not_picked":["ReplayTheSpireMod:Repulse+1","Recycle"],"picked":"Turbo","floor":54}],"player_experience":429941,"relics_obtained":[{"floor":10,"key":"Replay:Ringing Soul"},{"floor":26,"key":"Whetstone"},{"floor":29,"key":"hubris:BallOfYels"},{"floor":31,"key":"Torii"},{"floor":39,"key":"Anchor"},{"floor":41,"key":"Bag of Marbles"},{"floor":43,"key":"Mirror"},{"floor":49,"key":"Replay:Wax Seal"},{"floor":54,"key":"Emotion Chip"}],"event_choices":[{"damage_healed":0,"gold_gain":75,"player_choice":"Gold","damage_taken":11,"max_hp_gain":0,"max_hp_loss":0,"event_name":"betterThird:BetterGoop","floor":2,"gold_loss":0},{"damage_healed":0,"gold_gain":0,"player_choice":"Stole Relic","damage_taken":0,"relics_obtained":["Replay:WaspNest"],"max_hp_gain":0,"max_hp_loss":0,"event_name":"Addict","floor":22,"gold_loss":0,"cards_obtained":["Shame"]},{"damage_healed":0,"gold_gain":0,"player_choice":"Gave Potion","damage_taken":0,"relics_obtained":["Ancient Tea Set"],"max_hp_gain":0,"max_hp_loss":0,"event_name":"WeMeetAgain","floor":36,"gold_loss":0},{"cards_removed":["Melter"],"damage_healed":0,"gold_gain":0,"player_choice":"Removed Attack","damage_taken":0,"max_hp_gain":0,"max_hp_loss":0,"event_name":"Falling","floor":38,"gold_loss":0},{"damage_healed":0,"gold_gain":0,"player_choice":"Got Potions","damage_taken":0,"max_hp_gain":0,"max_hp_loss":0,"event_name":"Lab","floor":45,"gold_loss":0}],"is_beta":false,"boss_relics":[{"not_picked":["ChewingGum","Ectoplasm"],"picked":"hubris:BlackHole"},{"not_picked":["SlaversCollar","Busted Crown"],"picked":"hubris:Backtick"}],"items_purged_floors":[53],"is_endless":false,"potions_floor_spawned":[1,7,12,14,16,30,31,42,48],"ascension_level":5}}