{"host":"aelxjre69umlx7r4","time":1612811338,"event":{"mods":["AchievementEnabler","BaseMod","DeckTracker","Highlight Path","Keyboard Shortcuts","Minty Spire (QoL Compilation)","Permanent Neow","SuperFastMode"],"gold_per_floor":[109,124,136,136,155,182,182,107,107,142,42,55,66,97,97,199,199,217,235,235,17,35,67,67,67,94,94,94,106,139,150,150,248,248,264,264,24,36,36,36,53,83,135,163,263,274,274,32,32,32,32,32,32,59,59],"floor_reached":56,"language":"KOR","playtime":4224,"items_purged":["Strike_R","Strike_R","Defend_R","Defend_R"],"score":1368,"play_id":"c9c5707c-6273-4cbf-8d86-a0e5194c2377","local_time":"20210209040858","is_ascension_mode":true,"campfire_choices":[{"data":"Armaments","floor":7.0,"key":"SMITH"},{"data":"Battle Trance","floor":15.0,"key":"SMITH"},{"data":"Barricade","floor":25.0,"key":"SMITH"},{"floor":32.0,"key":"RECALL"},{"data":"Entrench","floor":40.0,"key":"SMITH"},{"data":"Seeing Red","floor":47.0,"key":"SMITH"},{"data":"Juggernaut","floor":49.0,"key":"SMITH"},{"data":"Battle Trance","floor":52.0,"key":"SMITH"}],"circlet_count":0,"master_deck":["Defend_R","Defend_R","Bash","Impervious","Armaments+1","Entrench+1","Seeing Red+1","Feel No Pain","Ghostly Armor","Battle Trance+1","Barricade+1","Thunderclap","Shrug It Off","Metallicize","Shrug It Off","Battle Trance+1","Warcry","Second Wind+1","Juggernaut+1","CurseOfTheBell","True Grit+1","Body Slam+1","Offering+1","Body Slam+1","Burning Pact+1"],"relics":["Burning Blood","Mercury Hourglass","Mango","Champion Belt","Paper Frog","Anchor","Empty Cage","Question Card","The Courier","Regal Pillow","Toxic Egg 2","Calling Bell","Happy Flower","Gremlin Horn","Gambling Chip","Molten Egg 2","Boot","Bottled Flame","DollysMirror","Bag of Preparation"],"acts_visited":["Exordium","TheCity","TheBeyond","TheEnding"],"potions_floor_usage":[55,55,55],"damage_taken":[{"damage":1.0,"enemies":"2 Louse","floor":1.0,"turns":3.0},{"damage":10.0,"enemies":"Cultist","floor":2.0,"turns":4.0},{"damage":2.0,"enemies":"Small Slimes","floor":3.0,"turns":5.0},{"damage":12.0,"enemies":"Looter","floor":5.0,"turns":4.0},{"damage":31.0,"enemies":"Lagavulin","floor":6.0,"turns":6.0},{"damage":22.0,"enemies":"Gremlin Nob","floor":10.0,"turns":6.0},{"damage":9.0,"enemies":"Blue Slaver","floor":12.0,"turns":5.0},{"damage":7.0,"enemies":"2 Fungi Beasts","floor":13.0,"turns":4.0},{"damage":5.0,"enemies":"Lagavulin","floor":14.0,"turns":8.0},{"damage":44.0,"enemies":"The Guardian","floor":16.0,"turns":16.0},{"damage":5.0,"enemies":"3 Byrds","floor":18.0,"turns":8.0},{"damage":2.0,"enemies":"Shell Parasite","floor":19.0,"turns":9.0},{"damage":12.0,"enemies":"Chosen and Byrds","floor":22.0,"turns":11.0},{"damage":26.0,"enemies":"Book of Stabbing","floor":23.0,"turns":16.0},{"damage":0.0,"enemies":"3 Cultists","floor":29.0,"turns":9.0},{"damage":25.0,"enemies":"Slavers","floor":30.0,"turns":21.0},{"damage":0.0,"enemies":"Centurion and Healer","floor":31.0,"turns":15.0},{"damage":13.0,"enemies":"Champ","floor":33.0,"turns":37.0},{"damage":5.0,"enemies":"3 Shapes","floor":35.0,"turns":4.0},{"damage":0.0,"enemies":"Orb Walker","floor":38.0,"turns":7.0},{"damage":11.0,"enemies":"Transient","floor":41.0,"turns":5.0},{"damage":6.0,"enemies":"Giant Head","floor":42.0,"turns":7.0},{"damage":6.0,"enemies":"Reptomancer","floor":44.0,"turns":5.0},{"damage":6.0,"enemies":"Writhing Mass","floor":46.0,"turns":3.0},{"damage":6.0,"enemies":"Time Eater","floor":50.0,"turns":7.0},{"damage":17.0,"enemies":"Shield and Spear","floor":54.0,"turns":7.0},{"damage":35,"enemies":"The Heart","floor":55,"turns":7}],"seed_played":"5614829444287088266","potions_obtained":[{"floor":1.0,"key":"Ancient Potion"},{"floor":2.0,"key":"DistilledChaos"},{"floor":10.0,"key":"BlessingOfTheForge"},{"floor":13.0,"key":"Regen Potion"},{"floor":19.0,"key":"Weak Potion"},{"floor":22.0,"key":"BlessingOfTheForge"},{"floor":23.0,"key":"DuplicationPotion"},{"floor":30.0,"key":"FearPotion"},{"floor":41.0,"key":"SkillPotion"},{"floor":46.0,"key":"SmokeBomb"},{"floor":54.0,"key":"Explosive Potion"}],"is_trial":false,"path_per_floor":["M","M","M","?","M","E","R","$","T","E","$","M","M","E","R","B",null,"M","M","?","$","M","E","?","R","T","?","$","M","E","M","R","B",null,"M","?","$","M","?","R","M","E","T","E","?","M","R","$","R","B",null,"R","$","E","B",null],"character_chosen":"IRONCLAD","items_purchased":["Metallicize","Shrug It Off","Molten Egg 2","Body Slam+1","DollysMirror"],"campfire_rested":0,"item_purchase_floors":[21,21,37,37,48],"current_hp_per_floor":[80,76,80,80,74,63,63,63,63,47,47,44,43,59,59,21,94,94,94,94,94,88,68,68,68,68,68,68,74,55,61,61,54,94,94,94,94,94,94,94,89,89,89,89,89,89,89,89,89,89,94,94,94,83,54],"gold":59,"neow_bonus":"ONE_RANDOM_RARE_CARD","is_daily":false,"chose_seed":false,"campfire_upgraded":7,"win_rate":0.0,"timestamp":1612811338,"path_taken":["M","M","M","?","M","E","R","$","T","E","?","?","M","E","R","BOSS","M","M","?","$","M","E","?","R","T","?","?","M","E","M","R","BOSS","M","?","$","M","?","R","?","E","T","E","?","M","R","$","R","BOSS","R","$","E","BOSS"],"items_purchased_type":["Card","Card","Relic","Card","Relic"],"build_version":"2020-12-22","purchased_purges":4,"victory":true,"max_hp_per_floor":[80,80,80,80,80,94,94,94,94,94,94,94,94,94,94,94,94,94,94,94,94,94,94,94,94,94,94,94,94,94,94,94,94,94,94,94,94,94,94,94,94,94,94,94,94,94,94,94,94,94,94,94,94,94,94],"card_choices":[{"not_picked":["Wild Strike","Blood for Blood","Pummel"],"picked":"SKIP","floor":1.0},{"not_picked":["Iron Wave","Wild Strike"],"picked":"Armaments","floor":2.0},{"not_picked":["Pummel","Twin Strike"],"picked":"Entrench","floor":3.0},{"not_picked":["Combust","Wild Strike"],"picked":"Seeing Red","floor":5.0},{"not_picked":["Headbutt","Entrench"],"picked":"Feel No Pain","floor":6.0},{"not_picked":["Thunderclap","Limit Break","Iron Wave"],"picked":"SKIP","floor":10.0},{"not_picked":["Entrench","Clash"],"picked":"Ghostly Armor","floor":12.0},{"not_picked":["Whirlwind","Sword Boomerang"],"picked":"Battle Trance","floor":13.0},{"not_picked":["Sword Boomerang","Blood for Blood","Uppercut"],"picked":"SKIP","floor":14.0},{"not_picked":["Exhume","Immolate"],"picked":"Barricade","floor":16.0},{"not_picked":["Cleave+1","Flex+1"],"picked":"Thunderclap","floor":18.0},{"not_picked":["Twin Strike","Armaments+1"],"picked":"Shrug It Off","floor":19.0},{"not_picked":["Battle Trance","Perfected Strike+1","Havoc","Iron Wave+1"],"picked":"SKIP","floor":22.0},{"not_picked":["Perfected Strike+1","Havoc","Iron Wave+1"],"picked":"Battle Trance","floor":22.0},{"not_picked":["Heavy Blade","Twin Strike","Blood for Blood","Reaper"],"picked":"SKIP","floor":23.0},{"not_picked":["Thunderclap","Rage","Flex+1","Anger"],"picked":"SKIP","floor":29.0},{"not_picked":["Armaments+1","Cleave+1","Corruption","Twin Strike"],"picked":"SKIP","floor":30.0},{"not_picked":["Whirlwind","Battle Trance+1","Armaments+1"],"picked":"Second Wind+1","floor":31.0},{"not_picked":["Offering+1","Corruption","Exhume+1"],"picked":"Juggernaut","floor":33.0},{"not_picked":["Heavy Blade+1","Shockwave+1","Twin Strike+1"],"picked":"True Grit+1","floor":35.0},{"not_picked":["Pommel Strike+1","Clash+1","Sever Soul+1"],"picked":"Offering+1","floor":38.0},{"not_picked":["Infernal Blade+1","Sentinel+1","Hemokinesis+1","Anger+1"],"picked":"SKIP","floor":41.0},{"not_picked":["Flame Barrier+1","Whirlwind+1","Thunderclap+1","Shrug It Off+1"],"picked":"SKIP","floor":42.0},{"not_picked":["Limit Break+1","Clash+1","Searing Blow+1","Disarm+1"],"picked":"SKIP","floor":44.0},{"not_picked":["Limit Break+1","Clash+1","Searing Blow+1","Disarm+1"],"picked":"SKIP","floor":44.0},{"not_picked":["Intimidate+1","Clash+1","Reckless Charge+1","Armaments+1"],"picked":"SKIP","floor":46.0},{"not_picked":["Bloodletting+1","Pommel Strike+1","Sentinel+1"],"picked":"Burning Pact+1","floor":54.0}],"player_experience":407352,"relics_obtained":[{"floor":4.0,"key":"Mercury Hourglass"},{"floor":6.0,"key":"Mango"},{"floor":9.0,"key":"Champion Belt"},{"floor":10.0,"key":"Paper Frog"},{"floor":14.0,"key":"Anchor"},{"floor":23.0,"key":"The Courier"},{"floor":26.0,"key":"Regal Pillow"},{"floor":30.0,"key":"Toxic Egg 2"},{"floor":34.0,"key":"Happy Flower"},{"floor":34.0,"key":"Gremlin Horn"},{"floor":34.0,"key":"Gambling Chip"},{"floor":42.0,"key":"Boot"},{"floor":44.0,"key":"Bottled Flame"},{"floor":54.0,"key":"Bag of Preparation"}],"event_choices":[{"damage_healed":0.0,"max_hp_gain":0.0,"max_hp_loss":0.0,"gold_gain":0.0,"event_name":"Wheel of Change","player_choice":"Relic","floor":4.0,"gold_loss":0.0,"damage_taken":0.0},{"damage_healed":0.0,"max_hp_gain":0.0,"max_hp_loss":0.0,"gold_gain":0.0,"event_name":"The Mausoleum","player_choice":"Opened","floor":20.0,"gold_loss":0.0,"damage_taken":0.0,"relics_obtained":["Question Card"]},{"damage_healed":0.0,"max_hp_gain":0.0,"max_hp_loss":0.0,"gold_gain":0.0,"event_name":"The Library","player_choice":"Read","floor":24.0,"gold_loss":0.0,"damage_taken":0.0,"cards_obtained":["Warcry"]},{"damage_healed":0.0,"max_hp_gain":0.0,"max_hp_loss":0.0,"gold_gain":0.0,"event_name":"Vampires","player_choice":"Ignored","floor":27.0,"gold_loss":0.0,"damage_taken":0.0},{"cards_removed":["Strike_R"],"damage_healed":0.0,"max_hp_gain":0.0,"max_hp_loss":0.0,"gold_gain":0.0,"event_name":"Falling","player_choice":"Removed Attack","floor":36.0,"gold_loss":0.0,"damage_taken":0.0},{"damage_healed":0.0,"max_hp_gain":0.0,"max_hp_loss":0.0,"gold_gain":0.0,"event_name":"Match and Keep!","player_choice":"0 cards matched","floor":39.0,"gold_loss":0.0,"damage_taken":0.0,"cards_obtained":[]},{"damage_healed":0.0,"max_hp_gain":0.0,"max_hp_loss":0.0,"gold_gain":100.0,"event_name":"Golden Shrine","player_choice":"Pray","floor":45.0,"gold_loss":0.0,"damage_taken":0.0}],"is_beta":false,"boss_relics":[{"not_picked":["Philosopher\u0027s Stone","Velvet Choker"],"picked":"Empty Cage"},{"not_picked":["Tiny House","SacredBark"],"picked":"Calling Bell"}],"items_purged_floors":[8,11,21,48],"is_endless":false,"potions_floor_spawned":[1,2,10,13,19,22,23,30,41,46,54],"ascension_level":1}}