{"host":"j9610sde00vfp93k","time":1612787918,"event":{"mods":["AchievementEnabler","BaseMod","Minty Spire (QoL Compilation)","StSLib","SuperFastMode"],"gold_per_floor":[117,117,117,130,130,157,7,7,33,52,82,82,82,82,82,181,181,198,209,57,73,86,118,118,118,171,171,171],"floor_reached":27,"language":"ENG","playtime":800,"items_purged":[],"score":264,"play_id":"0c2c1170-d1b4-4cf2-9df6-0878d1a3001d","local_time":"20210208203838","is_ascension_mode":false,"campfire_choices":[{"data":"WindmillStrike","floor":8,"key":"SMITH"},{"floor":13,"key":"REST"},{"floor":15,"key":"REST"}],"circlet_count":0,"master_deck":["Strike_P","Strike_P","Strike_P","Strike_P","Defend_P","Defend_P","Defend_P+1","Eruption+1","Vigilance+1","Tantrum+1","WindmillStrike+1","BowlingBash","ClearTheMind+1","Establishment","BowlingBash","FollowUp+1","FollowUp","MasterReality","FlyingSleeves"],"relics":["PureWater","Darkstone Periapt","Damaru","Bronze Scales","Bottled Flame","SlaversCollar","Pen Nib","Potion Belt","Nloth\u0027s Gift","War Paint"],"acts_visited":["Exordium","TheCity"],"potions_floor_usage":[22,23,27],"damage_taken":[{"damage":2,"enemies":"2 Louse","floor":1,"turns":2},{"damage":0,"enemies":"Jaw Worm","floor":4,"turns":1},{"damage":46,"enemies":"Lagavulin","floor":6,"turns":4},{"damage":0,"enemies":"Cultist","floor":10,"turns":2},{"damage":19,"enemies":"3 Sentries","floor":11,"turns":3},{"damage":11,"enemies":"Slime Boss","floor":16,"turns":6},{"damage":15,"enemies":"Shell Parasite","floor":18,"turns":3},{"damage":0,"enemies":"Spheric Guardian","floor":19,"turns":2},{"damage":23,"enemies":"3 Cultists","floor":21,"turns":4},{"damage":5,"enemies":"Chosen and Byrds","floor":22,"turns":3},{"damage":33,"enemies":"Book of Stabbing","floor":23,"turns":4},{"damage":12,"enemies":"Centurion and Healer","floor":27,"turns":3}],"seed_played":"1910138292306590427","potions_obtained":[{"floor":1,"key":"Energy Potion"},{"floor":4,"key":"StancePotion"},{"floor":18,"key":"FearPotion"},{"floor":21,"key":"Fruit Juice"},{"floor":23,"key":"SpeedPotion"}],"is_trial":false,"path_per_floor":["M","?","?","M","?","E","$","R","T","M","E","?","R","$","R","B",null,"M","M","$","M","M","E","?","?","T","M"],"character_chosen":"WATCHER","items_purchased":["Damaru","Pen Nib"],"campfire_rested":2,"item_purchase_floors":[7,20],"current_hp_per_floor":[70,70,70,70,70,24,24,24,24,24,5,5,26,26,47,36,72,57,57,57,34,34,1,1,1,1,0,0],"gold":171,"neow_bonus":"UPGRADE_CARD","is_daily":false,"chose_seed":false,"campfire_upgraded":1,"win_rate":0.0,"timestamp":1612787918,"path_taken":["M","?","?","?","?","E","?","R","T","M","E","?","R","$","R","BOSS","M","M","$","M","M","E","?","?","T","M"],"items_purchased_type":["Relic","Relic"],"build_version":"2020-12-22","purchased_purges":0,"victory":false,"max_hp_per_floor":[72,72,72,72,72,72,72,72,72,72,72,72,72,72,72,72,72,72,72,72,72,77,77,77,77,77,77,77],"card_choices":[{"not_picked":["SashWhip","WaveOfTheHand"],"picked":"Tantrum","floor":1},{"not_picked":["Pray","Consecrate"],"picked":"WindmillStrike","floor":4},{"not_picked":["WreathOfFlame","FlyingSleeves"],"picked":"BowlingBash","floor":6},{"not_picked":["Sanctity","WaveOfTheHand"],"picked":"ClearTheMind","floor":10},{"not_picked":["WreathOfFlame","Wallop","Halt"],"picked":"SKIP","floor":11},{"not_picked":["Brilliance","Judgement"],"picked":"Establishment","floor":16},{"not_picked":["CutThroughFate+1","FlurryOfBlows"],"picked":"BowlingBash","floor":18},{"not_picked":["EmptyBody","CrushJoints"],"picked":"FollowUp+1","floor":19},{"not_picked":["Wallop","MentalFortress"],"picked":"FollowUp","floor":21},{"not_picked":["SashWhip","Adaptation"],"picked":"MasterReality","floor":22},{"not_picked":["Halt","FlurryOfBlows"],"picked":"FlyingSleeves","floor":23}],"player_experience":212442,"relics_obtained":[{"floor":6,"key":"Darkstone Periapt"},{"floor":9,"key":"Bronze Scales"},{"floor":11,"key":"Bottled Flame"},{"floor":23,"key":"StoneCalendar"},{"floor":26,"key":"War Paint"}],"event_choices":[{"damage_healed":0,"gold_gain":0,"player_choice":"Grow","damage_taken":0,"max_hp_gain":0,"max_hp_loss":0,"event_name":"Living Wall","floor":2,"gold_loss":0,"cards_upgraded":["Tantrum"]},{"cards_removed":["Defend_P"],"damage_healed":0,"gold_gain":0,"player_choice":"Offered Basic","damage_taken":0,"max_hp_gain":0,"max_hp_loss":0,"event_name":"Bonfire Elementals","floor":3,"gold_loss":0},{"damage_healed":0,"gold_gain":0,"player_choice":"Ignored","damage_taken":0,"max_hp_gain":0,"max_hp_loss":0,"event_name":"Purifier","floor":5,"gold_loss":0},{"damage_healed":0,"gold_gain":0,"player_choice":"Forge","damage_taken":0,"max_hp_gain":0,"max_hp_loss":0,"event_name":"Accursed Blacksmith","floor":12,"gold_loss":0,"cards_upgraded":["ClearTheMind"]},{"damage_healed":0,"gold_gain":0,"player_choice":"Opened","damage_taken":0,"relics_obtained":["Potion Belt"],"max_hp_gain":0,"max_hp_loss":0,"event_name":"The Mausoleum","floor":24,"gold_loss":0},{"damage_healed":0,"gold_gain":0,"player_choice":"Traded Relic","damage_taken":0,"relics_obtained":["Nloth\u0027s Gift"],"max_hp_gain":0,"max_hp_loss":0,"event_name":"N\u0027loth","floor":25,"relics_lost":["StoneCalendar"],"gold_loss":0}],"is_beta":false,"boss_relics":[{"not_picked":["Busted Crown","Ectoplasm"],"picked":"SlaversCollar"}],"items_purged_floors":[],"is_endless":false,"potions_floor_spawned":[1,4,18,19,21,23],"killed_by":"Centurion and Healer","ascension_level":0}}