{"host":"utqe55yv0jihe4d6","time":1612755187,"event":{"mods":["2.2 Compatiblity","AchievementEnabler","BaseMod","Block Reminder","Colored Map","Colored Powertips","Minty Spire (QoL Compilation)","Quick Restart","Rare Cards Sparkle","Relic Stats","SuperFastMode"],"gold_per_floor":[17,17,17,29,45,45,75,88,114,147,147,166,166,209,209,295,295,305,305,355,29,51,51,93,93,118,158,158,177,189,218,218,301,301,330,354,354,383,305,330,330,368,368,368,23,23,52,66,66,66,66,66,66,16,49,49],"floor_reached":57,"language":"ENG","playtime":2023,"items_purged":["Decay","Strike_R","Strike_R"],"score":3232,"play_id":"e275a572-650e-4b0f-bb9c-aef641a20422","local_time":"20210207223307","is_ascension_mode":true,"campfire_choices":[{"data":"Berserk","floor":6.0,"key":"SMITH"},{"floor":11.0,"key":"REST"},{"data":"Bash","floor":13.0,"key":"SMITH"},{"floor":15.0,"key":"REST"},{"data":"Impervious","floor":23.0,"key":"SMITH"},{"floor":25.0,"key":"REST"},{"data":"Inflame","floor":28.0,"key":"SMITH"},{"data":"Double Tap","floor":32.0,"key":"SMITH"},{"data":"Feel No Pain","floor":41,"key":"SMITH"},{"floor":44,"key":"RECALL"},{"data":"Uppercut","floor":46,"key":"SMITH"},{"data":"Battle Trance","floor":49,"key":"SMITH"},{"data":"Limit Break","floor":53,"key":"SMITH"}],"circlet_count":0,"master_deck":["AscendersBane","Strike_R","Strike_R","Defend_R","Defend_R","Defend_R","Defend_R","Bash+1","Immolate+1","Ghostly Armor","Headbutt","Berserk+1","Double Tap+1","Impervious+1","Corruption","Shrug It Off","Shrug It Off","Inflame+1","Whirlwind+1","Battle Trance+1","Reaper","True Grit+1","Uppercut+1","Sentinel+1","Feel No Pain+1","Limit Break+1"],"relics":["Burning Blood","MealTicket","CeramicFish","Smiling Mask","CaptainsWheel","Snecko Eye","Lee\u0027s Waffle","Art of War","Blood Vial","Ice Cream","Coffee Dripper","Singing Bowl","Anchor","Calipers","Dead Branch","Self Forming Clay","Oddly Smooth Stone"],"acts_visited":["Exordium","TheCity","TheBeyond","TheEnding"],"potions_floor_usage":[33,40,56],"damage_taken":[{"damage":0.0,"enemies":"2 Louse","floor":1.0,"turns":1.0},{"damage":6.0,"enemies":"Cultist","floor":4.0,"turns":3.0},{"damage":7.0,"enemies":"Jaw Worm","floor":5.0,"turns":3.0},{"damage":50.0,"enemies":"Lagavulin","floor":7.0,"turns":9.0},{"damage":26.0,"enemies":"Lots of Slimes","floor":8.0,"turns":4.0},{"damage":17.0,"enemies":"3 Sentries","floor":10.0,"turns":3.0},{"damage":15.0,"enemies":"Red Slaver","floor":12.0,"turns":3.0},{"damage":19.0,"enemies":"Lagavulin","floor":14.0,"turns":6.0},{"damage":24.0,"enemies":"The Guardian","floor":16.0,"turns":11.0},{"damage":11.0,"enemies":"Shell Parasite","floor":18.0,"turns":4.0},{"damage":22.0,"enemies":"2 Thieves","floor":22.0,"turns":4.0},{"damage":32.0,"enemies":"Slavers","floor":24.0,"turns":5.0},{"damage":8.0,"enemies":"Book of Stabbing","floor":27.0,"turns":4.0},{"damage":0.0,"enemies":"Cultist and Chosen","floor":29.0,"turns":5.0},{"damage":34.0,"enemies":"Centurion and Healer","floor":30.0,"turns":3.0},{"damage":0.0,"enemies":"Slavers","floor":31.0,"turns":3.0},{"damage":6,"enemies":"Collector","floor":33,"turns":8},{"damage":1,"enemies":"Orb Walker","floor":35,"turns":3},{"damage":16,"enemies":"3 Shapes","floor":36,"turns":6},{"damage":4,"enemies":"Sphere and 2 Shapes","floor":38,"turns":4},{"damage":14,"enemies":"Reptomancer","floor":40,"turns":5},{"damage":26,"enemies":"Giant Head","floor":42,"turns":6},{"damage":6,"enemies":"Reptomancer","floor":47,"turns":3},{"damage":0,"enemies":"Spire Growth","floor":48,"turns":3},{"damage":14,"enemies":"Time Eater","floor":50,"turns":5},{"damage":0,"enemies":"Donu and Deca","floor":51,"turns":5},{"damage":0,"enemies":"Shield and Spear","floor":55,"turns":3},{"damage":0,"enemies":"The Heart","floor":56,"turns":7}],"seed_played":"4569325654952395250","potions_obtained":[{"floor":5.0,"key":"PowerPotion"},{"floor":7.0,"key":"FairyPotion"},{"floor":12.0,"key":"Weak Potion"},{"floor":18.0,"key":"PowerPotion"},{"floor":24.0,"key":"SkillPotion"},{"floor":30.0,"key":"SmokeBomb"},{"floor":33,"key":"DistilledChaos"},{"floor":35,"key":"SkillPotion"},{"floor":40,"key":"ElixirPotion"},{"floor":55,"key":"Weak Potion"}],"is_trial":false,"path_per_floor":["M","?","?","M","M","R","E","M","T","E","R","M","R","E","R","B",null,"M","?","?","$","M","R","E","R","T","E","R","M","M","E","R","B",null,"M","M","?","M","$","E","R","E","T","R","$","R","E","M","R","B","B",null,"R","$","E","B",null],"character_chosen":"IRONCLAD","items_purchased":["Shrug It Off","AttackPotion","Lee\u0027s Waffle","Feel No Pain","Dead Branch"],"campfire_rested":3,"item_purchase_floors":[21,21,21,39,45],"current_hp_per_floor":[74,74,74,74,73,73,29,9,9,23,45,36,36,23,45,27,63,58,58,51,82,66,66,40,64,64,62,62,70,44,52,52,54,75,82,75,75,82,82,84,84,64,64,64,79,79,86,88,88,88,88,88,88,88,90,90],"gold":49,"neow_bonus":"THREE_RARE_CARDS","is_daily":false,"chose_seed":false,"campfire_upgraded":9,"win_rate":0.0,"timestamp":1612755187,"path_taken":["M","?","?","M","M","R","E","M","T","E","R","?","R","E","R","BOSS","M","?","?","$","M","R","E","R","T","E","R","M","M","E","R","BOSS","M","M","?","M","$","E","R","E","T","R","?","R","E","M","R","BOSS","BOSS","R","$","E","BOSS"],"items_purchased_type":["Card","Potion","Relic","Card","Relic"],"build_version":"2020-12-22","purchased_purges":3,"victory":true,"max_hp_per_floor":[75,75,75,75,75,75,75,75,75,75,75,75,75,75,75,75,75,75,75,75,82,82,82,82,82,82,82,82,82,82,82,82,82,82,82,82,82,82,82,84,84,84,84,84,84,84,86,88,88,88,88,88,88,88,90,90],"relic_stats":{"Lee\u0027s Waffle":16,"Singing Bowl":8,"counters":[28,129],"Self Forming Clay":[6],"CeramicFish":117,"Dead Branch":[168],"Smiling Mask":150,"Burning Blood":124,"Blood Vial":14,"Snecko Eye":[156,146,146,151],"MealTicket":30,"Art of War":[7],"obtain_stats":[{"Ice Cream":31,"Lee\u0027s Waffle":21,"Calipers":43,"Singing Bowl":40,"Self Forming Clay":47,"CeramicFish":9,"Dead Branch":45,"Oddly Smooth Stone":55,"Smiling Mask":10,"Burning Blood":0,"Blood Vial":27,"CaptainsWheel":14,"Anchor":42,"Snecko Eye":17,"MealTicket":7,"Art of War":24,"Coffee Dripper":34},{"Ice Cream":16,"Lee\u0027s Waffle":10,"Calipers":22,"Singing Bowl":21,"Self Forming Clay":23,"CeramicFish":5,"Dead Branch":22,"Oddly Smooth Stone":27,"Smiling Mask":6,"Burning Blood":0,"Blood Vial":13,"CaptainsWheel":8,"Anchor":22,"Snecko Eye":9,"MealTicket":4,"Art of War":12,"Coffee Dripper":17},{"Ice Cream":71,"Lee\u0027s Waffle":47,"Calipers":103,"Singing Bowl":97,"Self Forming Clay":106,"CeramicFish":20,"Dead Branch":103,"Oddly Smooth Stone":122,"Smiling Mask":23,"Burning Blood":0,"Blood Vial":60,"CaptainsWheel":32,"Anchor":103,"Snecko Eye":43,"MealTicket":16,"Art of War":56,"Coffee Dripper":79}]},"card_choices":[{"not_picked":["Exhume","Brutality"],"picked":"Immolate","floor":0.0},{"not_picked":["Iron Wave","Sword Boomerang"],"picked":"Ghostly Armor","floor":1.0},{"not_picked":["Carnage","Thunderclap"],"picked":"Headbutt","floor":4.0},{"not_picked":["Iron Wave","Sword Boomerang"],"picked":"Berserk","floor":5.0},{"not_picked":["Heavy Blade","Cleave"],"picked":"Double Tap","floor":7.0},{"not_picked":["Perfected Strike","Rampage","Body Slam"],"picked":"SKIP","floor":8.0},{"not_picked":["Seeing Red","Warcry","Ghostly Armor"],"picked":"SKIP","floor":10.0},{"not_picked":["Metallicize","Bloodletting","Heavy Blade"],"picked":"SKIP","floor":12.0},{"not_picked":["Intimidate","Warcry"],"picked":"Impervious","floor":14.0},{"not_picked":["Barricade","Impervious"],"picked":"Corruption","floor":16.0},{"not_picked":["Pummel","Havoc","Headbutt"],"picked":"SKIP","floor":18.0},{"not_picked":["Twin Strike+1","Warcry"],"picked":"Shrug It Off","floor":22.0},{"not_picked":["Limit Break","Entrench"],"picked":"Inflame","floor":24.0},{"not_picked":["Rage","Armaments"],"picked":"Whirlwind+1","floor":27.0},{"not_picked":["Hemokinesis","Twin Strike"],"picked":"Battle Trance","floor":29.0},{"not_picked":["Warcry","Heavy Blade","Searing Blow"],"picked":"SKIP","floor":30.0},{"not_picked":["Ghostly Armor+1","Cleave","Whirlwind"],"picked":"SKIP","floor":31.0},{"not_picked":["Limit Break","Juggernaut"],"picked":"Reaper","floor":33},{"not_picked":["Havoc","Wild Strike"],"picked":"True Grit+1","floor":35},{"not_picked":["Body Slam","Sword Boomerang"],"picked":"Uppercut","floor":36},{"not_picked":["Burning Pact","Juggernaut"],"picked":"Sentinel+1","floor":38},{"not_picked":["Uppercut","Body Slam","Perfected Strike"],"picked":"Singing Bowl","floor":40},{"not_picked":["Spot Weakness","Sentinel"],"picked":"Limit Break","floor":42},{"not_picked":["Sever Soul+1","Metallicize","Armaments"],"picked":"Singing Bowl","floor":47},{"not_picked":["Searing Blow+1","True Grit","Anger"],"picked":"Singing Bowl","floor":48},{"not_picked":["Iron Wave","Fire Breathing+1","Cleave"],"picked":"Singing Bowl","floor":55}],"player_experience":3060715,"relics_obtained":[{"floor":7.0,"key":"MealTicket"},{"floor":9.0,"key":"CeramicFish"},{"floor":10.0,"key":"Smiling Mask"},{"floor":14.0,"key":"CaptainsWheel"},{"floor":24.0,"key":"Art of War"},{"floor":27.0,"key":"Blood Vial"},{"floor":31.0,"key":"Ice Cream"},{"floor":40,"key":"Singing Bowl"},{"floor":42,"key":"Anchor"},{"floor":43,"key":"Calipers"},{"floor":47,"key":"Self Forming Clay"},{"floor":55,"key":"Oddly Smooth Stone"}],"event_choices":[{"damage_healed":0.0,"max_hp_gain":0.0,"max_hp_loss":0.0,"gold_gain":0.0,"event_name":"Living Wall","player_choice":"Grow","floor":2.0,"gold_loss":0.0,"damage_taken":0.0,"cards_upgraded":["Immolate"]},{"damage_healed":0.0,"max_hp_gain":0.0,"max_hp_loss":0.0,"gold_gain":0.0,"event_name":"Wheel of Change","player_choice":"Cursed","floor":3.0,"gold_loss":0.0,"damage_taken":0.0,"cards_obtained":["Decay"]},{"damage_healed":0.0,"max_hp_gain":0.0,"max_hp_loss":0.0,"gold_gain":0.0,"event_name":"Vampires","player_choice":"Ignored","floor":19.0,"gold_loss":0.0,"damage_taken":0.0},{"damage_healed":0.0,"max_hp_gain":0.0,"max_hp_loss":0.0,"gold_gain":50.0,"event_name":"FaceTrader","player_choice":"Touch","floor":20.0,"gold_loss":0.0,"damage_taken":7.0},{"cards_removed":["Strike_R"],"damage_healed":0,"gold_gain":0,"player_choice":"Offered Basic","damage_taken":0,"max_hp_gain":0,"max_hp_loss":0,"event_name":"Bonfire Elementals","floor":37,"gold_loss":0}],"is_beta":false,"boss_relics":[{"not_picked":["SlaversCollar","Runic Pyramid"],"picked":"Snecko Eye"},{"not_picked":["Tiny House","Sozu"],"picked":"Coffee Dripper"}],"items_purged_floors":[21,39,54],"is_endless":false,"potions_floor_spawned":[5,7,8,12,18,24,30,33,35,40,55],"ascension_level":20}}