{"host":"mg3e76uznu9x14du","time":1612761263,"event":{"mods":["BaseMod","Colored Map","Downfall","Minty Spire (QoL Compilation)","Permanent Neow","Relic Stats","Spire Arcade","StSLib","Waifu the Spire","everything is the same but u backflip on backflip"],"gold_per_floor":[99,113,127,138,138,163,163,163,63,63,83,100,0,12,25,121,121,121,131,131,18,32,44,124,11,11,11,46,46,57,91,104,104,104,104],"floor_reached":33,"language":"ENG","playtime":1417,"items_purged":["downfall:Bewildered","downfall:Bewildered"],"score":373,"play_id":"9b4289df-68e7-45d1-b6f4-ea889b86170f","local_time":"20210208001423","is_ascension_mode":true,"campfire_choices":[{"data":"champ:TripleStrike","floor":1,"key":"SMITH"},{"floor":9,"key":"REST"},{"data":"champ:PerfectedStrike","floor":13,"key":"SMITH"},{"floor":18,"key":"RECALL"},{"data":"champ:EnchantCrown","floor":29,"key":"SMITH"}],"circlet_count":0,"master_deck":["champ:Strike","champ:Strike","champ:Strike","champ:Defend+1","champ:Defend+1","champ:Execute+1","champ:Taunt","champ:TripleStrike+1","champ:PerfectedStrike+1","champ:BerserkersShout","champ:BladeFlurry","champ:RisingSlash","champ:MurderStrike","champ:CalledShot+1","champ:CrownThrow+1","champ:SwordSigil","champ:FlashCut+1","champ:AdrenalArmor","champ:EnchantCrown+1","champ:BladeFlurry+1","champ:BerserkersShout","champ:DefensiveShout","champ:RageSigil","champ:EnchantShield","champ:FlashCut+1","champ:AdrenalArmor+1","champ:CrookedStrike"],"relics":["champ:ChampionCrown","Singing Bowl","champ:LiftRelic","downfall:HeartBlessingBlue","downfall:HeartBlessingGreen","Astrolabe","Enchiridion","Darkstone Periapt","sneckomod:BabySnecko","hexamod:CandleOfCauterizing"],"acts_visited":["Exordium","TheCity"],"potions_floor_usage":[11,16,23,25,25,28,33,33],"damage_taken":[{"damage":4,"enemies":"Small Slimes","floor":2,"turns":2},{"damage":15,"enemies":"Jaw Worm","floor":3,"turns":4},{"damage":0,"enemies":"2 Louse","floor":4,"turns":2},{"damage":37,"enemies":"3 Sentries","floor":6,"turns":10},{"damage":20,"enemies":"Lots of Slimes","floor":11,"turns":3},{"damage":24,"enemies":"Blue Slaver","floor":12,"turns":3},{"damage":0,"enemies":"3 Louse","floor":14,"turns":3},{"damage":14,"enemies":"Large Slime","floor":15,"turns":4},{"damage":33,"enemies":"WA_ARCHETYPE_RETAIN","floor":16,"turns":5},{"damage":8,"enemies":"Chosen","floor":19,"turns":3},{"damage":30,"enemies":"downfall:FleeingMerchant","floor":21,"turns":4},{"damage":2,"enemies":"Spheric Guardian","floor":22,"turns":2},{"damage":55,"enemies":"3 Cultists","floor":23,"turns":4},{"damage":33,"enemies":"downfall:FleeingMerchant","floor":25,"turns":4},{"damage":38,"enemies":"Gremlin Leader","floor":28,"turns":6},{"damage":59,"enemies":"Centurion and Healer","floor":30,"turns":2},{"damage":33,"enemies":"downfall:FleeingMerchant","floor":31,"turns":1},{"damage":45,"enemies":"Snecko","floor":32,"turns":3},{"damage":69,"enemies":"DF_ARCHETYPE_CLAW","floor":33,"turns":3}],"seed_played":"6441098473226518306","potions_obtained":[{"floor":3,"key":"Fire Potion"},{"floor":14,"key":"Explosive Potion"},{"floor":15,"key":"Strength Potion"},{"floor":16,"key":"hexamod:SoulburnPotion"},{"floor":22,"key":"ColorlessPotion"},{"floor":23,"key":"sneckomod:MuddlingPotion"},{"floor":32,"key":"Fire Potion"}],"is_trial":false,"path_per_floor":["R","M","M","M","?","E","T","?","R","?","M","M","R","M","M","B",null,"R","M","?","$","M","M","T","$","?","?","E","R","M","$","M","B"],"character_chosen":"THE_CHAMP","items_purchased":["champ:AdrenalArmor","champ:BerserkersShout","champ:DefensiveShout","champ:CrookedStrike","Strength Potion","bronze:BurnAndBuffPotion"],"campfire_rested":1,"item_purchase_floors":[21,25,25,31,31,31],"current_hp_per_floor":[63,59,59,59,59,29,29,29,69,69,71,62,62,64,57,39,108,108,105,89,79,77,79,79,76,82,82,64,64,52,52,54,0,0,0],"gold":104,"neow_bonus":"THREE_RARE_CARDS","is_daily":false,"chose_seed":false,"campfire_upgraded":3,"win_rate":0.0,"timestamp":1612761263,"path_taken":["R","M","M","M","?","E","T","?","R","?","M","M","R","M","M","BOSS","R","M","?","$","M","M","T","$","?","?","E","R","?","$","M","BOSS"],"items_purchased_type":["Card","Card","Card","Card","Potion","Potion"],"build_version":"2020-12-22","purchased_purges":2,"victory":false,"max_hp_per_floor":[90,90,90,90,90,92,92,92,102,102,104,104,104,106,108,108,108,108,108,108,108,108,110,110,110,116,116,116,116,118,118,120,120,120,120],"relic_stats":{"Darkstone Periapt":6,"Singing Bowl":14,"counters":[19,68],"Astrolabe":["champ:CalledShot","champ:CrownThrow","downfall:Bewildered"],"obtain_stats":[{"Darkstone Periapt":24,"sneckomod:BabySnecko":26,"hexamod:CandleOfCauterizing":28,"Singing Bowl":6,"downfall:HeartBlessingBlue":9,"champ:LiftRelic":8,"Astrolabe":17,"Enchiridion":20,"champ:ChampionCrown":0,"downfall:HeartBlessingGreen":13},{"Darkstone Periapt":13,"sneckomod:BabySnecko":14,"hexamod:CandleOfCauterizing":15,"Singing Bowl":4,"downfall:HeartBlessingBlue":4,"champ:LiftRelic":4,"Astrolabe":9,"Enchiridion":10,"champ:ChampionCrown":0,"downfall:HeartBlessingGreen":6},{"Darkstone Periapt":49,"sneckomod:BabySnecko":53,"hexamod:CandleOfCauterizing":59,"Singing Bowl":18,"downfall:HeartBlessingBlue":18,"champ:LiftRelic":18,"Astrolabe":36,"Enchiridion":39,"champ:ChampionCrown":0,"downfall:HeartBlessingGreen":24}]},"card_choices":[{"not_picked":["champ:Improvising","champ:UltimateStance"],"picked":"champ:TripleStrike","floor":0},{"not_picked":["champ:FalseCounter","champ:Haymaker"],"picked":"champ:PerfectedStrike","floor":2},{"not_picked":["champ:Haymaker","champ:BringItOn"],"picked":"champ:BerserkersShout","floor":3},{"not_picked":["champ:IronFortress","champ:StanceDance"],"picked":"champ:BladeFlurry","floor":4},{"not_picked":["champ:EnragedBash","champ:DeathBlow","champ:Haymaker"],"picked":"Singing Bowl","floor":6},{"not_picked":["champ:DefensiveStyle","champ:ShieldWall","champ:TornadoPunch"],"picked":"Singing Bowl","floor":11},{"not_picked":["champ:Shatter","champ:FancyFootwork"],"picked":"champ:RisingSlash","floor":12},{"not_picked":["champ:Haymaker","champ:BringItOn","champ:GutPunch"],"picked":"Singing Bowl","floor":14},{"not_picked":["champ:AdrenalArmor","champ:HeartStrike","champ:EndlessRage"],"picked":"Singing Bowl","floor":15},{"not_picked":["champ:Devastate","champ:IgnorePain"],"picked":"champ:MurderStrike","floor":16},{"not_picked":["champ:PreciseThrust","champ:HeartStrike"],"picked":"champ:SwordSigil","floor":19},{"not_picked":["champ:BerserkersShout","champ:PreciseThrust"],"picked":"champ:FlashCut+1","floor":21},{"not_picked":["champ:Shatter","champ:FanOfKnives+1"],"picked":"champ:EnchantCrown","floor":22},{"not_picked":["champ:Circumvent+1","champ:StanceDance+1","champ:FalseCounter"],"picked":"Singing Bowl","floor":23},{"not_picked":["champ:ShieldWall","champ:TornadoPunch"],"picked":"champ:BladeFlurry+1","floor":25},{"not_picked":["champ:SwordSigil","champ:PreciseThrust"],"picked":"champ:FlashCut+1","floor":28},{"not_picked":["champ:ShieldSigil+1","champ:DeathBlow","champ:FanOfKnives"],"picked":"Singing Bowl","floor":30},{"not_picked":["champ:Parry+1","champ:BerserkersShout"],"picked":"champ:AdrenalArmor+1","floor":31},{"not_picked":["champ:DancingMaster","champ:FanOfKnives+1","champ:PerfectedStrike"],"picked":"Singing Bowl","floor":32}],"player_experience":519413,"relics_obtained":[{"floor":6,"key":"Singing Bowl"},{"floor":20,"key":"Enchiridion"},{"floor":24,"key":"Darkstone Periapt"},{"floor":28,"key":"hexamod:CandleOfCauterizing"}],"event_choices":[],"is_beta":false,"boss_relics":[{"not_picked":["Snecko Eye","Velvet Choker"],"picked":"Astrolabe"}],"items_purged_floors":[21,31],"is_endless":false,"potions_floor_spawned":[3,14,15,16,22,23,32],"killed_by":"DF_ARCHETYPE_CLAW","ascension_level":4}}