{"host":"2js2pxuugveqjuf7","time":1612820660,"event":{"mods":["BaseMod","Colored Map","Minty Spire (QoL Compilation)","Quick Restart","Random Character Button","Relic Stats","StSLib"],"gold_per_floor":[119,119,9,9,84,109,109,123,146,476,491,491,507,97,97,195,195,211,261,278,292,302,302,302,331,354,386,301,400,400,429,429,531,531,541,559,609,609,609,609,609,644,671,671,692,692,314,334,334,334,334],"floor_reached":50,"language":"ENG","playtime":7423,"items_purged":["Strike_G","Grand Finale"],"score":800,"play_id":"64ae54a0-746f-482f-860e-a7c2aac9a0ea","local_time":"20210208154420","is_ascension_mode":true,"campfire_choices":[{"data":"Well Laid Plans","floor":7.0,"key":"SMITH"},{"data":"Noxious Fumes","floor":12.0,"key":"SMITH"},{"data":"Predator","floor":15.0,"key":"SMITH"},{"data":"PiercingWail","floor":23.0,"key":"SMITH"},{"data":"Corpse Explosion","floor":30.0,"key":"SMITH"},{"data":"Blur","floor":32.0,"key":"SMITH"},{"data":"Adrenaline","floor":40.0,"key":"SMITH"},{"data":"Tactician","floor":44,"key":"SMITH"},{"data":"Footwork","floor":46,"key":"SMITH"},{"floor":49,"key":"RECALL"}],"circlet_count":0,"master_deck":["Defend_G+1","Defend_G","Defend_G+1","Defend_G+1","Defend_G+1","Survivor","Neutralize","Deadly Poison","Noxious Fumes+1","Blur+1","Well Laid Plans+1","Predator+1","PiercingWail","Leg Sweep","Dash","Corpse Explosion+1","Tools of the Trade+1","Masterful Stab+1","Unload+1","Deadly Poison+1","Outmaneuver","PiercingWail+1","Venomology","PiercingWail+1","Adrenaline+1","Backflip","Reflex+1","Tactician+1","Neutralize","Footwork+1","Acrobatics","Burst","Backflip+1","Setup+1","Catalyst+1","PiercingWail","Master of Strategy","Heel Hook+1"],"relics":["Ring of the Snake","NeowsBlessing","Lizard Tail","Art of War","Old Coin","Incense Burner","Astrolabe","Strawberry","Bag of Preparation","HornCleat","White Beast Statue","HoveringKite","Du-Vu Doll","CeramicFish","War Paint","Orrery"],"acts_visited":["Exordium","TheCity","TheBeyond"],"potions_floor_usage":[42,42,45,48,48,50,50],"damage_taken":[{"damage":0.0,"enemies":"2 Louse","floor":1.0,"turns":1.0},{"damage":0.0,"enemies":"3 Sentries","floor":6.0,"turns":2.0},{"damage":0.0,"enemies":"Jaw Worm","floor":8.0,"turns":1.0},{"damage":14.0,"enemies":"Lagavulin","floor":10.0,"turns":6.0},{"damage":0.0,"enemies":"Cultist","floor":11.0,"turns":3.0},{"damage":6.0,"enemies":"Blue Slaver","floor":13.0,"turns":4.0},{"damage":6.0,"enemies":"Hexaghost","floor":16.0,"turns":9.0},{"damage":0.0,"enemies":"Chosen","floor":18.0,"turns":5.0},{"damage":1.0,"enemies":"Spheric Guardian","floor":20.0,"turns":5.0},{"damage":0.0,"enemies":"Snecko","floor":21.0,"turns":5.0},{"damage":3.0,"enemies":"Sentry and Sphere","floor":22.0,"turns":5.0},{"damage":5.0,"enemies":"Slavers","floor":25.0,"turns":3.0},{"damage":19.0,"enemies":"Book of Stabbing","floor":27.0,"turns":6.0},{"damage":0.0,"enemies":"Gremlin Leader","floor":31.0,"turns":6.0},{"damage":19.0,"enemies":"Collector","floor":33.0,"turns":8.0},{"damage":0.0,"enemies":"Orb Walker","floor":35.0,"turns":4.0},{"damage":3.0,"enemies":"3 Shapes","floor":36.0,"turns":5.0},{"damage":43.0,"enemies":"2 Orb Walkers","floor":37.0,"turns":5.0},{"damage":89,"enemies":"Giant Head","floor":42,"turns":13},{"damage":3,"enemies":"Spire Growth","floor":45,"turns":7},{"damage":0,"enemies":"Jaw Worm Horde","floor":48,"turns":2},{"damage":17,"enemies":"Awakened One","floor":50,"turns":6}],"seed_played":"14791563024106271","potions_obtained":[{"floor":8.0,"key":"ColorlessPotion"},{"floor":11.0,"key":"FearPotion"},{"floor":13.0,"key":"DistilledChaos"},{"floor":18.0,"key":"Explosive Potion"},{"floor":22.0,"key":"Energy Potion"},{"floor":33.0,"key":"Regen Potion"},{"floor":37.0,"key":"DistilledChaos"},{"floor":42,"key":"Swift Potion"},{"floor":45,"key":"DistilledChaos"},{"floor":48,"key":"EssenceOfSteel"}],"is_trial":false,"path_per_floor":["M","?","$","?","?","E","R","M","T","E","M","R","M","$","R","B",null,"M","?","M","M","M","R","?","E","T","E","?","?","R","E","R","B",null,"M","M","?","?","?","R","?","E","T","R","M","R","$","M","R","B"],"character_chosen":"THE_SILENT","items_purchased":["Noxious Fumes","Blur","Incense Burner","Dash","Orrery","Master of Strategy"],"campfire_rested":0,"item_purchase_floors":[3,3,14,14,47,47],"current_hp_per_floor":[70,56,56,56,45,45,45,45,45,31,31,31,25,25,25,19,70,70,70,69,69,66,66,53,55,55,36,36,36,36,36,36,17,82,82,79,36,36,36,36,36,18,18,18,15,15,15,15,15,0,0],"gold":334,"neow_bonus":"THREE_ENEMY_KILL","is_daily":false,"chose_seed":false,"campfire_upgraded":9,"win_rate":0.0,"timestamp":1612820660,"path_taken":["M","?","$","?","?","E","R","M","T","E","?","R","M","$","R","BOSS","M","?","?","M","M","R","?","E","T","E","?","?","R","E","R","BOSS","M","M","?","?","?","R","?","E","T","R","?","R","?","M","R","BOSS"],"items_purchased_type":["Card","Card","Relic","Card","Relic","Card"],"build_version":"2020-12-22","purchased_purges":2,"victory":false,"max_hp_per_floor":[70,70,70,70,70,70,70,70,70,70,70,70,70,70,70,70,70,70,70,70,70,70,70,75,82,82,82,82,82,82,82,82,82,82,82,82,82,82,82,82,82,82,82,82,82,82,82,82,82,82,82],"relic_stats":{"Lizard Tail":41,"counters":[22,111],"Astrolabe":["Tools of the Trade","Masterful Stab","Unload"],"CeramicFish":81,"HoveringKite":[33],"Art of War":[25],"Bag of Preparation":[18],"War Paint":["Defend_G","Defend_G"],"obtain_stats":[{"NeowsBlessing":0,"Astrolabe":17,"CeramicFish":42,"HoveringKite":34,"Incense Burner":14,"Bag of Preparation":27,"War Paint":43,"White Beast Statue":31,"Old Coin":10,"Du-Vu Doll":37,"Lizard Tail":6,"HornCleat":28,"Strawberry":25,"Orrery":47,"Art of War":9,"Ring of the Snake":0},{"NeowsBlessing":0,"Astrolabe":7,"CeramicFish":19,"HoveringKite":15,"Incense Burner":6,"Bag of Preparation":13,"War Paint":19,"White Beast Statue":14,"Old Coin":4,"Du-Vu Doll":18,"Lizard Tail":2,"HornCleat":13,"Strawberry":12,"Orrery":20,"Art of War":3,"Ring of the Snake":0},{"NeowsBlessing":0,"Astrolabe":26,"CeramicFish":96,"HoveringKite":69,"Incense Burner":17,"Bag of Preparation":55,"War Paint":96,"White Beast Statue":61,"Old Coin":10,"Du-Vu Doll":83,"Lizard Tail":3,"HornCleat":55,"Strawberry":49,"Orrery":103,"Art of War":4,"Ring of the Snake":0}],"Ring of the Snake":[44]},"card_choices":[{"not_picked":["Underhanded Strike","Choke"],"picked":"Deadly Poison","floor":1.0},{"not_picked":["Skewer","Blade Dance"],"picked":"Well Laid Plans","floor":6.0},{"not_picked":["Bane","Endless Agony","Heel Hook"],"picked":"SKIP","floor":8.0},{"not_picked":["Skewer","Masterful Stab"],"picked":"Predator","floor":10.0},{"not_picked":["Underhanded Strike","Dodge and Roll"],"picked":"PiercingWail","floor":11.0},{"not_picked":["Finisher","Dodge and Roll"],"picked":"Leg Sweep","floor":13.0},{"not_picked":["A Thousand Cuts","Malaise"],"picked":"Corpse Explosion","floor":16.0},{"not_picked":["Distraction","Dagger Spray"],"picked":"Deadly Poison+1","floor":18.0},{"not_picked":["Sucker Punch","Deadly Poison","Concentrate"],"picked":"SKIP","floor":20.0},{"not_picked":["Riddle With Holes+1","Bane"],"picked":"Outmaneuver","floor":21.0},{"not_picked":["Cloak And Dagger","Leg Sweep"],"picked":"PiercingWail","floor":22.0},{"not_picked":["Cloak And Dagger+1","Expertise+1"],"picked":"Venomology","floor":25.0},{"not_picked":["Caltrops+1","Outmaneuver"],"picked":"PiercingWail+1","floor":27.0},{"not_picked":["Poisoned Stab","Outmaneuver","Prepared"],"picked":"SKIP","floor":31.0},{"not_picked":["Storm of Steel","Glass Knife"],"picked":"Adrenaline","floor":33.0},{"not_picked":["Outmaneuver","Underhanded Strike"],"picked":"Backflip","floor":35.0},{"not_picked":["Acrobatics","Prepared+1"],"picked":"Reflex+1","floor":36.0},{"not_picked":["Finisher+1","Prepared+1"],"picked":"Tactician","floor":37.0},{"not_picked":["Tools of the Trade","Terror+1"],"picked":"Footwork","floor":42},{"not_picked":["Blade Dance","Dash"],"picked":"Acrobatics","floor":45},{"not_picked":["Underhanded Strike+1","Dash+1"],"picked":"Burst","floor":47},{"not_picked":["Bane","Slice+1"],"picked":"Backflip+1","floor":47},{"not_picked":["Bane","Backstab"],"picked":"Setup+1","floor":47},{"not_picked":["Quick Slash","Dagger Throw"],"picked":"Catalyst+1","floor":47},{"not_picked":["Quick Slash+1","Caltrops+1"],"picked":"PiercingWail","floor":47},{"not_picked":["Cloak And Dagger+1","Endless Agony"],"picked":"Heel Hook+1","floor":48}],"player_experience":403486,"relics_obtained":[{"floor":6.0,"key":"Lizard Tail"},{"floor":9.0,"key":"Art of War"},{"floor":10.0,"key":"Old Coin"},{"floor":25.0,"key":"Strawberry"},{"floor":27.0,"key":"Bag of Preparation"},{"floor":31.0,"key":"White Beast Statue"},{"floor":37.0,"key":"Du-Vu Doll"},{"floor":42,"key":"CeramicFish"},{"floor":43,"key":"War Paint"}],"event_choices":[{"damage_healed":0.0,"max_hp_gain":0.0,"max_hp_loss":0.0,"gold_gain":0.0,"event_name":"Shining Light","player_choice":"Entered Light","floor":2.0,"gold_loss":0.0,"damage_taken":14.0,"cards_upgraded":["Defend_G","Defend_G"]},{"damage_healed":0.0,"max_hp_gain":0.0,"max_hp_loss":0.0,"gold_gain":0.0,"cards_transformed":["Strike_G"],"event_name":"Living Wall","player_choice":"Change","floor":4.0,"gold_loss":0.0,"damage_taken":0.0,"cards_obtained":["Grand Finale"]},{"damage_healed":0.0,"max_hp_gain":0.0,"max_hp_loss":0.0,"gold_gain":75.0,"event_name":"World of Goop","player_choice":"Gather Gold","floor":5.0,"gold_loss":0.0,"damage_taken":11.0},{"damage_healed":0.0,"max_hp_gain":0.0,"max_hp_loss":0.0,"gold_gain":100.0,"event_name":"The Joust","player_choice":"Bet on Murderer","floor":19.0,"gold_loss":50.0,"damage_taken":0.0},{"damage_healed":0.0,"max_hp_gain":5.0,"max_hp_loss":0.0,"gold_gain":0.0,"event_name":"Forgotten Altar","player_choice":"Shed Blood","floor":24.0,"gold_loss":0.0,"damage_taken":18.0},{"damage_healed":0.0,"max_hp_gain":0.0,"max_hp_loss":0.0,"gold_gain":0.0,"event_name":"Addict","player_choice":"Obtained Relic","floor":28.0,"gold_loss":85.0,"damage_taken":0.0,"relics_obtained":["HornCleat"]},{"damage_healed":0.0,"max_hp_gain":0.0,"max_hp_loss":0.0,"gold_gain":99.0,"event_name":"Nest","player_choice":"Stole From Cult","floor":29.0,"gold_loss":0.0,"damage_taken":0.0},{"damage_healed":0.0,"max_hp_gain":0.0,"max_hp_loss":0.0,"gold_gain":0.0,"event_name":"Mysterious Sphere","player_choice":"Fight","floor":37.0,"gold_loss":0.0,"damage_taken":0.0},{"damage_healed":0.0,"max_hp_gain":0.0,"max_hp_loss":0.0,"gold_gain":0.0,"event_name":"The Moai Head","player_choice":"Ignored","floor":38.0,"gold_loss":0.0,"damage_taken":0.0},{"damage_healed":0.0,"max_hp_gain":0.0,"max_hp_loss":0.0,"gold_gain":0.0,"event_name":"Tomb of Lord Red Mask","player_choice":"Ignored","floor":39.0,"gold_loss":0.0,"damage_taken":0.0},{"damage_healed":0,"gold_gain":0,"player_choice":"1 cards matched","damage_taken":0,"max_hp_gain":0,"max_hp_loss":0,"event_name":"Match and Keep!","floor":41,"gold_loss":0,"cards_obtained":["Neutralize"]}],"is_beta":false,"boss_relics":[{"not_picked":["Ectoplasm","Busted Crown"],"picked":"Astrolabe"},{"not_picked":["Runic Dome","Calling Bell"],"picked":"HoveringKite"}],"items_purged_floors":[14,47],"is_endless":false,"potions_floor_spawned":[8,11,13,18,20,22,33,35,36,37,42,45,48],"killed_by":"Awakened One","ascension_level":3}}