{"host":"9nzcajyrup44vdvf","time":1612788137,"event":{"mods":["2.2 Compatiblity","AchievementEnabler","AlwaysNeverKeys","BaseMod","Curses Come First","Downfall","Googly Eyes","Minty Spire (QoL Compilation)","Permanent Neow","Relic Stats","StSLib","SuperFastMode","everything is the same but u backflip on backflip","slay the spire mod where everything is the same but ironclad has a cowboy hat"],"gold_per_floor":[0,18,318,337,392,422,446,526,545,562,61,46,46,64,77,180,180,80,92,109,209,223,223,223,235,249,249,267,277,297,310,330,430,430,330,340,340,340,358,371,396,396,21,33,33,33,52,62,72,72,72,72],"floor_reached":50,"language":"ENG","playtime":4207,"items_purged":["downfall:Icky"],"score":756,"play_id":"519b3299-0b8d-4838-a843-e6bb1fccf83a","local_time":"20210208134217","is_ascension_mode":false,"campfire_choices":[{"data":"bronze:Replicate","floor":1,"key":"SMITH"},{"data":"expansioncontent:StudyTheSpire","floor":13,"key":"SMITH"},{"data":"bronze:Library","floor":18,"key":"SMITH"},{"floor":27,"key":"RECALL"},{"data":"bronze:CleanCode","floor":35,"key":"SMITH"},{"data":"bronze:Optimize","floor":46,"key":"SMITH"}],"circlet_count":0,"master_deck":["bronze:Strike","bronze:Strike+1","bronze:Strike","bronze:Strike","bronze:Defend","bronze:Defend","bronze:Defend+1","bronze:Defend","bronze:Replicate+1","bronze:Goto","bronze:BitShift+1","downfall:Icky","bronze:DelayedSlice","bronze:FineTuning","bronze:DelayedGuard","bronze:BronzeArmor","bronze:Allocate","bronze:InfiniteBeams","expansioncontent:StudyTheSpire+1","bronze:Optimize+1","bronze:WhirlingStrike+1","bronze:FineTuning","bronze:ClassDefault","bronze:Library+1","bronze:Library","bronze:BugBarrage+1","bronze:FineTuning","bronze:BitShift+1","bronze:Repair+1","bronze:BronzeOrb","bronze:CleanCode+1","bronze:Shield+1","bronze:Iterate+1","bronze:WildBeam","bronze:BuggyMess+1","bronze:Branch","bronze:FindAndReplace+1","bronze:FineTuning+1","downfall:Haunted","downfall:Haunted","downfall:Haunted","bronze:SpaghettiCode+1","bronze:Separator+1","bronze:Constructor+1","bronze:BitShift+1","bronze:FineTuning+1","bronze:Turbo+1","bronze:FindAndReplace+1","bronze:SpaghettiCode+1","downfall:Haunted","Parasite","bronze:Iterate","bronze:BitShift+1","bronze:FineTuning+1"],"relics":["bronze:PlatinumCore","Pocketwatch","War Paint","CaptainsWheel","MealTicket","Bag of Marbles","downfall:HeartBlessingBlue","FossilizedHelix","Toxic Egg 2","HornCleat","Lizard Tail","bronze:ElectromagneticCoil","downfall:HeartBlessingRed","bronze:BottledCode","Darkstone Periapt","Whetstone","Incense Burner"],"acts_visited":["Exordium","TheCity","TheBeyond"],"potions_floor_usage":[11,11,16,16,21,29,43,44,44,50],"damage_taken":[{"damage":2,"enemies":"Small Slimes","floor":2,"turns":3},{"damage":1,"enemies":"2 Louse","floor":4,"turns":3},{"damage":15,"enemies":"3 Sentries","floor":5,"turns":8},{"damage":24,"enemies":"Lagavulin","floor":6,"turns":8},{"damage":6,"enemies":"Jaw Worm","floor":9,"turns":2},{"damage":7,"enemies":"Blue Slaver","floor":10,"turns":3},{"damage":0,"enemies":"downfall:FleeingMerchant","floor":11,"turns":4},{"damage":15,"enemies":"downfall:FleeingMerchant","floor":12,"turns":4},{"damage":6,"enemies":"2 Fungi Beasts","floor":14,"turns":3},{"damage":15,"enemies":"Exordium Thugs","floor":15,"turns":4},{"damage":11,"enemies":"SI_SHIV_ARCHETYPE","floor":16,"turns":7},{"damage":18,"enemies":"Shell Parasite","floor":19,"turns":4},{"damage":10,"enemies":"Chosen","floor":20,"turns":3},{"damage":27,"enemies":"Colosseum Nobs","floor":21,"turns":4},{"damage":10,"enemies":"3 Cultists","floor":22,"turns":5},{"damage":26,"enemies":"Chosen and Byrds","floor":25,"turns":6},{"damage":0,"enemies":"Sentry and Sphere","floor":26,"turns":5},{"damage":9,"enemies":"Centurion and Healer","floor":28,"turns":7},{"damage":0,"enemies":"3 Cultists","floor":29,"turns":5},{"damage":0,"enemies":"Snecko","floor":30,"turns":4},{"damage":5,"enemies":"Centurion and Healer","floor":31,"turns":7},{"damage":0,"enemies":"Cultist and Chosen","floor":32,"turns":5},{"damage":61,"enemies":"WA_ARCHETYPE_CALM","floor":33,"turns":11},{"damage":0,"enemies":"Orb Walker","floor":36,"turns":3},{"damage":0,"enemies":"3 Darklings","floor":39,"turns":5},{"damage":16,"enemies":"Sphere and 2 Shapes","floor":40,"turns":3},{"damage":0,"enemies":"downfall:FleeingMerchant","floor":43,"turns":4},{"damage":20,"enemies":"Jaw Worm Horde","floor":44,"turns":3},{"damage":0,"enemies":"Writhing Mass","floor":47,"turns":5},{"damage":34,"enemies":"3 Darklings","floor":48,"turns":6},{"damage":27,"enemies":"Transient","floor":49,"turns":5},{"damage":75,"enemies":"IC_BLOCK_ARCHETYPE","floor":50,"turns":8}],"seed_played":"8304850721288575829","potions_obtained":[{"floor":5,"key":"champ:CounterPotion"},{"floor":6,"key":"CultistPotion"},{"floor":9,"key":"Regen Potion"},{"floor":14,"key":"Weak Potion"},{"floor":15,"key":"bronze:BuildAFunctionPotion"},{"floor":16,"key":"sneckomod:MuddlingPotion"},{"floor":20,"key":"Dexterity Potion"},{"floor":22,"key":"bronze:BurnAndBuffPotion"},{"floor":26,"key":"Fruit Juice"},{"floor":29,"key":"sneckomod:MuddlingPotion"},{"floor":33,"key":"champ:CounterPotion"},{"floor":36,"key":"LiquidMemories"},{"floor":44,"key":"FearPotion"}],"is_trial":false,"path_per_floor":["R","M","?","M","?","E","T","T","M","M","$","$","R","M","M","B",null,"R","M","M","?","M","T","T","M","M","R","M","M","M","M","M","B",null,"R","M","?","?","M","M","T","?","$","M","?","R","M","M","M","B"],"character_chosen":"THE_AUTOMATON","items_purchased":["Bag of Marbles","expansioncontent:StudyTheSpire","bronze:Optimize","bronze:WhirlingStrike","Incense Burner","bronze:FineTuning+1"],"campfire_rested":0,"item_purchase_floors":[11,11,11,11,43,43],"current_hp_per_floor":[70,68,68,67,52,28,28,28,22,15,44,44,44,38,23,12,70,80,62,52,25,15,15,15,40,50,50,71,85,85,85,85,34,85,85,85,75,93,93,77,77,77,93,83,89,89,105,81,64,0,0,0],"gold":72,"neow_bonus":"ONE_RARE_RELIC","is_daily":false,"chose_seed":false,"campfire_upgraded":5,"win_rate":0.0,"timestamp":1612788137,"path_taken":["R","M","?","M","?","E","T","?","M","M","?","$","R","M","M","BOSS","R","M","M","?","M","?","T","M","?","R","M","?","M","M","M","BOSS","R","M","?","?","M","M","T","?","$","M","?","R","M","?","M","BOSS"],"items_purchased_type":["Relic","Card","Card","Card","Relic","Card"],"build_version":"2020-12-22","purchased_purges":1,"victory":false,"max_hp_per_floor":[70,70,70,70,70,70,70,70,70,70,70,70,70,70,70,70,70,80,80,80,80,80,80,80,80,80,80,80,85,85,85,85,85,85,85,85,75,93,93,93,93,93,93,93,99,99,105,105,105,105,105,105],"relic_stats":{"Darkstone Periapt":30,"Lizard Tail":40,"counters":[32,157],"MealTicket":45,"Whetstone":["bronze:Strike","bronze:WhirlingStrike"],"War Paint":["bronze:Defend","bronze:BitShift"],"obtain_stats":[{"Darkstone Periapt":38,"bronze:PlatinumCore":17,"bronze:ElectromagneticCoil":34,"bronze:BronzeCore":0,"downfall:HeartBlessingRed":35,"Incense Burner":43,"Whetstone":41,"War Paint":5,"bronze:BottledCode":37,"CaptainsWheel":6,"Lizard Tail":24,"HornCleat":23,"downfall:HeartBlessingBlue":18,"MealTicket":7,"Bag of Marbles":11,"Toxic Egg 2":21,"FossilizedHelix":21,"Pocketwatch":0},{"Darkstone Periapt":24,"bronze:PlatinumCore":11,"bronze:ElectromagneticCoil":23,"bronze:BronzeCore":0,"downfall:HeartBlessingRed":23,"Incense Burner":27,"Whetstone":26,"War Paint":3,"bronze:BottledCode":24,"CaptainsWheel":4,"Lizard Tail":15,"HornCleat":15,"downfall:HeartBlessingBlue":11,"MealTicket":4,"Bag of Marbles":7,"Toxic Egg 2":14,"FossilizedHelix":14,"Pocketwatch":0},{"Darkstone Periapt":118,"bronze:PlatinumCore":49,"bronze:ElectromagneticCoil":115,"bronze:BronzeCore":0,"downfall:HeartBlessingRed":115,"Incense Burner":130,"Whetstone":126,"War Paint":14,"bronze:BottledCode":118,"CaptainsWheel":22,"Lizard Tail":65,"HornCleat":65,"downfall:HeartBlessingBlue":49,"MealTicket":22,"Bag of Marbles":31,"Toxic Egg 2":60,"FossilizedHelix":60,"Pocketwatch":0}],"Pocketwatch":[70]},"card_choices":[{"not_picked":["bronze:ForceShield","bronze:Overheat"],"picked":"bronze:BitShift","floor":2},{"not_picked":["bronze:DarkDash","bronze:FollowUp"],"picked":"bronze:DelayedSlice","floor":4},{"not_picked":["bronze:BuggyMess","bronze:OilSpill"],"picked":"bronze:FineTuning","floor":5},{"not_picked":["bronze:Shield","bronze:ForLoop"],"picked":"bronze:DelayedGuard","floor":6},{"not_picked":["bronze:BitShift","bronze:Shell"],"picked":"bronze:BronzeArmor","floor":9},{"not_picked":["bronze:Turbo","bronze:Iterate"],"picked":"bronze:Allocate","floor":10},{"not_picked":["bronze:Frontload","bronze:Shield"],"picked":"bronze:InfiniteBeams","floor":11},{"not_picked":["bronze:OilSpill","bronze:Iterate"],"picked":"bronze:FineTuning","floor":12},{"not_picked":["bronze:ForceShield","bronze:Shield"],"picked":"bronze:ClassDefault","floor":14},{"not_picked":["bronze:BugBarrage","bronze:WildBeam"],"picked":"bronze:Library","floor":15},{"not_picked":["bronze:CleanCode","bronze:HardenedForm"],"picked":"bronze:Library","floor":16},{"not_picked":["bronze:BitShift","bronze:Shield"],"picked":"bronze:BugBarrage+1","floor":19},{"not_picked":["bronze:Fortify","bronze:Repulsor"],"picked":"bronze:FineTuning","floor":20},{"not_picked":["bronze:WildBeam+1","bronze:CloningBeam"],"picked":"bronze:BitShift+1","floor":21},{"not_picked":["bronze:Turbo+1","bronze:Safeguard+1"],"picked":"bronze:Repair+1","floor":22},{"not_picked":["bronze:Branch+1","bronze:Return+1"],"picked":"bronze:BronzeOrb","floor":25},{"not_picked":["bronze:Deprecate+1","bronze:Overheat"],"picked":"bronze:CleanCode","floor":26},{"not_picked":["bronze:Allocate+1","bronze:DarkDash"],"picked":"bronze:Shield+1","floor":28},{"not_picked":["bronze:DelayedGuard+1","bronze:Fortify"],"picked":"bronze:Iterate+1","floor":29},{"not_picked":["bronze:DelayedGuard+1","bronze:Invalidate+1"],"picked":"bronze:WildBeam","floor":30},{"not_picked":["bronze:ChildClass+1","bronze:Turbo+1"],"picked":"bronze:BuggyMess+1","floor":31},{"not_picked":["bronze:ForceShield+1","bronze:Deprecate+1"],"picked":"bronze:Branch","floor":32},{"not_picked":["bronze:Break","bronze:RecursiveStrike"],"picked":"bronze:FindAndReplace+1","floor":33},{"not_picked":["bronze:Philosophize+1","bronze:Fortify+1"],"picked":"bronze:FineTuning+1","floor":36},{"not_picked":["bronze:BronzeArmor+1","bronze:Overheat"],"picked":"bronze:Separator+1","floor":39},{"not_picked":["bronze:DarkDash+1","bronze:Separator"],"picked":"bronze:Constructor+1","floor":40},{"not_picked":["bronze:DelayedSlice+1","bronze:InfiniteBeams"],"picked":"bronze:BitShift+1","floor":43},{"not_picked":["bronze:Boost+1","bronze:NullPointer+1"],"picked":"bronze:Turbo+1","floor":44},{"not_picked":["bronze:ThunderWave","bronze:Constructor+1"],"picked":"bronze:Iterate","floor":47},{"not_picked":["bronze:ItsAFeature","bronze:BuggyMess+1"],"picked":"bronze:BitShift+1","floor":48},{"not_picked":["bronze:Turbo+1","bronze:Deprecate+1"],"picked":"bronze:FineTuning+1","floor":49}],"player_experience":458811,"relics_obtained":[{"floor":5,"key":"War Paint"},{"floor":6,"key":"CaptainsWheel"},{"floor":7,"key":"MealTicket"},{"floor":21,"key":"FossilizedHelix"},{"floor":21,"key":"Toxic Egg 2"},{"floor":23,"key":"HornCleat"},{"floor":24,"key":"Lizard Tail"},{"floor":41,"key":"Whetstone"}],"event_choices":[{"damage_healed":0,"gold_gain":0,"player_choice":"Ignored","damage_taken":0,"max_hp_gain":0,"max_hp_loss":0,"event_name":"Mysterious Sphere","floor":42,"gold_loss":0}],"is_beta":false,"boss_relics":[{"not_picked":["Coffee Dripper","Runic Dome"],"picked":"bronze:PlatinumCore"},{"not_picked":["sneckomod:SneckoTalon","Snecko Eye"],"picked":"bronze:ElectromagneticCoil"}],"items_purged_floors":[11],"is_endless":false,"potions_floor_spawned":[5,6,9,14,15,16,20,22,26,29,33,36,39,40,44],"killed_by":"IC_BLOCK_ARCHETYPE","ascension_level":0}}