{"host":"yq7vhdvcv08g2502","time":1612767383,"event":{"mods":["BaseMod","Colored Powertips","Custom Start","Downfall","Minty Spire (QoL Compilation)","Quick Restart","StSLib"],"gold_per_floor":[99,110,110,20,20,20,20,30,30,30,41,59,76,61,78,177,177,177,193,207,207,207,207,207,220,220,238,258,258,271,288,301,301,301,301],"floor_reached":33,"language":"ENG","playtime":2206,"items_purged":["Guardian:Strike_Guardian"],"score":243,"play_id":"a7bb7025-b410-4a43-9346-9ba6f9a7e0bb","local_time":"20210208065623","is_ascension_mode":false,"campfire_choices":[{"data":"Guardian:TwinSlam","floor":1,"key":"SMITH"},{"data":"Guardian:BronzeArmor","floor":10,"key":"SMITH"},{"data":"Guardian:BodySlam","floor":18,"key":"SMITH"}],"circlet_count":0,"master_deck":["Guardian:Strike_Guardian","Guardian:Strike_Guardian","Guardian:Defend_Guardian","Guardian:Defend_Guardian","Guardian:CurlUp","Guardian:TwinSlam+1","Guardian:Gem_Lightblue","Guardian:BronzeArmor+1","Guardian:PiercingHide","Guardian:CrystalBeam","Guardian:PrimingBeam+1","Guardian:BodySlam+1","Guardian:Reroute","Guardian:ExploitGems","Guardian:BronzeOrb+1","Guardian:EvasiveProtocol","Guardian:GuardianWhirl","Guardian:Gem_Cyan","Guardian:Recover+1","Guardian:Gem_Lightblue","Guardian:Gem_Green","Guardian:TemporalShield+1","Guardian:PrismaticBarrier+1","Guardian:ArmoredProtocol+1"],"relics":["Guardian:ModeShifter","Guardian:PickAxe","Mummified Hand","Empty Cage","Pantograph"],"acts_visited":["Exordium","TheCity"],"potions_floor_usage":[16,16,16,27,32,33],"damage_taken":[{"damage":1,"enemies":"Jaw Worm","floor":2,"turns":4},{"damage":33,"enemies":"Jaw Worm","floor":3,"turns":6},{"damage":0,"enemies":"downfall:FleeingMerchant","floor":4,"turns":4},{"damage":4,"enemies":"Small Slimes","floor":8,"turns":5},{"damage":0,"enemies":"Cultist","floor":11,"turns":5},{"damage":0,"enemies":"Exordium Wildlife","floor":12,"turns":5},{"damage":6,"enemies":"Large Slime","floor":13,"turns":8},{"damage":3,"enemies":"downfall:FleeingMerchant","floor":14,"turns":4},{"damage":7,"enemies":"Gremlin Gang","floor":15,"turns":5},{"damage":4,"enemies":"SI_SHIV_ARCHETYPE","floor":16,"turns":8},{"damage":0,"enemies":"Spheric Guardian","floor":19,"turns":4},{"damage":0,"enemies":"3 Byrds","floor":20,"turns":3},{"damage":11,"enemies":"Shelled Parasite and Fungi","floor":25,"turns":3},{"damage":6,"enemies":"Sentry and Sphere","floor":27,"turns":5},{"damage":0,"enemies":"Snecko","floor":28,"turns":4},{"damage":7,"enemies":"Centurion and Healer","floor":30,"turns":7},{"damage":12,"enemies":"Cultist and Chosen","floor":31,"turns":6},{"damage":11,"enemies":"Shelled Parasite and Fungi","floor":32,"turns":5},{"damage":58,"enemies":"DF_ARCHETYPE_CLAW","floor":33,"turns":9}],"seed_played":"-8522959651804721586","potions_obtained":[{"floor":2,"key":"hexamod:SoulburnPotion"},{"floor":8,"key":"champ:CounterPotion"},{"floor":9,"key":"EssenceOfSteel"},{"floor":19,"key":"hexamod:SoulburnPotion"},{"floor":21,"key":"CultistPotion"},{"floor":25,"key":"Explosive Potion"},{"floor":32,"key":"GamblersBrew"}],"is_trial":false,"path_per_floor":["R","M","?","$","?","R","T","M","?","R","M","M","M","$","M","B",null,"R","M","M","?","?","?","T","M","R","M","M","R","M","M","M","B"],"character_chosen":"GUARDIAN","items_purchased":[],"campfire_rested":0,"item_purchase_floors":[],"current_hp_per_floor":[88,87,36,36,65,65,65,61,61,61,61,61,55,52,45,41,88,88,88,88,88,88,80,80,69,69,63,63,63,56,44,33,0,0,0],"gold":301,"neow_bonus":"TEN_PERCENT_HP_BONUS","is_daily":false,"chose_seed":false,"campfire_upgraded":3,"win_rate":0.0,"timestamp":1612767383,"path_taken":["R","M","?","$","?","R","T","M","?","R","M","?","M","$","M","BOSS","R","M","M","?","?","?","T","M","R","M","M","R","M","?","M","BOSS"],"items_purchased_type":[],"build_version":"2020-12-22","purchased_purges":1,"victory":false,"max_hp_per_floor":[88,88,88,88,88,88,88,88,88,88,88,88,88,88,88,88,88,88,88,88,88,88,88,88,88,88,88,88,88,88,88,88,88,88,88],"card_choices":[{"not_picked":["Guardian:Repulse","Guardian:CrystalBeam"],"picked":"Guardian:Gem_Lightblue","floor":2},{"not_picked":["Guardian:ShieldSpikes","Guardian:ShieldCharger"],"picked":"Guardian:BronzeArmor","floor":4},{"not_picked":["Guardian:HyperBeam_Guardian","Guardian:Gem_Crimson","Guardian:TemporalShield"],"picked":"SKIP","floor":8},{"not_picked":["Guardian:CrystalBeam","Guardian:Suspension"],"picked":"Guardian:PiercingHide","floor":11},{"not_picked":["Guardian:WalkerClaw","Guardian:TemporalShield"],"picked":"Guardian:CrystalBeam","floor":12},{"not_picked":["Guardian:Gem_Lightblue","Guardian:ChargeCore"],"picked":"Guardian:PrimingBeam","floor":13},{"not_picked":["Guardian:Preprogram","Guardian:Gem_Blue"],"picked":"Guardian:BodySlam","floor":14},{"not_picked":["Guardian:ConstructionForm","Guardian:Gem_Cyan"],"picked":"Guardian:Reroute","floor":15},{"not_picked":["Guardian:FastForward","Guardian:SphericShield"],"picked":"Guardian:ExploitGems","floor":16},{"not_picked":["Guardian:Incinerate","Guardian:Gem_Lightblue"],"picked":"Guardian:BronzeOrb+1","floor":19},{"not_picked":["Guardian:GuardianWhirl","Guardian:Gem_Lightblue"],"picked":"Guardian:EvasiveProtocol","floor":20},{"not_picked":["Guardian:Incinerate","Guardian:Gem_Lightblue"],"picked":"Guardian:GuardianWhirl","floor":25},{"not_picked":["Guardian:PrimingBeam+1","Guardian:TimeBomb","Guardian:SentryBeam"],"picked":"SKIP","floor":27},{"not_picked":["Guardian:DonusPower","Guardian:TimeCapacitor+1"],"picked":"Guardian:Recover+1","floor":28},{"not_picked":["Guardian:Reroute","Guardian:Planning"],"picked":"Guardian:TemporalShield+1","floor":30},{"not_picked":["Guardian:StasisStrike","Guardian:Gem_Green"],"picked":"Guardian:PrismaticBarrier+1","floor":31},{"not_picked":["Guardian:Gem_Lightblue","Guardian:ShieldSpikes"],"picked":"Guardian:ArmoredProtocol+1","floor":32}],"player_experience":134047,"relics_obtained":[{"floor":7,"key":"Mummified Hand"},{"floor":24,"key":"Pantograph"}],"event_choices":[{"damage_healed":29,"gold_gain":0,"player_choice":"Banana","damage_taken":0,"max_hp_gain":0,"max_hp_loss":0,"event_name":"Big Fish","floor":5,"gold_loss":0},{"damage_healed":0,"gold_gain":0,"player_choice":"Got Potions","damage_taken":0,"max_hp_gain":0,"max_hp_loss":0,"event_name":"Lab","floor":9,"gold_loss":0}],"is_beta":false,"boss_relics":[{"not_picked":["Runic Dome","Tiny House"],"picked":"Empty Cage"}],"items_purged_floors":[4],"is_endless":false,"potions_floor_spawned":[2,8,11,12,19,25,32],"killed_by":"DF_ARCHETYPE_CLAW","ascension_level":0}}