{"host":"c44ey07ufggfw2m8","time":1612797839,"event":{"mods":["2.2 Compatiblity","BaseMod","Colored Map","DeckTracker","Highlight Path","Keyboard Shortcuts","Minty Spire (QoL Compilation)","Permanent Neow","Quick Restart","StSLib","SuperFastMode","UnlockEverythingMod"],"gold_per_floor":[114,129,144,159,159,189,204,259,259,274,289,289,289,304,304,404,404,444,484,109,124,24,24,79,79,129,129,129,44,44,59,59,159,159,174,214,89,89,164,194,194,209,209,224,224,239,89,139,139,139],"floor_reached":51,"language":"KOR","playtime":1936,"items_purged":["Storm of Steel","A Thousand Cuts","Shame","Normality"],"score":861,"play_id":"3e52fd47-9ec1-40d0-b8f4-13f61cfb12b9","local_time":"20210209002359","daily_mods":["Shiny","Green Cards","Terminal"],"is_ascension_mode":false,"campfire_choices":[{"floor":12.0,"key":"REST"},{"floor":15,"key":"REST"},{"data":"Burst","floor":23,"key":"SMITH"},{"data":"Adrenaline","floor":25,"key":"SMITH"},{"data":"Vault","floor":27,"key":"SMITH"},{"data":"Omniscience","floor":32,"key":"SMITH"},{"data":"Alpha","floor":41,"key":"SMITH"},{"data":"Wraith Form v2","floor":45,"key":"SMITH"},{"data":"Adrenaline","floor":49,"key":"SMITH"}],"circlet_count":0,"master_deck":["Venomology","Corpse Explosion","Malaise","Phantasmal Killer","Die Die Die","Adrenaline+1","Envenom+1","Doppelganger","Burst+1","Wraith Form v2+1","Tools of the Trade","Night Terror+1","Unload","After Image","Bullet Time","Glass Knife+1","Judgement+1","ConjureBlade","MasterReality","Brilliance+1","Devotion","Blasphemy+1","Ragnarok+1","LessonLearned","Scrawl+1","Vault+1","Alpha+1","Wish+1","Omniscience+1","Establishment+1","SpiritShield+1","DevaForm+1","DeusExMachina","Prepared+1","Burst+1","Prepared+1","Writhe","Adrenaline+1","Secret Technique"],"relics":["PureWater","Darkstone Periapt","Ancient Tea Set","Calipers","Pen Nib","Cursed Key","Bag of Preparation","PreservedInsect","Oddly Smooth Stone","Bag of Marbles","MealTicket","Pantograph","Snecko Eye","Vajra","War Paint","Thread and Needle"],"acts_visited":["Exordium","TheCity","TheBeyond"],"potions_floor_usage":[16,21,33,33,39,50],"damage_taken":[{"damage":3.0,"enemies":"Small Slimes","floor":1.0,"turns":4.0},{"damage":0.0,"enemies":"2 Louse","floor":2.0,"turns":2.0},{"damage":1.0,"enemies":"Jaw Worm","floor":3.0,"turns":2.0},{"damage":10.0,"enemies":"Gremlin Gang","floor":4.0,"turns":4.0},{"damage":26.0,"enemies":"3 Sentries","floor":6.0,"turns":6.0},{"damage":1.0,"enemies":"Large Slime","floor":7.0,"turns":4.0},{"damage":2.0,"enemies":"Gremlin Nob","floor":8.0,"turns":6.0},{"damage":0.0,"enemies":"Blue Slaver","floor":10.0,"turns":1.0},{"damage":0.0,"enemies":"Looter","floor":11.0,"turns":1.0},{"damage":13,"enemies":"Lots of Slimes","floor":14,"turns":3},{"damage":1,"enemies":"Hexaghost","floor":16,"turns":5},{"damage":0,"enemies":"Chosen","floor":18,"turns":4},{"damage":0,"enemies":"3 Byrds","floor":19,"turns":4},{"damage":11,"enemies":"Centurion and Healer","floor":21,"turns":4},{"damage":0,"enemies":"Slavers","floor":24,"turns":3},{"damage":0,"enemies":"Snake Plant","floor":31,"turns":3},{"damage":0,"enemies":"Champ","floor":33,"turns":6},{"damage":10,"enemies":"3 Darklings","floor":35,"turns":3},{"damage":0,"enemies":"3 Shapes","floor":36,"turns":6},{"damage":1,"enemies":"Spire Growth","floor":39,"turns":5},{"damage":0,"enemies":"Nemesis","floor":40,"turns":1},{"damage":0,"enemies":"4 Shapes","floor":42,"turns":3},{"damage":5,"enemies":"Jaw Worm Horde","floor":44,"turns":2},{"damage":0,"enemies":"Sphere and 2 Shapes","floor":46,"turns":2},{"damage":1,"enemies":"Mind Bloom Boss Battle","floor":48,"turns":3},{"damage":10,"enemies":"Time Eater","floor":50,"turns":5}],"seed_played":"-2425098010432476902","potions_obtained":[{"floor":1.0,"key":"ColorlessPotion"},{"floor":4.0,"key":"Strength Potion"},{"floor":31,"key":"DistilledChaos"},{"floor":44,"key":"PowerPotion"}],"is_trial":false,"path_per_floor":["M","M","M","M","?","E","M","E","T","M","M","R","?","M","R","B",null,"M","M","$","M","$","R","E","R","T","R","?","?","?","M","R","B",null,"M","M","$","?","M","E","R","M","T","M","R","M","$","?","R","B",null],"character_chosen":"WATCHER","items_purchased":["Bag of Preparation","PreservedInsect"],"campfire_rested":2,"item_purchase_floors":[20,20],"current_hp_per_floor":[68,68,67,57,45,19,18,16,16,16,16,34,27,14,31,30,54,53,52,51,40,40,40,40,40,46,46,52,52,52,52,51,50,49,39,39,46,36,35,35,35,35,41,36,36,36,42,41,40,30],"gold":139,"neow_bonus":"","is_daily":true,"chose_seed":false,"campfire_upgraded":7,"win_rate":0.0,"timestamp":1612797839,"path_taken":["M","M","M","M","?","E","M","E","T","M","M","R","?","M","R","BOSS","M","M","$","M","$","R","E","R","T","R","?","?","?","M","R","BOSS","M","?","$","?","M","E","R","M","T","M","R","M","$","?","R","BOSS"],"items_purchased_type":["Relic","Relic"],"build_version":"2020-12-22","purchased_purges":4,"victory":true,"max_hp_per_floor":[70,69,68,67,66,65,64,63,62,61,60,59,58,57,56,55,54,53,52,51,50,49,48,47,46,51,50,55,54,53,52,51,50,49,48,47,46,45,44,43,42,41,46,45,44,43,42,41,40,39],"card_choices":[{"not_picked":["Caltrops","FlyingSleeves","Endless Agony"],"picked":"SKIP","floor":1.0},{"not_picked":["Cloak And Dagger","LikeWater","PathToVictory"],"picked":"SKIP","floor":2.0},{"not_picked":["FlurryOfBlows","Reflex"],"picked":"Prepared","floor":3.0},{"not_picked":["Heel Hook","Dagger Spray","CutThroughFate"],"picked":"SKIP","floor":4.0},{"not_picked":["CutThroughFate","Setup","Phantasmal Killer"],"picked":"SKIP","floor":6.0},{"not_picked":["JustLucky","Crescendo","Halt"],"picked":"SKIP","floor":7.0},{"not_picked":["Catalyst","BowlingBash","PathToVictory"],"picked":"SKIP","floor":8.0},{"not_picked":["WreathOfFlame","Tactician","Halt"],"picked":"SKIP","floor":10.0},{"not_picked":["Slice","Choke","Flying Knee"],"picked":"SKIP","floor":11.0},{"not_picked":["Glass Knife","Consecrate","JustLucky"],"picked":"SKIP","floor":14},{"not_picked":["Outmaneuver","Crippling Poison","Collect"],"picked":"SKIP","floor":18},{"not_picked":["Protect","Prepared","FollowUp+1"],"picked":"SKIP","floor":19},{"not_picked":["FlurryOfBlows","Prostrate"],"picked":"Burst","floor":21},{"not_picked":["PathToVictory+1","WreathOfFlame"],"picked":"Prepared+1","floor":24},{"not_picked":["Evaluate","Dagger Throw","EmptyFist"],"picked":"SKIP","floor":31},{"not_picked":["Scrawl","ConjureBlade"],"picked":"Adrenaline","floor":33},{"not_picked":["Halt+1","Backflip+1","FlurryOfBlows"],"picked":"SKIP","floor":35},{"not_picked":["Flying Knee+1","ClearTheMind","Dagger Throw+1"],"picked":"SKIP","floor":36},{"not_picked":["Discovery","Blind"],"picked":"Secret Technique","floor":38},{"not_picked":["Slice","Dagger Throw+1","FlyingSleeves+1"],"picked":"SKIP","floor":39},{"not_picked":["Tantrum+1","ThirdEye+1","Eviscerate"],"picked":"SKIP","floor":40},{"not_picked":["LikeWater+1","Protect+1","PiercingWail"],"picked":"SKIP","floor":42},{"not_picked":["Study","WreathOfFlame+1","Flying Knee"],"picked":"SKIP","floor":44},{"not_picked":["Weave","JustLucky+1","Vengeance+1"],"picked":"SKIP","floor":46}],"player_experience":119596,"relics_obtained":[{"floor":6.0,"key":"Ancient Tea Set"},{"floor":8.0,"key":"Calipers"},{"floor":9.0,"key":"Pen Nib"},{"floor":24,"key":"Oddly Smooth Stone"},{"floor":26,"key":"Bag of Marbles"},{"floor":40,"key":"Vajra"},{"floor":43,"key":"War Paint"},{"floor":48,"key":"Thread and Needle"}],"event_choices":[{"damage_healed":0.0,"max_hp_gain":0.0,"max_hp_loss":0.0,"gold_gain":0.0,"event_name":"Scrap Ooze","player_choice":"Success","floor":5.0,"gold_loss":0.0,"damage_taken":12.0,"relics_obtained":["Darkstone Periapt"]},{"cards_removed":["Grand Finale"],"damage_healed":0,"gold_gain":0,"player_choice":"Card Removal","damage_taken":7,"max_hp_gain":0,"max_hp_loss":0,"event_name":"Golden Wing","floor":13,"gold_loss":0},{"damage_healed":0,"gold_gain":0,"player_choice":"Opened","damage_taken":0,"relics_obtained":["MealTicket"],"max_hp_gain":0,"max_hp_loss":0,"event_name":"The Mausoleum","floor":28,"gold_loss":0,"cards_obtained":["Writhe"]},{"damage_healed":0,"gold_gain":0,"player_choice":"Obtained Relic","damage_taken":0,"relics_obtained":["Pantograph"],"max_hp_gain":0,"max_hp_loss":0,"event_name":"Addict","floor":29,"gold_loss":85},{"damage_healed":0,"gold_gain":0,"player_choice":"Ignored","damage_taken":0,"max_hp_gain":0,"max_hp_loss":0,"event_name":"N\u0027loth","floor":30,"gold_loss":0},{"damage_healed":0,"gold_gain":0,"player_choice":"Memory 3","damage_taken":10,"max_hp_gain":0,"max_hp_loss":0,"event_name":"SensoryStone","floor":38,"gold_loss":0},{"damage_healed":0,"gold_gain":0,"player_choice":"Fight","damage_taken":0,"max_hp_gain":0,"max_hp_loss":0,"event_name":"MindBloom","floor":48,"gold_loss":0}],"is_beta":false,"boss_relics":[{"not_picked":["Ectoplasm","Black Star"],"picked":"Cursed Key"},{"not_picked":["Tiny House","Fusion Hammer"],"picked":"Snecko Eye"}],"items_purged_floors":[20,22,37,47],"is_endless":false,"potions_floor_spawned":[1,4,11,14,21,31,35,39,44,46],"ascension_level":0}}