{"host":"2lo6hma6kymb0g9i","time":1612808916,"event":{"mods":["BaseMod","Colored Map","DeckTracker","Minty Spire (QoL Compilation)"],"gold_per_floor":[117,132,112,37,57,84,84,84,84,84,104,104,104,122,122,215,215,228,247,262,282,282,282,297,222,222,222,251,151,162,174,174,251,251,266,280,280,155,173,198,29,29,29],"floor_reached":42,"language":"JPN","playtime":3225,"items_purged":["Strike_G","Strike_G","Pain"],"score":1050,"play_id":"3a4a7061-980f-4124-a385-53da1f6bcd61","local_time":"20210209032836","is_ascension_mode":true,"campfire_choices":[{"data":"Bouncing Flask","floor":8.0,"key":"SMITH"},{"data":"Catalyst","floor":10.0,"key":"SMITH"},{"data":"Bouncing Flask","floor":12.0,"key":"SMITH"},{"floor":15.0,"key":"REST"},{"floor":23.0,"key":"REST"},{"floor":27.0,"key":"REST"},{"data":"Noxious Fumes","floor":32.0,"key":"SMITH"}],"circlet_count":0,"master_deck":["AscendersBane","Strike_G","Defend_G","Defend_G","Defend_G","Defend_G","Defend_G","Survivor","Neutralize","Bouncing Flask+1","Catalyst+1","Bouncing Flask+1","Noxious Fumes+1","Bullet Time","Well Laid Plans+1","Expertise","Wraith Form v2","Adrenaline","PiercingWail","Prepared+1","Night Terror"],"relics":["Ring of the Serpent","Thread and Needle","Shuriken","Bloody Idol","Kunai","Ninja Scroll","Orichalcum","Snecko Eye","WarpedTongs","The Specimen","Medical Kit"],"acts_visited":["Exordium","TheCity","TheBeyond"],"potions_floor_usage":[42],"damage_taken":[{"damage":0.0,"enemies":"2 Louse","floor":1.0,"turns":4.0},{"damage":0.0,"enemies":"Cultist","floor":2.0,"turns":4.0},{"damage":0.0,"enemies":"Jaw Worm","floor":5.0,"turns":4.0},{"damage":28.0,"enemies":"Gremlin Nob","floor":6.0,"turns":5.0},{"damage":1.0,"enemies":"3 Louse","floor":11.0,"turns":5.0},{"damage":4.0,"enemies":"Blue Slaver","floor":14.0,"turns":3.0},{"damage":11.0,"enemies":"Hexaghost","floor":16.0,"turns":7.0},{"damage":0.0,"enemies":"3 Byrds","floor":18.0,"turns":3.0},{"damage":21.0,"enemies":"2 Thieves","floor":19.0,"turns":4.0},{"damage":15.0,"enemies":"Centurion and Healer","floor":20.0,"turns":6.0},{"damage":24.0,"enemies":"Shelled Parasite and Fungi","floor":21.0,"turns":5.0},{"damage":17.0,"enemies":"Sentry and Sphere","floor":24.0,"turns":5.0},{"damage":0.0,"enemies":"Book of Stabbing","floor":28.0,"turns":4.0},{"damage":12.0,"enemies":"Centurion and Healer","floor":30.0,"turns":7.0},{"damage":4.0,"enemies":"Chosen and Byrds","floor":31.0,"turns":4.0},{"damage":15.0,"enemies":"Automaton","floor":33.0,"turns":9.0},{"damage":28.0,"enemies":"3 Shapes","floor":35.0,"turns":6.0},{"damage":0.0,"enemies":"Orb Walker","floor":36.0,"turns":2.0},{"damage":22.0,"enemies":"3 Darklings","floor":39.0,"turns":4.0},{"damage":0.0,"enemies":"Nemesis","floor":40.0,"turns":7.0},{"damage":27,"enemies":"Reptomancer","floor":42,"turns":2}],"seed_played":"1873957148261498082","potions_obtained":[{"floor":2.0,"key":"Block Potion"},{"floor":3.0,"key":"Ancient Potion"},{"floor":11.0,"key":"LiquidBronze"},{"floor":16.0,"key":"Explosive Potion"},{"floor":18.0,"key":"FairyPotion"},{"floor":19.0,"key":"SteroidPotion"},{"floor":28.0,"key":"SkillPotion"},{"floor":30.0,"key":"AttackPotion"},{"floor":39.0,"key":"Explosive Potion"}],"is_trial":false,"path_per_floor":["M","M","?","$","M","E","?","R","T","R","M","R","?","M","R","B",null,"M","M","M","M","?","R","M","?","T","R","E","$","M","M","R","B",null,"M","M","?","$","M","E","$","E"],"character_chosen":"THE_SILENT","items_purchased":["Medical Kit"],"campfire_rested":3,"item_purchase_floors":[41],"current_hp_per_floor":[44,44,44,44,44,16,16,16,16,16,15,15,15,11,29,18,50,50,29,14,11,11,29,17,17,17,35,40,40,33,34,34,24,51,28,33,33,33,16,21,21,0,0],"gold":29,"neow_bonus":"ONE_RARE_RELIC","is_daily":false,"chose_seed":false,"campfire_upgraded":4,"win_rate":0.0,"timestamp":1612808916,"path_taken":["M","M","?","?","M","E","?","R","T","R","M","R","?","?","R","BOSS","M","?","?","M","?","R","M","?","T","R","E","$","M","?","R","BOSS","M","?","?","$","M","E","$","E"],"items_purchased_type":["Relic"],"build_version":"2020-12-22","purchased_purges":3,"victory":false,"max_hp_per_floor":[66,66,66,66,66,66,60,60,60,60,60,60,60,60,60,60,60,60,60,60,60,60,60,60,60,60,60,60,60,60,60,60,60,60,60,60,60,60,60,60,60,60,60],"card_choices":[{"not_picked":["Dagger Throw","Sucker Punch"],"picked":"Bouncing Flask","floor":1.0},{"not_picked":["Deadly Poison","Dagger Throw","Terror"],"picked":"SKIP","floor":2.0},{"not_picked":["Masterful Stab","Caltrops"],"picked":"Catalyst","floor":5.0},{"not_picked":["Well Laid Plans","Blade Dance"],"picked":"Bouncing Flask","floor":6.0},{"not_picked":["Underhanded Strike","Dodge and Roll","Slice"],"picked":"SKIP","floor":11.0},{"not_picked":["Underhanded Strike","Crippling Poison"],"picked":"Noxious Fumes","floor":14.0},{"not_picked":["Storm of Steel","Glass Knife"],"picked":"Bullet Time","floor":16.0},{"not_picked":["Masterful Stab","Skewer","Crippling Poison"],"picked":"SKIP","floor":18.0},{"not_picked":["Flying Knee","Slice","Dodge and Roll+1"],"picked":"SKIP","floor":19.0},{"not_picked":["Dagger Throw","Grand Finale"],"picked":"Well Laid Plans+1","floor":20.0},{"not_picked":["Deadly Poison","Outmaneuver","Bane"],"picked":"SKIP","floor":21.0},{"not_picked":["Backstab","Underhanded Strike","Quick Slash"],"picked":"SKIP","floor":24.0},{"not_picked":["Dagger Spray","Storm of Steel","Quick Slash"],"picked":"SKIP","floor":28.0},{"not_picked":["Skewer","Slice","Reflex"],"picked":"SKIP","floor":30.0},{"not_picked":["Skewer","Slice","Reflex"],"picked":"SKIP","floor":30.0},{"not_picked":["Noxious Fumes","Reflex","Blade Dance"],"picked":"SKIP","floor":31.0},{"not_picked":["Venomology","Tools of the Trade"],"picked":"Adrenaline","floor":33.0},{"not_picked":["Acrobatics+1","Blade Dance","PiercingWail"],"picked":"SKIP","floor":35.0},{"not_picked":["Dagger Spray","Predator+1"],"picked":"PiercingWail","floor":36.0},{"not_picked":["Reflex","Backflip"],"picked":"Prepared+1","floor":39.0},{"not_picked":["Doppelganger","Terror"],"picked":"Night Terror","floor":40.0}],"player_experience":1150689,"relics_obtained":[{"floor":6.0,"key":"Shuriken"},{"floor":9.0,"key":"Kunai"},{"floor":26.0,"key":"Ninja Scroll"},{"floor":28.0,"key":"Orichalcum"},{"floor":40.0,"key":"The Specimen"}],"event_choices":[{"damage_healed":0.0,"max_hp_gain":0.0,"max_hp_loss":0.0,"gold_gain":0.0,"event_name":"The Woman in Blue","player_choice":"Bought 1 Potion","floor":3.0,"gold_loss":0.0,"damage_taken":0.0},{"damage_healed":0.0,"max_hp_gain":0.0,"max_hp_loss":6.0,"gold_gain":0.0,"event_name":"Golden Idol","player_choice":"Lose Max HP","floor":7.0,"gold_loss":0.0,"damage_taken":0.0,"relics_obtained":["Golden Idol"]},{"damage_healed":0.0,"max_hp_gain":0.0,"max_hp_loss":0.0,"gold_gain":0.0,"event_name":"Scrap Ooze","player_choice":"Fled","floor":13.0,"gold_loss":0.0,"damage_taken":0.0},{"damage_healed":0.0,"max_hp_gain":0.0,"max_hp_loss":0.0,"gold_gain":0.0,"event_name":"Forgotten Altar","player_choice":"Gave Idol","floor":22.0,"relics_lost":["Golden Idol"],"gold_loss":0.0,"damage_taken":0.0,"relics_obtained":["Bloody Idol"]},{"damage_healed":0.0,"max_hp_gain":0.0,"max_hp_loss":0.0,"gold_gain":0.0,"cards_transformed":["Strike_G","Strike_G"],"event_name":"Designer","player_choice":"Transformed Cards","floor":25.0,"gold_loss":75.0,"damage_taken":0.0,"cards_obtained":["Expertise","Wraith Form v2"]},{"damage_healed":0.0,"max_hp_gain":0.0,"max_hp_loss":0.0,"gold_gain":0.0,"event_name":"Accursed Blacksmith","player_choice":"Rummage","floor":37.0,"gold_loss":0.0,"damage_taken":0.0,"relics_obtained":["WarpedTongs"],"cards_obtained":["Pain"]}],"is_beta":false,"boss_relics":[{"not_picked":["Black Star","Busted Crown"],"picked":"Ring of the Serpent"},{"not_picked":["Calling Bell","HoveringKite"],"picked":"Snecko Eye"}],"items_purged_floors":[4,29,38],"is_endless":false,"potions_floor_spawned":[2,5,11,16,18,19,28,30,39],"killed_by":"Reptomancer","ascension_level":20}}