{"host":"dmtlrev5pkc1867p","time":1612788619,"event":{"mods":["A Magickal Journey","BaseMod","Colored Map","Colored Powertips","Downfall","Hermit","Highlight Path","Infinite Spire","Marisa¡]Ãú«B¡@Å]²z¨F¡^","Minty Spire (QoL Compilation)","Permanent Neow","Quick Restart","Rare Cards Sparkle","Relic Stats","Replay The Spire","StSLib","SuperFastMode","The Construct","The Cursed","The Disciple","The Hierophant","The Necromancer","The Runesmith","The Servant 0.9.4"],"gold_per_floor":[110,121,121,141,92,92,115,15,45,31,50,50,225,255,55,151,151,171,186,200,215,215,235,235,235,253,22,22,37,57,157,157,253,253,270,283,297,316,363,393,405,417,429,461,168,186,220,258,258,262,262,294,3,3,106,206],"floor_reached":57,"language":"ZHS","playtime":4928,"items_purged":["Voices","Doubt"],"score":2528,"play_id":"5f0298bb-bffa-4adf-83b8-814f89e49a60","local_time":"20210208205019","is_ascension_mode":true,"campfire_choices":[{"floor":6.0,"key":"RECALL"},{"data":"Cloudkill","floor":8.0,"key":"SMITH"},{"data":"Cloudkill","floor":12.0,"key":"SMITH"},{"floor":15.0,"key":"REST"},{"floor":32.0,"key":"REST"},{"floor":49,"key":"REST"},{"floor":54,"key":"REST"}],"circlet_count":0,"master_deck":["Defend_W+1","Defend_W+1","Defend_W+1","Negative_Energy_Arrows+1","Bone_Wall","Negative_Energy_Sphere","Plague_Bolt","Bone_Prison","Cloudkill+1","Summon_Undead_Army","Cloudkill+1","Negative_Energy_Mist","Summon_Undead_Army+1","Consume_Illness","Stop_Heart","Blood_Magic","Spectral_Armor+1","Life_Drain+1","Bone_Armor+1","Uncharnel+1","Negative_Energy_Sphere","Plague_Bolt","Blood_Is_Power","Uncharnel+1","Flesh_Made_Foul+1","Summon_Lich+1","Blood_Wake+1","Negative_Energy_Arrows","Pandemic","Cloudkill","Replay:Bootleg Shield Generator","Spectral_Armor","Siphon_Strength","Toxic_Smoke_Screen","Summon_Death_Knight","J.A.X.","Death_Knell","Skeleton_Dragon","Summon_Vampire_Lady","Summon_Undead_Army+1","Necrotic_Claws+1","Bone_Armor","Summon_Undead_Army+1","Bone_Shift+1","Life_Tap+1","Vampiric_Strike+1","Summon_Lich","Bone_Spikes","Bone_Bullets+1","Spectral_Armor+1","Plague_Bolt","Stop_Heart","Summon_Undead","Violent_Necrosis","Summon_Undead_Army","Negative_Energy_Mist","Summon_Vampire_Lady","Summon_Vampire_Lady"],"relics":["Vampire_Amulet","downfall:HeartBlessingBlue","Replay:Ringing Soul","ReplayTheSpireMod:CursedCoin","PreservedInsect","downfall:HeartBlessingGreen","downfall:HeartBlessingRed","Astrolabe","Painkiller Herb","Dream Catcher","Replay:Rubber Ducky","MutagenicStrength","expansioncontent:StudyCardRelic","MawBank","Replay:Bandana","Ice Cream","CaptainsWheel","infinitespire:Broken Mirror","Gremlin Food","Bag of Preparation"],"acts_visited":["Exordium","TheCity","TheBeyond","TheEnding"],"potions_floor_usage":[48],"damage_taken":[{"damage":0.0,"enemies":"Small Slimes","floor":1.0,"turns":3.0},{"damage":0.0,"enemies":"Cultist","floor":2.0,"turns":4.0},{"damage":0.0,"enemies":"2 Louse","floor":4.0,"turns":2.0},{"damage":0.0,"enemies":"downfall:FleeingMerchant","floor":5.0,"turns":4.0},{"damage":9.0,"enemies":"Gremlin Nob","floor":9.0,"turns":4.0},{"damage":2.0,"enemies":"downfall:FleeingMerchant","floor":10.0,"turns":4.0},{"damage":7.0,"enemies":"Exordium Wildlife","floor":11.0,"turns":3.0},{"damage":31.0,"enemies":"Lagavulin","floor":14.0,"turns":6.0},{"damage":21.0,"enemies":"IC_STATUS_ARCHETYPE","floor":16.0,"turns":6.0},{"damage":21.0,"enemies":"3 Byrds","floor":18.0,"turns":3.0},{"damage":19.0,"enemies":"Shell Parasite","floor":19.0,"turns":5.0},{"damage":55.0,"enemies":"3 Cultists","floor":20.0,"turns":5.0},{"damage":22.0,"enemies":"Snecko","floor":21.0,"turns":5.0},{"damage":19.0,"enemies":"Centurion and Healer","floor":23.0,"turns":6.0},{"damage":21.0,"enemies":"Cultist and Chosen","floor":26.0,"turns":5.0},{"damage":3.0,"enemies":"downfall:FleeingMerchant","floor":27.0,"turns":4.0},{"damage":6.0,"enemies":"3 Cultists","floor":29.0,"turns":4.0},{"damage":14.0,"enemies":"Centurion and Healer","floor":30.0,"turns":4.0},{"damage":16.0,"enemies":"downfall:Augmenter","floor":31.0,"turns":5.0},{"damage":37.0,"enemies":"SI_MIRROR_ARCHETYPE","floor":33.0,"turns":8.0},{"damage":24.0,"enemies":"Orb Walker","floor":35.0,"turns":3.0},{"damage":4.0,"enemies":"3 Shapes","floor":36.0,"turns":3.0},{"damage":12.0,"enemies":"Sphere and 2 Shapes","floor":37.0,"turns":5.0},{"damage":42.0,"enemies":"Transient","floor":38.0,"turns":5.0},{"damage":0.0,"enemies":"Writhing Mass","floor":40.0,"turns":5.0},{"damage":20.0,"enemies":"4 Shapes","floor":44.0,"turns":3.0},{"damage":4.0,"enemies":"downfall:FleeingMerchant","floor":45.0,"turns":4.0},{"damage":2,"enemies":"Maw","floor":46,"turns":5},{"damage":20,"enemies":"Transient","floor":47,"turns":5},{"damage":9,"enemies":"Nightmare","floor":48,"turns":5},{"damage":15,"enemies":"WA_ARCHETYPE_DIVINITY","floor":50,"turns":7},{"damage":64,"enemies":"downfall:CharBossMerchant","floor":52,"turns":7},{"damage":34,"enemies":"downfall:NeowBoss","floor":55,"turns":13},{"damage":8,"enemies":"downfall:NeowBossFinal","floor":56,"turns":10}],"seed_played":"-8244723182951659363","potions_obtained":[{"floor":4.0,"key":"Fire Potion"},{"floor":9.0,"key":"Elixir"},{"floor":18.0,"key":"Elixir"},{"floor":21.0,"key":"Block Potion"},{"floor":26.0,"key":"EssenceOfSteel"},{"floor":30.0,"key":"SkillPotion"},{"floor":33.0,"key":"Explosive Potion"},{"floor":36.0,"key":"bronze:BurnAndBuffPotion"},{"floor":39.0,"key":"champ:CounterPotion"},{"floor":46,"key":"Death Potion"},{"floor":48,"key":"SkillPotion"},{"floor":55,"key":"Block Potion"}],"is_trial":false,"path_per_floor":["M","M","?","M","$","R","T","R","E","$","M","R","?","E","R","B",null,"M","M","M","M","AVR","?","T","?","?","T","?","?","?","?","T","B",null,"?","?","?","?","?","?","T","AVR","?","?","T","?","?","NM","T","B",null,"E","T","T","B","B",null],"character_chosen":"NECROMANCER","items_purchased":["Summon_Undead_Army","ReplayTheSpireMod:CursedCoin","Summon_Undead_Army","Replay:Rubber Ducky","Blood_Wake","Summon_Lich","Bone_Spikes","CaptainsWheel","infinitespire:Broken Mirror","Violent_Necrosis","infinitespire:BlackPotion","Summon_Undead_Army"],"campfire_rested":4,"item_purchase_floors":[5,10,10,27,27,45,45,45,45,53,53,53],"current_hp_per_floor":[82,82,82,82,82,82,82,92,88,89,89,89,92,66,98,85,113,101,93,56,48,48,42,42,42,34,40,43,52,48,49,95,83,152,133,153,156,125,128,133,133,133,138,129,130,148,138,134,188,187,188,129,132,193,200,203],"gold":206,"neow_bonus":"TEN_PERCENT_HP_BONUS","is_daily":false,"chose_seed":false,"campfire_upgraded":2,"win_rate":0.0,"timestamp":1612788619,"path_taken":["M","M","?","M","$","R","T","R","E","$","?","R","?","E","R","BOSS","M","M","M","M","AVR","?","T","?","?","T","?","?","?","?","T","BOSS","?","?","?","?","?","?","T","AVR","?","?","T","?","?","NM","T","BOSS","E","T","T","BOSS","BOSS"],"items_purchased_type":["Card","Relic","Card","Relic","Card","Card","Card","Relic","Relic","Card","Potion","Card"],"build_version":"2020-12-22","purchased_purges":2,"victory":true,"max_hp_per_floor":[82,82,82,82,82,82,82,92,95,98,101,101,104,107,107,110,113,116,119,122,125,125,128,128,128,131,134,137,140,143,146,149,152,152,155,158,161,164,167,170,170,170,170,173,176,179,182,185,188,188,188,191,194,197,200,203],"relic_stats":{"Dream Catcher":3,"counters":[34,170],"Astrolabe":["Spectral_Armor","Life_Drain","Bone_Armor"],"PreservedInsect":238,"Bag of Preparation":[4],"MawBank":72,"obtain_stats":[{"Ice Cream":42,"Gremlin Food":48,"downfall:HeartBlessingRed":15,"ReplayTheSpireMod:CursedCoin":10,"Astrolabe":17,"downfall:HeartBlessingGreen":15,"Painkiller Herb":22,"PreservedInsect":14,"expansioncontent:StudyCardRelic":34,"Bag of Preparation":52,"MawBank":39,"Replay:Rubber Ducky":27,"Replay:Ringing Soul":9,"Dream Catcher":24,"Replay:Bandana":41,"CaptainsWheel":45,"downfall:HeartBlessingBlue":8,"infinitespire:Broken Mirror":45,"MutagenicStrength":31,"Vampire_Amulet":0},{"Ice Cream":25,"Gremlin Food":30,"downfall:HeartBlessingRed":8,"ReplayTheSpireMod:CursedCoin":6,"Astrolabe":9,"downfall:HeartBlessingGreen":8,"Painkiller Herb":13,"PreservedInsect":8,"expansioncontent:StudyCardRelic":20,"Bag of Preparation":32,"MawBank":24,"Replay:Rubber Ducky":16,"Replay:Ringing Soul":5,"Dream Catcher":14,"Replay:Bandana":25,"CaptainsWheel":27,"downfall:HeartBlessingBlue":4,"infinitespire:Broken Mirror":27,"MutagenicStrength":19,"Vampire_Amulet":0},{"Ice Cream":111,"Gremlin Food":133,"downfall:HeartBlessingRed":30,"ReplayTheSpireMod:CursedCoin":21,"Astrolabe":36,"downfall:HeartBlessingGreen":30,"Painkiller Herb":54,"PreservedInsect":30,"expansioncontent:StudyCardRelic":90,"Bag of Preparation":147,"MawBank":106,"Replay:Rubber Ducky":69,"Replay:Ringing Soul":17,"Dream Catcher":60,"Replay:Bandana":111,"CaptainsWheel":118,"downfall:HeartBlessingBlue":13,"infinitespire:Broken Mirror":118,"MutagenicStrength":82,"Vampire_Amulet":0}]},"card_choices":[{"not_picked":["Scare","Exploit"],"picked":"Negative_Energy_Sphere","floor":1.0},{"not_picked":["Death_Coil","Negative_Energy_Shield"],"picked":"Plague_Bolt","floor":2.0},{"not_picked":["Death_Coil","Negative_Energy_Sphere"],"picked":"Bone_Prison","floor":4.0},{"not_picked":["Scare","Negative_Energy_Javelin"],"picked":"Cloudkill","floor":5.0},{"not_picked":["Negative_Energy_Shield","Bones_to_Steel"],"picked":"Cloudkill","floor":9.0},{"not_picked":["Scare","Strike_from_Beyond"],"picked":"Negative_Energy_Mist","floor":10.0},{"not_picked":["Death_Coil","Exploit"],"picked":"Consume_Illness","floor":11.0},{"not_picked":["Whirlwind_of_Bones","Death_Coil"],"picked":"Stop_Heart","floor":14.0},{"not_picked":["Requiem","Detonate_Bones"],"picked":"Blood_Magic","floor":16.0},{"not_picked":["Slay_Living","Flesh_Made_Foul"],"picked":"Uncharnel+1","floor":18.0},{"not_picked":["Blood_Whip","Exploit"],"picked":"Negative_Energy_Sphere","floor":19.0},{"not_picked":["Shackles_Of_Pain","Negative_Energy_Sphere"],"picked":"Plague_Bolt","floor":20.0},{"not_picked":["Siphon_Strength","Death_Knell"],"picked":"Blood_Is_Power","floor":21.0},{"not_picked":["Flesh_Made_Foul","Death_Coil"],"picked":"Uncharnel+1","floor":23.0},{"not_picked":["Bone_Bullets","Blood_Magic"],"picked":"Flesh_Made_Foul+1","floor":26.0},{"not_picked":["Blood_Whip","Vampiric_Strike"],"picked":"Summon_Lich+1","floor":27.0},{"not_picked":["Consume_Illness","Bones_to_Steel"],"picked":"Spectral_Armor","floor":29.0},{"not_picked":["Death_Coil","Chill_Blood"],"picked":"Siphon_Strength","floor":30.0},{"not_picked":[],"picked":"J.A.X.","floor":31.0},{"not_picked":["Blood_Whip","Epidemic"],"picked":"Death_Knell","floor":31.0},{"not_picked":["Bone_Spikes","Toxic_Smoke_Screen"],"picked":"Skeleton_Dragon","floor":32.0},{"not_picked":["Hellfire","Summon_Death_Knight"],"picked":"Summon_Vampire_Lady","floor":33.0},{"not_picked":["Strike_from_Beyond","Death_Knell+1"],"picked":"Summon_Undead_Army+1","floor":35.0},{"not_picked":["Bone_Prison","Thousand_Bone_Knives+1"],"picked":"Necrotic_Claws+1","floor":36.0},{"not_picked":["Negative_Energy_Javelin+1","Death_Coil"],"picked":"Bone_Armor","floor":37.0},{"not_picked":["Toxic_Smoke_Screen","Death_March_Dance"],"picked":"Bone_Shift","floor":38.0},{"not_picked":["Deaths_Shadow","Blood_Is_Power"],"picked":"Summon_Undead_Army+1","floor":39.0},{"not_picked":["Bone_Armor","Chill_Blood"],"picked":"Bone_Shift+1","floor":39.0},{"not_picked":["Bone_Armor+1","Toxic_Smoke_Screen+1"],"picked":"Life_Tap+1","floor":40.0},{"not_picked":["Blood_Whip+1","Death_Knell"],"picked":"Vampiric_Strike+1","floor":44.0},{"not_picked":["Death_Coil+1","Toxic_Smoke_Screen+1"],"picked":"Bone_Bullets+1","floor":46},{"not_picked":["Bone_Bullets","Blood_Whip"],"picked":"Spectral_Armor+1","floor":47},{"not_picked":["Thousand_Bone_Knives","Reap_The_Weak"],"picked":"Plague_Bolt","floor":48},{"not_picked":["Toxic_Smoke_Screen","Blood_Whip"],"picked":"Stop_Heart","floor":49},{"not_picked":["Scare","Cloudkill"],"picked":"Summon_Undead","floor":52},{"not_picked":["Necromantic_Selection","Death_March_Dance"],"picked":"Negative_Energy_Mist","floor":54},{"not_picked":["Blood_Magic","Negative_Energy_Bomb"],"picked":"Summon_Vampire_Lady","floor":55},{"not_picked":["Negative_Energy_Bomb","Blood_Magic"],"picked":"Summon_Vampire_Lady","floor":56}],"player_experience":644590,"relics_obtained":[{"floor":9.0,"key":"Replay:Ringing Soul"},{"floor":14.0,"key":"PreservedInsect"},{"floor":24.0,"key":"Dream Catcher"},{"floor":31.0,"key":"MutagenicStrength"},{"floor":39.0,"key":"MawBank"},{"floor":41.0,"key":"Replay:Bandana"},{"floor":48,"key":"Gremlin Food"},{"floor":52,"key":"Bag of Preparation"}],"event_choices":[{"damage_healed":0.0,"max_hp_gain":0.0,"max_hp_loss":0.0,"gold_gain":0.0,"event_name":"Accursed Blacksmith","player_choice":"Forge","floor":3.0,"gold_loss":0.0,"damage_taken":0.0,"cards_upgraded":["Negative_Energy_Arrows"]},{"damage_healed":0.0,"max_hp_gain":0.0,"max_hp_loss":0.0,"gold_gain":0.0,"event_name":"Back to Basics","player_choice":"Simplicity","floor":25.0,"gold_loss":0.0,"damage_taken":0.0,"cards_upgraded":["Strike_W","Defend_W","Defend_W","Defend_W","Defend_W"]},{"cards_removed":["Bone_Shift"],"damage_healed":5.0,"max_hp_gain":0.0,"max_hp_loss":0.0,"gold_gain":0.0,"event_name":"Bonfire Elementals","player_choice":"Offered Common","floor":43.0,"gold_loss":0.0,"damage_taken":0.0},{"cards_removed":["Bone_Shift"],"damage_healed":5.0,"max_hp_gain":0.0,"max_hp_loss":0.0,"gold_gain":0.0,"event_name":"Bonfire Elementals","player_choice":"Offered Special","floor":43.0,"gold_loss":0.0,"damage_taken":0.0}],"is_beta":false,"boss_relics":[{"not_picked":["Empty Cage","Ring of Chaos"],"picked":"Astrolabe"},{"not_picked":["Runic Dome","infinitespire:Cupcake"],"picked":"expansioncontent:StudyCardRelic"}],"items_purged_floors":[10,22],"is_endless":true,"potions_floor_spawned":[4,9,18,21,26,30,33,36,37,40,46,48,55],"ascension_level":3}}