{"host":"cy3pd5cut10e7v8y","time":1612824572,"event":{"mods":["AchievementEnabler","Act Like it!","BaseMod","Colored Map","Colored Powertips","Koishi","Minty Spire (QoL Compilation)","StSLib","The Animator","Waifu the Spire"],"gold_per_floor":[217,217,217,25,100,123,123,146,146,17,17,40,40,215,215,341,341,354,254,274,98,133,133,166,166,166,166,81,45,45,61,61,165,165,184,0,14,14,37,37,87,57,57,77,1,1,1,21,21,21],"floor_reached":51,"language":"ENG","playtime":3967,"items_purged":["animator:Strike","Doubt","animator:Strike","animator:Strike"],"score":724,"play_id":"1af50dbd-627d-4b4f-a5bc-a07c2a34211e","local_time":"20210208234932","is_ascension_mode":false,"campfire_choices":[{"floor":7,"key":"REST"},{"data":"animator:LeleiLaLalena","floor":11,"key":"SMITH"},{"data":"animator:Arpeggio","floor":13,"key":"SMITH"},{"data":"animator:LizardPriest","floor":15,"key":"SMITH"},{"floor":23,"key":"REST"},{"data":"animator:Lu","floor":27,"key":"SMITH"},{"data":"animator:Giselle","floor":32,"key":"SMITH"},{"data":"animator:DolaSchwi","floor":40,"key":"SMITH"},{"data":"animator:Emilia","floor":49,"key":"SMITH"}],"circlet_count":0,"master_deck":["animator:Strike_GoblinSlayer","animator:Defend_GoblinSlayer+1","animator:Defend","animator:Defend","animator:LizardPriest+1","animator:DwarfShaman","animator:Ciel+1","animator:Arpeggio+1","animator:Lu+1","animator:ElricEdward","animator:LeleiLaLalena+1","animator:Jibril","animator:Envy","CurseOfTheBell","animator:DolaRiku","animator:ElricAlphonse","animator:Pride+1","animator:Giselle+1","animator:Aisha","animator:DolaSchwi+1","animator:Evileye+1","animator:Ain","animator:Emilia+1"],"relics":["animator:LivingPicture","animator:TheMissingPiece","Bloody Idol","Meat on the Bone","Calling Bell","War Paint","Sundial","Prayer Wheel","Red Mask","Juzu Bracelet","Pantograph","Lantern","animator:CursedGlyph","Coffee Dripper","Mango","Du-Vu Doll"],"acts_visited":["Exordium","TheCity","TheBeyond"],"potions_floor_usage":[16,18,22,22,31,33,33,50,50,50],"damage_taken":[{"damage":1,"enemies":"2 Louse","floor":1,"turns":3},{"damage":6,"enemies":"Jaw Worm","floor":6,"turns":5},{"damage":1,"enemies":"Small Slimes","floor":8,"turns":3},{"damage":7,"enemies":"Exordium Thugs","floor":12,"turns":3},{"damage":29,"enemies":"Slime Boss","floor":16,"turns":8},{"damage":9,"enemies":"Shell Parasite","floor":18,"turns":6},{"damage":3,"enemies":"Spheric Guardian","floor":20,"turns":4},{"damage":34,"enemies":"Masked Bandits","floor":22,"turns":3},{"damage":29,"enemies":"animator:HornedBat","floor":24,"turns":6},{"damage":10,"enemies":"Snake Plant","floor":31,"turns":4},{"damage":51,"enemies":"Collector","floor":33,"turns":9},{"damage":23,"enemies":"3 Darklings","floor":35,"turns":5},{"damage":22,"enemies":"Orb Walker","floor":37,"turns":4},{"damage":13,"enemies":"Spire Growth","floor":39,"turns":4},{"damage":8,"enemies":"Mind Bloom Boss Battle","floor":41,"turns":6},{"damage":33,"enemies":"3 Darklings","floor":44,"turns":5},{"damage":0,"enemies":"Transient","floor":48,"turns":5},{"damage":51,"enemies":"Time Eater","floor":50,"turns":11}],"seed_played":"7439476020358329312","potions_obtained":[{"floor":1,"key":"Weak Potion"},{"floor":8,"key":"PowerPotion"},{"floor":16,"key":"FearPotion"},{"floor":18,"key":"LiquidBronze"},{"floor":22,"key":"Block Potion"},{"floor":31,"key":"LiquidMemories"},{"floor":37,"key":"Dexterity Potion"},{"floor":41,"key":"Fire Potion"},{"floor":42,"key":"Regen Potion"},{"floor":42,"key":"SteroidPotion"}],"is_trial":false,"path_per_floor":["M","?","?","$","?","M","R","M","T","$","R","M","R","?","R","B",null,"M","$","M","$","?","R","E","?","T","R","?","$","?","M","R","B",null,"M","$","M","$","M","R","?","?","T","M","$","?","?","M","R","B",null],"character_chosen":"THE_ANIMATOR","items_purchased":["animator:Arpeggio","animator:Lu","animator:LeleiLaLalena","animator:Jibril","ColorlessPotion","animator:Pride","animator:Aisha","DuplicationPotion"],"campfire_rested":2,"item_purchase_floors":[4,4,10,10,21,29,36,45],"current_hp_per_floor":[65,65,49,49,38,32,51,50,50,50,50,43,43,43,43,26,66,57,57,54,54,32,51,34,34,34,34,34,34,34,41,41,28,62,44,44,39,39,48,48,73,73,73,45,45,45,45,50,50,45],"gold":21,"neow_bonus":"HUNDRED_GOLD","is_daily":false,"chose_seed":false,"campfire_upgraded":7,"win_rate":0.0,"timestamp":1612824572,"path_taken":["M","?","?","$","?","M","R","M","T","?","R","M","R","?","R","BOSS","M","$","M","$","?","R","E","?","T","R","?","?","?","M","R","BOSS","M","?","M","$","M","R","?","?","T","M","?","?","?","M","R","BOSS"],"items_purchased_type":["Card","Card","Card","Card","Potion","Card","Card","Potion"],"build_version":"2020-12-22","purchased_purges":4,"victory":true,"max_hp_per_floor":[66,66,66,66,66,66,66,66,66,66,66,66,66,66,66,66,66,66,66,66,66,66,66,66,66,66,66,66,66,66,62,62,62,62,62,62,62,62,62,62,76,76,76,76,76,76,76,76,76,76],"card_choices":[{"not_picked":["animator:Pride","animator:Raven"],"picked":"animator:Ciel","floor":1},{"not_picked":["animator:Jibril","animator:DolaCouronne","animator:CowGirl"],"picked":"SKIP","floor":6},{"not_picked":["animator:DolaSchwi","animator:DolaStephanie"],"picked":"animator:ElricEdward","floor":8},{"not_picked":["animator:GoblinSlayer","animator:Boros"],"picked":"animator:Envy","floor":16},{"not_picked":["animator:Lu","animator:Laby"],"picked":"animator:DolaRiku","floor":18},{"not_picked":["animator:IzunaHatsuse","animator:Jibril+1"],"picked":"animator:ElricAlphonse","floor":18},{"not_picked":["animator:HighElfArcher","animator:Jibril+1","animator:Elsword+1"],"picked":"SKIP","floor":20},{"not_picked":["animator:CowGirl+1","animator:Shalltear","animator:Demiurge"],"picked":"SKIP","floor":20},{"not_picked":["animator:Albedo","animator:TukaLunaMarceau","animator:WinryRockbell+1"],"picked":"SKIP","floor":24},{"not_picked":["animator:Tyuule","animator:LeleiLaLalena"],"picked":"animator:Giselle","floor":31},{"not_picked":["animator:LizardPriest","animator:Rena+1","animator:ElricEdward"],"picked":"SKIP","floor":31},{"not_picked":["animator:Cocytus+1","animator:MumenRider+1","animator:Sloth"],"picked":"SKIP","floor":35},{"not_picked":["animator:Tet","animator:DolaCouronne+1","animator:ElricAlphonse+1"],"picked":"SKIP","floor":35},{"not_picked":["animator:Tyuule","animator:ElricEdward","animator:Sloth"],"picked":"SKIP","floor":37},{"not_picked":["animator:Genos","animator:Tyuule+1","animator:Elsword"],"picked":"SKIP","floor":37},{"not_picked":["animator:SilverFang+1","animator:Shalltear+1"],"picked":"animator:DolaSchwi","floor":39},{"not_picked":["animator:Sebas+1","animator:Jibril+1"],"picked":"animator:Evileye+1","floor":39},{"not_picked":["animator:Laby","animator:Add"],"picked":"animator:Ain","floor":44},{"not_picked":["animator:Shalltear+1","animator:Kuribayashi+1","animator:ElricEdward"],"picked":"SKIP","floor":44},{"not_picked":["animator:MisakiNakahara","animator:Kagari"],"picked":"animator:Emilia","floor":47},{"not_picked":["animator:Tatsumaki","animator:Elsword+1","animator:Lu"],"picked":"SKIP","floor":48},{"not_picked":["animator:Tyuule+1","animator:Jibril+1","animator:MetalKnight+1"],"picked":"SKIP","floor":48}],"player_experience":172696,"relics_obtained":[{"floor":9,"key":"Meat on the Bone"},{"floor":17,"key":"War Paint"},{"floor":17,"key":"Sundial"},{"floor":17,"key":"Prayer Wheel"},{"floor":22,"key":"Red Mask"},{"floor":24,"key":"Juzu Bracelet"},{"floor":26,"key":"Pantograph"},{"floor":31,"key":"animator:CursedGlyph"},{"floor":41,"key":"Mango"},{"floor":43,"key":"Du-Vu Doll"}],"event_choices":[{"cards_removed":["animator:Defend"],"damage_healed":0,"gold_gain":0,"player_choice":"Forget","damage_taken":0,"max_hp_gain":0,"max_hp_loss":0,"event_name":"Living Wall","floor":2,"gold_loss":0},{"damage_healed":0,"gold_gain":0,"player_choice":"Take Damage","damage_taken":16,"relics_obtained":["Golden Idol"],"max_hp_gain":0,"max_hp_loss":0,"event_name":"Golden Idol","floor":3,"gold_loss":0},{"damage_healed":0,"gold_gain":75,"player_choice":"Gather Gold","damage_taken":11,"max_hp_gain":0,"max_hp_loss":0,"event_name":"World of Goop","floor":5,"gold_loss":0},{"damage_healed":0,"gold_gain":175,"player_choice":"AGREE","damage_taken":0,"max_hp_gain":0,"max_hp_loss":0,"event_name":"Liars Game","floor":14,"gold_loss":0,"cards_obtained":["Doubt"]},{"damage_healed":0,"gold_gain":0,"player_choice":"Fought Bandits","damage_taken":0,"max_hp_gain":0,"max_hp_loss":0,"event_name":"Masked Bandits","floor":22,"gold_loss":0},{"damage_healed":0,"gold_gain":0,"player_choice":"Gave Idol","damage_taken":0,"relics_obtained":["Bloody Idol"],"max_hp_gain":0,"max_hp_loss":0,"event_name":"Forgotten Altar","floor":25,"relics_lost":["Golden Idol"],"gold_loss":0},{"damage_healed":0,"gold_gain":0,"player_choice":"Obtained Relic","damage_taken":0,"relics_obtained":["Lantern"],"max_hp_gain":0,"max_hp_loss":0,"event_name":"Addict","floor":28,"gold_loss":85},{"damage_healed":0,"gold_gain":0,"player_choice":"Upgraded","damage_taken":0,"max_hp_gain":0,"max_hp_loss":0,"event_name":"Upgrade Shrine","floor":30,"gold_loss":0,"cards_upgraded":["animator:Pride"]},{"damage_healed":0,"gold_gain":0,"player_choice":"Fight","damage_taken":0,"max_hp_gain":0,"max_hp_loss":0,"event_name":"MindBloom","floor":41,"gold_loss":0},{"damage_healed":0,"gold_gain":0,"player_choice":"Bought 2 Potions","damage_taken":0,"max_hp_gain":0,"max_hp_loss":0,"event_name":"The Woman in Blue","floor":42,"gold_loss":0},{"damage_healed":0,"gold_gain":0,"player_choice":"Ignored","damage_taken":0,"max_hp_gain":0,"max_hp_loss":0,"event_name":"Tomb of Lord Red Mask","floor":46,"gold_loss":0},{"damage_healed":0,"gold_gain":0,"player_choice":"Memory 1","damage_taken":0,"max_hp_gain":0,"max_hp_loss":0,"event_name":"SensoryStone","floor":47,"gold_loss":0}],"is_beta":false,"boss_relics":[{"not_picked":["Black Star","Runic Dome"],"picked":"Calling Bell"},{"not_picked":["Mark of Pain","Fusion Hammer"],"picked":"Coffee Dripper"}],"items_purged_floors":[4,19,21,36],"is_endless":false,"potions_floor_spawned":[1,8,16,18,22,31,37,41],"ascension_level":0}}