{"host":"2q82lssse0ckn8xu","time":1612790917,"event":{"mods":["AchievementEnabler","BaseMod","Colored Map","Colored Powertips","Minty Spire (QoL Compilation)","Permanent Neow","Quick Restart","StSLib","The Saiyan","Unceasing Turn Reminder"],"gold_per_floor":[18,18,32,46,63,94,94,124,124,142,142,159,178,207,207,305,305,319,319,345,40,40,40,71,71,71,102,120,130,141,159,159,261,261,274,274,285,285,285,285,318,30,30,30,43,68,80,90,90,90],"floor_reached":51,"language":"ENG","playtime":4126,"items_purged":[],"score":841,"play_id":"8932a3fb-6b65-4c36-abb8-0af461d8d53d","local_time":"20210208185837","is_ascension_mode":true,"campfire_choices":[{"data":"Saiyan:KameHameHa","floor":7.0,"key":"SMITH"},{"floor":11.0,"key":"REST"},{"data":"Saiyan:SuperSaiyanForm","floor":15.0,"key":"SMITH"},{"floor":23.0,"key":"REST"},{"data":"Saiyan:ConcussiveBlow","floor":25.0,"key":"SMITH"},{"data":"Saiyan:PowerUp","floor":32.0,"key":"SMITH"},{"data":"Saiyan:MindBoom","floor":40.0,"key":"SMITH"},{"floor":44.0,"key":"REST"},{"floor":49,"key":"REST"}],"circlet_count":0,"master_deck":["Saiyan:SAIYA_Strike+1","Saiyan:SAIYA_Strike+1","Saiyan:SAIYA_Strike+1","Saiyan:SAIYA_Defend+1","Saiyan:SAIYA_Defend+1","Saiyan:EnergyBlast","Saiyan:KaioKen+1","Saiyan:RuthlessBlow","Saiyan:KameHameHa+1","Saiyan:Medicine","Saiyan:Flurry","Saiyan:FingerParry+1","Saiyan:PowerUp+1","Saiyan:SuperSaiyanForm+1","Saiyan:Makankosappo","Saiyan:ConcussiveBlow+1","Saiyan:PressOn","Saiyan:KiExplosion","Saiyan:GhostAttack","Saiyan:Planning+1","Saiyan:Planning","Saiyan:Flurry","Saiyan:Quickening+1","Saiyan:ExpandingShockwave+1","Saiyan:Expend","Saiyan:TurtleShell","Saiyan:Teleport","Saiyan:MindBoom+1","Saiyan:SuperSaiyanForm","Saiyan:PowerStance"],"relics":["SaiyanSoul","SaiyanHeart","Smiling Mask","War Paint","Meat on the Bone","Ornamental Fan","SlaversCollar","Red Mask","Lizard Tail","Blood Vial","Bottled Lightning","Pen Nib","Black Star","The Courier","Pantograph","Happy Flower","Lantern","Pocketwatch","InkBottle","Sundial"],"acts_visited":["Exordium","TheCity","TheBeyond"],"potions_floor_usage":[50,50,50,50],"damage_taken":[{"damage":0.0,"enemies":"Cultist","floor":1.0,"turns":2.0},{"damage":12.0,"enemies":"Small Slimes","floor":3.0,"turns":2.0},{"damage":0.0,"enemies":"Jaw Worm","floor":4.0,"turns":3.0},{"damage":12.0,"enemies":"Exordium Wildlife","floor":5.0,"turns":5.0},{"damage":17.0,"enemies":"3 Sentries","floor":6.0,"turns":8.0},{"damage":14.0,"enemies":"Gremlin Nob","floor":8.0,"turns":5.0},{"damage":11.0,"enemies":"3 Louse","floor":10.0,"turns":4.0},{"damage":2.0,"enemies":"Blue Slaver","floor":12.0,"turns":4.0},{"damage":0.0,"enemies":"Looter","floor":13.0,"turns":3.0},{"damage":6.0,"enemies":"3 Sentries","floor":14.0,"turns":9.0},{"damage":21.0,"enemies":"Slime Boss","floor":16.0,"turns":9.0},{"damage":0.0,"enemies":"3 Byrds","floor":18.0,"turns":6.0},{"damage":39.0,"enemies":"Masked Bandits","floor":20.0,"turns":4.0},{"damage":22.0,"enemies":"Gremlin Leader","floor":24.0,"turns":5.0},{"damage":12.0,"enemies":"Book of Stabbing","floor":27.0,"turns":4.0},{"damage":0.0,"enemies":"Spheric Guardian","floor":28.0,"turns":3.0},{"damage":0.0,"enemies":"3 Cultists","floor":29.0,"turns":6.0},{"damage":0.0,"enemies":"Centurion and Healer","floor":30.0,"turns":4.0},{"damage":12.0,"enemies":"Snake Plant","floor":31.0,"turns":5.0},{"damage":65.0,"enemies":"Champ","floor":33.0,"turns":9.0},{"damage":5.0,"enemies":"Orb Walker","floor":35.0,"turns":3.0},{"damage":4.0,"enemies":"3 Shapes","floor":37.0,"turns":7.0},{"damage":53.0,"enemies":"Reptomancer","floor":41.0,"turns":7.0},{"damage":10.0,"enemies":"Spire Growth","floor":45.0,"turns":4.0},{"damage":35.0,"enemies":"Giant Head","floor":46.0,"turns":8.0},{"damage":11.0,"enemies":"4 Shapes","floor":47.0,"turns":7.0},{"damage":55,"enemies":"Transient","floor":48,"turns":5},{"damage":31,"enemies":"Time Eater","floor":50,"turns":8}],"seed_played":"8461793424236854568","potions_obtained":[{"floor":5.0,"key":"FearPotion"},{"floor":8.0,"key":"Strength Potion"},{"floor":13.0,"key":"SpeedPotion"},{"floor":14.0,"key":"EntropicBrew"},{"floor":16.0,"key":"AttackPotion"},{"floor":28.0,"key":"SkillPotion"},{"floor":29.0,"key":"Ancient Potion"},{"floor":33.0,"key":"BlessingOfTheForge"},{"floor":41.0,"key":"DistilledChaos"},{"floor":48,"key":"LiquidMemories"}],"is_trial":false,"path_per_floor":["M","$","M","M","M","E","R","E","T","M","R","M","M","E","R","B",null,"M","?","?","$","?","R","E","R","T","E","M","M","M","M","R","B",null,"M","?","M","?","?","R","E","$","T","R","M","E","M","M","R","B",null],"character_chosen":"SAIYAJIN","items_purchased":["Lizard Tail","Happy Flower","Saiyan:SuperSaiyanForm","Lantern"],"campfire_rested":4,"item_purchase_floors":[21,42,42,42],"current_hp_per_floor":[61,61,49,50,44,31,31,19,19,24,44,47,51,49,49,45,75,77,77,52,52,52,75,60,60,60,54,59,65,71,68,68,21,92,88,88,91,91,91,91,57,57,57,86,78,51,55,18,48,61],"gold":90,"neow_bonus":"REMOVE_TWO","is_daily":false,"chose_seed":false,"campfire_upgraded":5,"win_rate":0.0,"timestamp":1612790917,"path_taken":["M","?","M","M","M","E","R","E","T","M","R","M","M","E","R","BOSS","M","?","?","?","?","R","E","R","T","E","M","M","M","M","R","BOSS","M","?","M","?","?","R","E","?","T","R","M","E","?","M","R","BOSS"],"items_purchased_type":["Relic","Relic","Card","Relic"],"build_version":"2020-12-22","purchased_purges":0,"victory":true,"max_hp_per_floor":[61,61,61,62,65,66,66,68,68,69,69,71,72,73,73,75,75,77,77,79,79,79,79,83,83,83,84,85,86,87,91,91,92,92,93,93,95,95,95,95,97,97,97,97,97,100,101,102,102,104],"card_choices":[{"not_picked":["Saiyan:Planning","Saiyan:RemoveWeights"],"picked":"Saiyan:KameHameHa","floor":1.0},{"not_picked":["Saiyan:ReverberatingForce","Saiyan:BackAttack"],"picked":"Saiyan:Medicine","floor":3.0},{"not_picked":["Saiyan:Twize","Saiyan:DragonFist"],"picked":"Saiyan:Flurry","floor":4.0},{"not_picked":["Saiyan:KiStrike","Saiyan:PlotArmor"],"picked":"Saiyan:FingerParry","floor":5.0},{"not_picked":["Saiyan:SolarFlare","Saiyan:Flurry"],"picked":"Saiyan:PowerUp","floor":6.0},{"not_picked":["Saiyan:Rekindle","Saiyan:RemoveWeights"],"picked":"Saiyan:SuperSaiyanForm","floor":8.0},{"not_picked":["Saiyan:Planning","Saiyan:Quickening"],"picked":"Saiyan:Makankosappo","floor":10.0},{"not_picked":["Saiyan:WarmUp","Saiyan:BigBangAttack"],"picked":"Saiyan:ConcussiveBlow","floor":12.0},{"not_picked":["Saiyan:KameHameHa","Saiyan:FingerParry"],"picked":"Saiyan:PressOn","floor":13.0},{"not_picked":["Saiyan:Medicine","Saiyan:Furor"],"picked":"Saiyan:KiExplosion","floor":14.0},{"not_picked":["Saiyan:GenkiDama","Saiyan:TransfigurationBeam"],"picked":"Saiyan:GhostAttack","floor":16.0},{"not_picked":["Saiyan:Flurry","Saiyan:Scouter+1"],"picked":"Saiyan:Planning+1","floor":18.0},{"not_picked":["Saiyan:Scouter","Saiyan:Quickening"],"picked":"Saiyan:Planning","floor":20.0},{"not_picked":["Saiyan:Scouter+1","Saiyan:Makankosappo"],"picked":"Saiyan:Flurry","floor":24.0},{"not_picked":["Saiyan:GhostAttack","Saiyan:FingerParry"],"picked":"Saiyan:Quickening+1","floor":27.0},{"not_picked":["Saiyan:Flurry","Saiyan:FingerParry"],"picked":"Saiyan:ExpandingShockwave+1","floor":28.0},{"not_picked":["Saiyan:Quickening+1","Saiyan:Scouter"],"picked":"Saiyan:Expend","floor":29.0},{"not_picked":["Saiyan:BigBangAttack+1","Saiyan:FingerParry"],"picked":"Saiyan:TurtleShell","floor":30.0},{"not_picked":["Saiyan:PlotArmor","Saiyan:RemoveWeights+1"],"picked":"Saiyan:Teleport","floor":31.0},{"not_picked":["Saiyan:GhostAttack","Saiyan:GenkiDama"],"picked":"Saiyan:MindBoom","floor":33.0},{"not_picked":["Saiyan:Reset+1","Saiyan:FingerParry","Saiyan:SpiritSword"],"picked":"SKIP","floor":35.0},{"not_picked":["Saiyan:PowerUp","Saiyan:MeteorDash","Saiyan:KameHameHa"],"picked":"SKIP","floor":37.0},{"not_picked":["Saiyan:DoubleMasenko","Saiyan:HyperTimeChamber","Saiyan:FingerParry"],"picked":"SKIP","floor":41.0},{"not_picked":["Saiyan:Reset+1","Saiyan:PlotArmor","Saiyan:BigBangAttack"],"picked":"SKIP","floor":45.0},{"not_picked":["Saiyan:BackAttack","Saiyan:DoubleMasenko"],"picked":"Saiyan:PowerStance","floor":46.0},{"not_picked":["Saiyan:Expend+1","Saiyan:PowerPole+1","Saiyan:DrainingStrike"],"picked":"SKIP","floor":47.0},{"not_picked":["Saiyan:Quickening","Saiyan:Afterimage+1","Saiyan:RemoveWeights"],"picked":"SKIP","floor":48}],"player_experience":676227,"relics_obtained":[{"floor":6.0,"key":"Smiling Mask"},{"floor":8.0,"key":"War Paint"},{"floor":9.0,"key":"Meat on the Bone"},{"floor":14.0,"key":"Ornamental Fan"},{"floor":20.0,"key":"Red Mask"},{"floor":24.0,"key":"Blood Vial"},{"floor":26.0,"key":"Bottled Lightning"},{"floor":27.0,"key":"Pen Nib"},{"floor":41.0,"key":"The Courier"},{"floor":41.0,"key":"Pantograph"},{"floor":43.0,"key":"Pocketwatch"},{"floor":46.0,"key":"InkBottle"},{"floor":46.0,"key":"Sundial"}],"event_choices":[{"damage_healed":0.0,"max_hp_gain":0.0,"max_hp_loss":0.0,"gold_gain":0.0,"event_name":"Back to Basics","player_choice":"Simplicity","floor":19.0,"gold_loss":0.0,"damage_taken":0.0,"cards_upgraded":["Saiyan:SAIYA_Strike","Saiyan:SAIYA_Strike","Saiyan:SAIYA_Strike","Saiyan:SAIYA_Strike","Saiyan:SAIYA_Defend","Saiyan:SAIYA_Defend"]},{"damage_healed":0.0,"max_hp_gain":0.0,"max_hp_loss":0.0,"gold_gain":0.0,"event_name":"Masked Bandits","player_choice":"Fought Bandits","floor":20.0,"gold_loss":0.0,"damage_taken":0.0},{"damage_healed":0.0,"max_hp_gain":0.0,"max_hp_loss":0.0,"gold_gain":0.0,"event_name":"Vampires","player_choice":"Ignored","floor":22.0,"gold_loss":0.0,"damage_taken":0.0},{"damage_healed":0.0,"max_hp_gain":0.0,"max_hp_loss":0.0,"gold_gain":0.0,"event_name":"SensoryStone","player_choice":"Memory 1","floor":36.0,"gold_loss":0.0,"damage_taken":0.0},{"damage_healed":0.0,"max_hp_gain":0.0,"max_hp_loss":0.0,"gold_gain":0.0,"event_name":"Mysterious Sphere","player_choice":"Ignored","floor":38.0,"gold_loss":0.0,"damage_taken":0.0},{"cards_removed":["Saiyan:SAIYA_Strike"],"damage_healed":0.0,"max_hp_gain":0.0,"max_hp_loss":0.0,"gold_gain":0.0,"event_name":"Falling","player_choice":"Removed Attack","floor":39.0,"gold_loss":0.0,"damage_taken":0.0}],"is_beta":false,"boss_relics":[{"not_picked":["Fusion Hammer","SacredBark"],"picked":"SlaversCollar"},{"not_picked":["Velvet Choker","Empty Cage"],"picked":"Black Star"}],"items_purged_floors":[],"is_endless":false,"potions_floor_spawned":[5,8,13,14,16,28,29,33,41,48],"ascension_level":2}}