{"host":"t88fvt99x4xmop87","time":1612812468,"event":{"mods":["Astrologer","BaseMod","BetterRewards","Bossed Relics","Downfall","Duelist Mod","Hermit","Highlight Path","Hubris","Infinite Spire","Jorbs\u0027s Wanderer Trilogy","Marisa????????","Minty Spire (QoL Compilation)","Rare Cards Sparkle","Replay The Spire","Shop Mod","StSLib","The Animator","The Bug Knight","The Construct","The Cursed","The Disciple","The Hierophant","The Jungle","The Necromancer","The Poker Player","The Runesmith","The Servant 0.9.4"],"gold_per_floor":[111,125,125,125,136,156,169,169,293,305,317,352,364,406,418,560,572,584,584],"floor_reached":18,"language":"ENG","playtime":1231,"items_purged":[],"score":279,"play_id":"6bd42877-e83d-40ca-9a30-20483e8a9fcb","local_time":"20210208122748","is_ascension_mode":false,"campfire_choices":[{"floor":11,"key":"REST"},{"data":"hubris:Fate","floor":15,"key":"SMITH"}],"circlet_count":0,"master_deck":["astrologer:Strike","astrologer:Strike","astrologer:Strike","astrologer:Strike","astrologer:Defend","astrologer:Defend","astrologer:Defend","astrologer:NorthStar","astrologer:TheFool","astrologer:SolarFlare","astrologer:TheTower","astrologer:Alignment","hubris:Fate+1","astrologer:FrozenStar","astrologer:Retelling","astrologer:TheStar+1","CommonCold","hubris:Greed","astrologer:ReadTheStars","hubris:Greed","astrologer:Radiance","hubris:Greed","hubris:Greed","hubris:Greed","hubris:Greed","downfall:Haunted","astrologer:TheMagician","hubris:Greed","hubris:Greed"],"relics":["astrologer:SkyMirror","NeowsBlessing","Ring of Searing","ReplayTheSpireMod:Ring of Collecting","Ring of Greed","Replay:Wax Seal","MawBank","hubris:MysteriousPyramids","Runesmith:Nanobots","hubris:GrandSneckoEye"],"acts_visited":["Exordium","theJungle:Jungle"],"potions_floor_usage":[16],"damage_taken":[{"damage":0,"enemies":"Jaw Worm","floor":1,"turns":1},{"damage":0,"enemies":"2 Louse","floor":2,"turns":1},{"damage":0,"enemies":"Small Slimes","floor":5,"turns":1},{"damage":16,"enemies":"Exordium Wildlife","floor":6,"turns":4},{"damage":0,"enemies":"Blue Slaver","floor":7,"turns":4},{"damage":10,"enemies":"2 Fungi Beasts","floor":12,"turns":3},{"damage":2,"enemies":"Large Slime","floor":14,"turns":4},{"damage":38,"enemies":"Hexaghost","floor":16,"turns":8},{"damage":5,"enemies":"theJungle:5_Spyders","floor":18,"turns":2}],"seed_played":"3586993683476705584","potions_obtained":[{"floor":5,"key":"SpeedPotion"},{"floor":7,"key":"SkillPotion"},{"floor":16,"key":"PowerPotion"}],"is_trial":false,"path_per_floor":["M","M","?","?","M","M","M","?","T","?","R","M","?","M","R","B",null,"M"],"character_chosen":"ASTROLOGER","items_purchased":[],"campfire_rested":1,"item_purchase_floors":[],"current_hp_per_floor":[70,70,70,52,52,36,36,36,36,36,57,47,47,45,45,7,70,65,65],"gold":584,"neow_bonus":"THREE_ENEMY_KILL","is_daily":false,"chose_seed":false,"campfire_upgraded":1,"win_rate":0.0,"timestamp":1612812468,"path_taken":["M","M","?","?","M","M","M","?","T","?","R","?","?","M","R","BOSS","M"],"items_purchased_type":[],"build_version":"2020-12-22","purchased_purges":0,"victory":false,"max_hp_per_floor":[70,70,70,70,70,70,70,70,70,70,70,70,70,70,70,70,70,70,70],"card_choices":[{"not_picked":["astrologer:TheDevil","astrologer:Eclipse"],"picked":"astrologer:SolarFlare","floor":1},{"not_picked":["astrologer:CometStrike","astrologer:NeutronStar"],"picked":"astrologer:TheTower","floor":2},{"not_picked":["ReplayTheSpireMod:??????????????????????","infinitespire:FinalStrike"],"picked":"hubris:Fate","floor":4},{"not_picked":["astrologer:TheEmpress","astrologer:SpaceDust"],"picked":"astrologer:FrozenStar","floor":5},{"not_picked":["astrologer:TheEmperor","astrologer:CometStrike"],"picked":"astrologer:Retelling","floor":6},{"not_picked":["astrologer:StarOfCourage","astrologer:FrozenStar"],"picked":"astrologer:TheStar","floor":7},{"not_picked":["astrologer:Conjunction","astrologer:FrozenStar"],"picked":"astrologer:ReadTheStars","floor":12},{"not_picked":["astrologer:ShiningStar","astrologer:Opposition"],"picked":"astrologer:Radiance","floor":14},{"not_picked":["astrologer:Wish","astrologer:TheChariot"],"picked":"astrologer:TheMagician","floor":16}],"player_experience":9451,"relics_obtained":[{"floor":8,"key":"Ring of Searing"},{"floor":8,"key":"ReplayTheSpireMod:Ring of Collecting"},{"floor":9,"key":"Ring of Greed"},{"floor":9,"key":"Replay:Wax Seal"},{"floor":9,"key":"MawBank"},{"floor":9,"key":"hubris:MysteriousPyramids"}],"event_choices":[{"damage_healed":0,"gold_gain":0,"cards_transformed":["astrologer:Defend"],"player_choice":"Change","damage_taken":0,"max_hp_gain":0,"max_hp_loss":0,"event_name":"Living Wall","floor":3,"gold_loss":0,"cards_obtained":["astrologer:Alignment"]},{"damage_healed":0,"gold_gain":0,"player_choice":"Searched \u00271\u0027 times","damage_taken":0,"relics_obtained":["Runesmith:Nanobots"],"max_hp_gain":0,"max_hp_loss":0,"event_name":"Dead Adventurer","floor":13,"gold_loss":0}],"is_beta":false,"boss_relics":[{"not_picked":["Runic Dome","Replay:Fungal Core"],"picked":"hubris:GrandSneckoEye"}],"items_purged_floors":[],"is_endless":false,"potions_floor_spawned":[5,7,16],"killed_by":"theJungle:5_Spyders","ascension_level":0}}