{"host":"m4ma59c07ng6aza7","time":1612818358,"event":{"mods":["2.2 Compatiblity","AchievementEnabler","Act Like it!","AlwaysNeverKeys","Aspiration","BaseMod","Better Altar","Better Note","Better Sensory Stone","Better Skull","Better Third Choice","BetterRewards","Block Reminder","Colored Map","Colored Powertips","Conspire","Curses Come First","Dark Map","DeckTracker","Defuse TimeMaze Blight","Energized Spire","GifTheSpireLib","Halation","Highlight Path","Hubris","Infinite Spire","Minty Spire (QoL Compilation)","Permanent Neow","Quick Restart","Rare Cards Sparkle","RatMod","Relic Filter","Relic Sorter","Relic Stats","Replay The Spire","Reworked Bosses","Shop Mod","Spikes Relics","StSLib","Stuff the Spire","SuperFastMode","The Blue Laboratory","The Sage","Uncapped","Unceasing Turn Reminder","UnlockEverythingMod","Waifu the Spire","egg"],"gold_per_floor":[117,32,47,122,122,122,155,155,155,165,175,175,195,205,205,302,302,321,331,344,344,344,344,344,344],"floor_reached":24,"language":"ENG","playtime":2552,"items_purged":[],"score":198,"play_id":"61d46d77-b9d6-4578-8638-0ec672b7f00b","local_time":"20210208130558","is_ascension_mode":false,"campfire_choices":[{"floor":6,"key":"RECALL"},{"floor":8,"key":"REST"},{"floor":12,"key":"REST"},{"data":"Blind","floor":15,"key":"SMITH"},{"data":"Replay:Poison Smokescreen","floor":23,"key":"SMITH"}],"circlet_count":0,"master_deck":["Strike_G","Strike_G","Strike_G","Strike_G","Strike_G","Defend_G","Defend_G","Defend_G","Defend_G","Defend_G","Survivor","Neutralize","Dagger Throw","Blind+1","Bane","Draining Mist","Heel Hook","Bouncing Flask","Blade Dance","Poisoned Stab","Corpse Explosion","Slice","Backflip+1","Replay:Poison Smokescreen+1"],"relics":["Ring of the Snake","aspiration:Nostalgia","PureWater","halation:EternalFortune","ReplayTheSpireMod:Shallot","Black Star","SuspiciousGoo"],"acts_visited":["Exordium","TheCity"],"potions_floor_usage":[11,16,16,24],"damage_taken":[{"damage":0,"enemies":"Small Slimes","floor":1,"turns":4},{"damage":0,"enemies":"2 Louse","floor":3,"turns":4},{"damage":27,"enemies":"Replay:BlueRogue","floor":7,"turns":17},{"damage":0,"enemies":"Jaw Worm","floor":10,"turns":3},{"damage":2,"enemies":"Exordium Thugs","floor":11,"turns":6},{"damage":0,"enemies":"2 Fungi Beasts","floor":13,"turns":2},{"damage":4,"enemies":"conspire:2 RoseBushes","floor":14,"turns":5},{"damage":9,"enemies":"The Guardian","floor":16,"turns":10},{"damage":1,"enemies":"2 Thieves","floor":18,"turns":4},{"damage":0,"enemies":"3 Byrds","floor":19,"turns":2},{"damage":7,"enemies":"Snake Plant","floor":20,"turns":4},{"damage":78,"enemies":"Gremlin Leader","floor":24,"turns":7}],"seed_played":"5935775138645132008","potions_obtained":[{"floor":3,"key":"Elixir"},{"floor":7,"key":"Adrenaline Potion"},{"floor":10,"key":"blueLaboratory:StoneskinPotion"},{"floor":11,"key":"LifebloodPotion"},{"floor":20,"key":"blueLaboratory:BubblePotion"}],"is_trial":false,"path_per_floor":["M","$","M","?","?","R","E","R","T","M","M","R","M","M","R","B",null,"M","M","M","?","AVR","R","E"],"character_chosen":"THE_SILENT","items_purchased":["Blind"],"campfire_rested":2,"item_purchase_floors":[2],"current_hp_per_floor":[70,70,70,59,62,62,35,56,56,56,54,73,73,72,72,63,76,75,75,71,71,71,71,0,0],"gold":344,"neow_bonus":"NOSTALGIA","is_daily":false,"chose_seed":false,"campfire_upgraded":2,"win_rate":0.0,"timestamp":1612818358,"path_taken":["M","$","M","?","?","R","E","R","T","M","M","R","M","M","R","BOSS","M","M","M","?","AVR","R","E"],"items_purchased_type":["Card"],"build_version":"2020-12-22","purchased_purges":0,"victory":false,"max_hp_per_floor":[70,70,70,70,73,73,73,73,73,73,73,73,73,76,76,76,76,76,76,79,79,79,79,79,79],"relic_stats":{"counters":[12,68],"Black Star":0,"obtain_stats":[{"ReplayTheSpireMod:Shallot":7,"aspiration:Nostalgia":0,"halation:EternalFortune":5,"SuspiciousGoo":22,"Black Star":17,"PureWater":0,"Ring of the Snake":0},{"ReplayTheSpireMod:Shallot":3,"aspiration:Nostalgia":0,"halation:EternalFortune":2,"SuspiciousGoo":11,"Black Star":8,"PureWater":0,"Ring of the Snake":0},{"ReplayTheSpireMod:Shallot":25,"aspiration:Nostalgia":0,"halation:EternalFortune":8,"SuspiciousGoo":61,"Black Star":51,"PureWater":0,"Ring of the Snake":0}],"Ring of the Snake":[24]},"card_choices":[{"not_picked":["Sneak Up","Caltrops"],"picked":"Dagger Throw","floor":1},{"not_picked":["Terror","rat:DextrousStrike"],"picked":"Bane","floor":3},{"not_picked":["hubris:Sniper","PiercingWail"],"picked":"Draining Mist","floor":7},{"not_picked":["rat:Shadowstep","ReplayTheSpireMod:Scrap Shanks"],"picked":"Heel Hook","floor":10},{"not_picked":["Burst","rat:EchoingStrikes"],"picked":"Bouncing Flask","floor":11},{"not_picked":["Pace","Outmaneuver"],"picked":"Blade Dance","floor":13},{"not_picked":["rat:EchoingStrikes","Dagger Throw"],"picked":"Poisoned Stab","floor":14},{"not_picked":["Tools of the Trade","rat:Lunge"],"picked":"Corpse Explosion","floor":16},{"not_picked":["Prepared","Masterful Stab"],"picked":"Slice","floor":18},{"not_picked":["Flying Knee","rat:SilveredBlade"],"picked":"Backflip+1","floor":19},{"not_picked":["Underhanded Strike","Riddle With Holes"],"picked":"Replay:Poison Smokescreen","floor":20}],"player_experience":33721,"relics_obtained":[{"floor":7,"key":"ReplayTheSpireMod:Shallot"},{"floor":14,"key":"halation:EternalFortune"},{"floor":20,"key":"halation:EternalFortune"}],"event_choices":[{"damage_healed":0,"gold_gain":75,"player_choice":"Gold","damage_taken":11,"max_hp_gain":0,"max_hp_loss":0,"event_name":"betterThird:BetterGoop","floor":4,"gold_loss":0},{"cards_removed":["Strike_G"],"damage_healed":0,"gold_gain":0,"player_choice":"Give","damage_taken":0,"max_hp_gain":0,"max_hp_loss":0,"event_name":"betterNote:BetterNote","floor":21,"gold_loss":0,"cards_obtained":["None"]}],"is_beta":false,"boss_relics":[{"not_picked":["Pandora\u0027s Box","Painkiller Herb"],"picked":"Black Star"}],"items_purged_floors":[],"is_endless":false,"potions_floor_spawned":[3,7,10,11,14,20],"killed_by":"Gremlin Leader","ascension_level":0}}