{"host":"l15sdf2mmi0nobpi","time":1612779106,"event":{"mods":["BaseMod","Highlight Path","Minty Spire (QoL Compilation)","MostiFishMod","Quick Restart","StSLib"],"gold_per_floor":[112,37,48,48,48,82,102,130,178,178,178,211,234,259,259,352,352,371,402,421,439,439,472,472,488,559,573,573,275,319,335,335,430,430,455,455,486,510,530,565,628,628,707,742,760,328,363,383,383,383,383,383,383,107,141,141],"floor_reached":57,"language":"ZHS","playtime":2220,"items_purged":["Strike_R","Strike_R","Strike_R"],"score":3379,"play_id":"59e9a690-e607-4de1-ab6f-9c09eb32c72b","local_time":"20210208181146","is_ascension_mode":true,"campfire_choices":[{"data":"Sword Boomerang","floor":15.0,"key":"SMITH"},{"data":"Bloodletting","floor":24.0,"key":"SMITH"},{"data":"Corruption","floor":28.0,"key":"SMITH"},{"data":"Dark Embrace","floor":32.0,"key":"SMITH"},{"floor":42.0,"key":"RECALL"},{"data":"Feel No Pain","floor":49.0,"key":"SMITH"},{"data":"Battle Trance","floor":53.0,"key":"SMITH"}],"circlet_count":0,"master_deck":["AscendersBane","Defend_R","Defend_R","Defend_R","Defend_R","Bash","Sword Boomerang+1","Feed+1","Carnage+1","Corruption+1","MostiFishMod:CullingBlade+1","Impervious","Bloodletting+1","Second Wind","Pommel Strike+1","MostiFishMod:Galeforce","MostiFishMod:CullingBlade+1","Dark Embrace+1","Feed+1","Feel No Pain+1","Warcry+1","Sentinel+1","Battle Trance+1","Master of Strategy","Shockwave+1"],"relics":["Burning Blood","DaveBox","PatriotShield","NeowsBlessing","SynthV:TestCard","Molten Egg 2","Ancient Tea Set","Anchor","Golden Idol","Matryoshka","xbg","Red Mask","Orichalcum","Bag of Preparation","Bird Faced Urn","Snecko Eye","CaptainsWheel","Centennial Puzzle","Magic Flower","Nunchaku","The Courier","Lantern","Ying","Pear","Red Skull","MostiFishMod:AdaptiveDefenses","Gambling Chip"],"acts_visited":["Exordium","TheCity","TheBeyond","TheEnding"],"potions_floor_usage":[],"damage_taken":[{"damage":0.0,"enemies":"Cultist","floor":1.0,"turns":1.0},{"damage":0.0,"enemies":"Small Slimes","floor":3.0,"turns":1.0},{"damage":0.0,"enemies":"3 Sentries","floor":6.0,"turns":1.0},{"damage":0.0,"enemies":"2 Louse","floor":7.0,"turns":1.0},{"damage":5.0,"enemies":"Lagavulin","floor":8.0,"turns":4.0},{"damage":0.0,"enemies":"Gremlin Nob","floor":12.0,"turns":2.0},{"damage":0.0,"enemies":"Large Slime","floor":13.0,"turns":4.0},{"damage":0.0,"enemies":"Blue Slaver","floor":14.0,"turns":2.0},{"damage":16.0,"enemies":"The Guardian","floor":16.0,"turns":5.0},{"damage":2.0,"enemies":"Shell Parasite","floor":18.0,"turns":4.0},{"damage":2.0,"enemies":"Masked Bandits","floor":19.0,"turns":4.0},{"damage":0.0,"enemies":"3 Byrds","floor":20.0,"turns":3.0},{"damage":0.0,"enemies":"Cultist and Chosen","floor":21.0,"turns":3.0},{"damage":30.0,"enemies":"Gremlin Leader","floor":23.0,"turns":5.0},{"damage":0.0,"enemies":"Snake Plant","floor":25.0,"turns":2.0},{"damage":0.0,"enemies":"Shelled Parasite and Fungi","floor":27.0,"turns":4.0},{"damage":0.0,"enemies":"Slavers","floor":30.0,"turns":3.0},{"damage":0.0,"enemies":"Cultist and Chosen","floor":31.0,"turns":1.0},{"damage":40.0,"enemies":"Collector","floor":33.0,"turns":7.0},{"damage":0.0,"enemies":"Orb Walker","floor":35.0,"turns":2.0},{"damage":0.0,"enemies":"Mind Bloom Boss Battle","floor":37.0,"turns":3.0},{"damage":0.0,"enemies":"3 Shapes","floor":38.0,"turns":3.0},{"damage":3.0,"enemies":"3 Darklings","floor":39.0,"turns":1.0},{"damage":0.0,"enemies":"Giant Head","floor":40.0,"turns":4.0},{"damage":3.0,"enemies":"2 Orb Walkers","floor":41.0,"turns":2.0},{"damage":16.0,"enemies":"Nemesis","floor":44.0,"turns":3.0},{"damage":3.0,"enemies":"Sphere and 2 Shapes","floor":45.0,"turns":2.0},{"damage":3.0,"enemies":"Giant Head","floor":47.0,"turns":2.0},{"damage":0.0,"enemies":"Maw","floor":48.0,"turns":4.0},{"damage":3.0,"enemies":"Awakened One","floor":50.0,"turns":4.0},{"damage":41.0,"enemies":"Time Eater","floor":51.0,"turns":7.0},{"damage":0.0,"enemies":"Shield and Spear","floor":55.0,"turns":2.0},{"damage":61,"enemies":"The Heart","floor":56,"turns":6}],"seed_played":"-3663743625501162236","potions_obtained":[{"floor":3.0,"key":"CultistPotion"},{"floor":6.0,"key":"FearPotion"}],"is_trial":false,"path_per_floor":["M","$","M","?","?","E","M","E","T","?","?","E","M","M","R","B",null,"M","?","M","M","?","E","R","M","T","M","R","$","E","M","R","B",null,"M","?","?","M","M","E","?","R","T","E","M","$","E","M","R","B","B",null,"R","$","E","B",null],"character_chosen":"IRONCLAD","items_purchased":["MostiFishMod:Galeforce","Ying","Pear","MostiFishMod:AdaptiveDefenses","Master of Strategy"],"campfire_rested":0,"item_purchase_floors":[29,46,46,54,54],"current_hp_per_floor":[74,74,75,75,75,75,75,79,79,72,45,55,65,75,75,69,89,97,103,107,111,111,91,91,101,101,111,111,111,121,131,131,103,127,139,139,139,143,143,147,155,155,155,157,167,177,181,185,185,189,163,186,186,186,197,162],"gold":141,"neow_bonus":"THREE_ENEMY_KILL","is_daily":false,"chose_seed":false,"campfire_upgraded":6,"win_rate":0.0,"timestamp":1612779106,"path_taken":["M","$","M","?","?","E","M","E","T","?","?","E","M","M","R","BOSS","M","?","M","M","?","E","R","M","T","M","R","$","E","?","R","BOSS","M","?","?","M","M","E","?","R","T","E","M","$","E","M","R","BOSS","BOSS","R","$","E","BOSS"],"items_purchased_type":["Card","Relic","Relic","Relic","Card"],"build_version":"2020-12-22","purchased_purges":3,"victory":true,"max_hp_per_floor":[75,75,75,75,75,75,75,79,79,79,79,83,87,91,91,95,95,99,103,107,111,111,115,115,119,119,123,123,123,127,131,131,135,135,139,139,139,143,143,147,155,155,155,159,167,177,181,185,185,189,193,193,193,193,197,201],"card_choices":[{"not_picked":["Headbutt","Anger","Clash"],"picked":"SKIP","floor":1.0},{"not_picked":["Dropkick","Pommel Strike","Iron Wave","Clash"],"picked":"Sword Boomerang","floor":3.0},{"not_picked":["Evolve","Power Through","MostiFishMod:404NotFound+1","Shrug It Off"],"picked":"Feed+1","floor":6.0},{"not_picked":["Headbutt+1","True Grit","Cleave+1","Havoc"],"picked":"Carnage+1","floor":7.0},{"not_picked":["Headbutt+1","MostiFishMod:#F4004","Sentinel","Sever Soul+1"],"picked":"Corruption","floor":8.0},{"not_picked":["Bludgeon+1","Rampage+1","Spot Weakness","Perfected Strike+1","Anger+1"],"picked":"SKIP","floor":12.0},{"not_picked":["True Grit","Twin Strike+1","Flex","Warcry","Armaments"],"picked":"SKIP","floor":13.0},{"not_picked":["Feel No Pain","Reckless Charge+1","Armaments","Cleave+1"],"picked":"MostiFishMod:CullingBlade+1","floor":14.0},{"not_picked":["MostiFishMod:DarkDeal","MostiFishMod:HellRitual","Juggernaut","Bludgeon+1"],"picked":"Impervious","floor":16.0},{"not_picked":["Flex","Havoc","Shrug It Off","Twin Strike+1"],"picked":"Bloodletting","floor":18.0},{"not_picked":["Rage","Thunderclap+1","Warcry","MostiFishMod:404NotFound+1","Sword Boomerang+1"],"picked":"SKIP","floor":20.0},{"not_picked":["Rage","Thunderclap+1","Warcry","MostiFishMod:404NotFound+1","Sword Boomerang+1"],"picked":"SKIP","floor":20.0},{"not_picked":["Metallicize","Heavy Blade+1","Fire Breathing","Thunderclap+1"],"picked":"Second Wind","floor":21.0},{"not_picked":["Fiend Fire+1","Clash+1","Twin Strike+1","Infernal Blade","Spot Weakness"],"picked":"SKIP","floor":23.0},{"not_picked":["Anger+1","Cleave+1","Armaments","Iron Wave+1"],"picked":"Pommel Strike+1","floor":25.0},{"not_picked":["Perfected Strike+1","Wild Strike+1","Pommel Strike+1","Seeing Red","Hemokinesis+1"],"picked":"SKIP","floor":27.0},{"not_picked":["Pommel Strike+1","Warcry","Shrug It Off","MostiFishMod:PerfectStrikeMKII+1"],"picked":"MostiFishMod:CullingBlade+1","floor":30.0},{"not_picked":["Rampage+1","Pummel+1","Heavy Blade+1","Entrench"],"picked":"Dark Embrace","floor":31.0},{"not_picked":["Brutality","MostiFishMod:RainCloud+1","Limit Break","MostiFishMod:Mania"],"picked":"Feed+1","floor":33.0},{"not_picked":["Flex","Havoc+1","Headbutt+1","Perfected Strike+1","Clothesline+1"],"picked":"SKIP","floor":35.0},{"not_picked":["Iron Wave+1","Pommel Strike+1","Combust","Body Slam+1","Sword Boomerang+1"],"picked":"SKIP","floor":38.0},{"not_picked":["Iron Wave+1","Bloodletting","MostiFishMod:DarkDeal","Headbutt+1","Shrug It Off"],"picked":"SKIP","floor":39.0},{"not_picked":["Iron Wave+1","Body Slam+1","Seeing Red+1","Second Wind"],"picked":"Feel No Pain","floor":40.0},{"not_picked":["Cleave+1","Bloodletting","Inflame","Headbutt+1"],"picked":"Warcry+1","floor":41.0},{"not_picked":["Bloodletting+1","Combust+1","Evolve","Uppercut+1","Cleave+1"],"picked":"SKIP","floor":44.0},{"not_picked":["Inflame","True Grit","Metallicize","Body Slam+1"],"picked":"Sentinel+1","floor":45.0},{"not_picked":["True Grit","MostiFishMod:WingOfPhoenix","Uppercut+1","Anger+1"],"picked":"Battle Trance","floor":47.0},{"not_picked":["Ghostly Armor+1","Havoc+1","True Grit","Flex","Carnage+1"],"picked":"SKIP","floor":48.0},{"not_picked":["Feed+1","Anger+1","Dropkick+1","Headbutt+1"],"picked":"Shockwave+1","floor":55}],"player_experience":561304,"relics_obtained":[{"floor":1.0,"key":"SynthV:TestCard"},{"floor":6.0,"key":"Molten Egg 2"},{"floor":8.0,"key":"Ancient Tea Set"},{"floor":9.0,"key":"Anchor"},{"floor":12.0,"key":"Matryoshka"},{"floor":19.0,"key":"Red Mask"},{"floor":23.0,"key":"Orichalcum"},{"floor":26.0,"key":"Bag of Preparation"},{"floor":30.0,"key":"Bird Faced Urn"},{"floor":37.0,"key":"CaptainsWheel"},{"floor":40.0,"key":"Centennial Puzzle"},{"floor":41.0,"key":"Magic Flower"},{"floor":43.0,"key":"Nunchaku"},{"floor":43.0,"key":"The Courier"},{"floor":44.0,"key":"Lantern"},{"floor":47.0,"key":"Red Skull"},{"floor":55,"key":"Gambling Chip"}],"event_choices":[{"damage_healed":0.0,"max_hp_gain":0.0,"max_hp_loss":0.0,"gold_gain":0.0,"event_name":"The Cleric","player_choice":"Leave","floor":4.0,"gold_loss":0.0,"damage_taken":0.0},{"damage_healed":0.0,"max_hp_gain":0.0,"max_hp_loss":0.0,"gold_gain":0.0,"event_name":"Liars Game","player_choice":"Ignored","floor":5.0,"gold_loss":0.0,"damage_taken":0.0},{"cards_removed":["Strike_R"],"damage_healed":0.0,"max_hp_gain":0.0,"max_hp_loss":0.0,"gold_gain":0.0,"event_name":"Golden Wing","player_choice":"Card Removal","floor":10.0,"gold_loss":0.0,"damage_taken":7.0},{"damage_healed":0.0,"max_hp_gain":0.0,"max_hp_loss":0.0,"gold_gain":0.0,"event_name":"Golden Idol","player_choice":"Take Damage","floor":11.0,"gold_loss":0.0,"damage_taken":27.0,"relics_obtained":["Golden Idol"]},{"damage_healed":0.0,"max_hp_gain":0.0,"max_hp_loss":0.0,"gold_gain":0.0,"event_name":"Masked Bandits","player_choice":"Fought Bandits","floor":19.0,"gold_loss":0.0,"damage_taken":0.0},{"damage_healed":0.0,"max_hp_gain":0.0,"max_hp_loss":0.0,"gold_gain":0.0,"event_name":"Match and Keep!","player_choice":"0 cards matched","floor":22.0,"gold_loss":0.0,"damage_taken":0.0,"cards_obtained":[]},{"cards_removed":["Strike_R"],"damage_healed":0.0,"max_hp_gain":0.0,"max_hp_loss":0.0,"gold_gain":0.0,"event_name":"Falling","player_choice":"Removed Attack","floor":36.0,"gold_loss":0.0,"damage_taken":0.0},{"damage_healed":0.0,"max_hp_gain":0.0,"max_hp_loss":0.0,"gold_gain":0.0,"event_name":"MindBloom","player_choice":"Fight","floor":37.0,"gold_loss":0.0,"damage_taken":0.0},{"damage_healed":0.0,"max_hp_gain":0.0,"max_hp_loss":0.0,"gold_gain":0.0,"event_name":"Mysterious Sphere","player_choice":"Fight","floor":41.0,"gold_loss":0.0,"damage_taken":0.0}],"is_beta":false,"boss_relics":[{"not_picked":["Fusion Hammer","GuanYuAspect"],"picked":"xbg"},{"not_picked":["Black Blood","HereWithMe"],"picked":"Snecko Eye"}],"items_purged_floors":[2,29,46],"is_endless":false,"potions_floor_spawned":[3,6,7,8,21,25,27,30,31,38,44,45,47,48],"ascension_level":20}}