{"host":"lx933ja015x1ub68","time":1612780992,"event":{"mods":["AchievementEnabler","BaseMod","Better Match","Better Third Choice","BetterRewards","Colored Map","Exacting","FTL Soundtrack","Minty Spire (QoL Compilation)","Shop Mod","StSLib"],"gold_per_floor":[114,114,134,187,22,93,93,21,21,55,55,125,125,144,144,239,239,279,279,3,18,18,44,75,75,75,105,159,159,159,159,159,284,284,300,300,300,325,19,19,50,50,50],"floor_reached":42,"language":"ENG","playtime":4825,"items_purged":[],"score":465,"play_id":"7ea24eab-8af0-466e-bcae-0a4ec2495110","local_time":"20210208214312","is_ascension_mode":false,"campfire_choices":[{"floor":7.0,"key":"REST"},{"floor":13.0,"key":"REST"},{"floor":15.0,"key":"REST"},{"floor":25.0,"key":"REST"},{"floor":29.0,"key":"REST"},{"data":"TalkToTheHand","floor":32.0,"key":"SMITH"},{"floor":40.0,"key":"REST"}],"circlet_count":0,"master_deck":["Strike_P","Strike_P","Strike_P","Strike_P","Defend_P","Defend_P","Defend_P","Defend_P","Eruption+1","Vigilance","Swivel","Wallop+1","FollowUp","Consecrate","Halt","HandOfGreed","MasterReality","Weave","InnerPeace","DeceiveReality","FlurryOfBlows","Regret","FollowUp","TalkToTheHand+1","Consecrate","FlurryOfBlows","DevaForm","InnerPeace","LikeWater","CutThroughFate","BowlingBash+1","Crescendo","CutThroughFate","Weave","ThirdEye","Brilliance","SignatureMove+1","Adaptation","Purity","EmptyFist","PathToVictory","JustLucky"],"relics":["PureWater","Lantern","Dream Catcher","Shuriken","Happy Flower","Regal Pillow","Odd Mushroom","Busted Crown","Bag of Marbles","HandDrill","Gremlin Horn","Letter Opener","Bird Faced Urn","VioletLotus","Darkstone Periapt","MawBank","Orichalcum"],"acts_visited":["Exordium","TheCity","TheBeyond"],"potions_floor_usage":[42],"damage_taken":[{"damage":0.0,"enemies":"Cultist","floor":1.0,"turns":2.0},{"damage":1.0,"enemies":"Jaw Worm","floor":3.0,"turns":5.0},{"damage":25.0,"enemies":"3 Sentries","floor":6.0,"turns":10.0},{"damage":24.0,"enemies":"Gremlin Nob","floor":10.0,"turns":4.0},{"damage":21.0,"enemies":"The Mushroom Lair","floor":12.0,"turns":5.0},{"damage":2.0,"enemies":"2 Louse","floor":14.0,"turns":2.0},{"damage":21.0,"enemies":"Slime Boss","floor":16.0,"turns":11.0},{"damage":20.0,"enemies":"3 Byrds","floor":18.0,"turns":6.0},{"damage":3.0,"enemies":"Chosen","floor":21.0,"turns":6.0},{"damage":11.0,"enemies":"Book of Stabbing","floor":23.0,"turns":6.0},{"damage":34.0,"enemies":"Snake Plant","floor":24.0,"turns":5.0},{"damage":5.0,"enemies":"Centurion and Healer","floor":27.0,"turns":5.0},{"damage":9.0,"enemies":"Gremlin Leader","floor":28.0,"turns":5.0},{"damage":20.0,"enemies":"Champ","floor":33.0,"turns":10.0},{"damage":0.0,"enemies":"Orb Walker","floor":35.0,"turns":4.0},{"damage":49.0,"enemies":"3 Darklings","floor":38.0,"turns":5.0},{"damage":20.0,"enemies":"Jaw Worm Horde","floor":41.0,"turns":4.0},{"damage":58,"enemies":"Nemesis","floor":42,"turns":4}],"seed_played":"7887112573480903821","potions_obtained":[{"floor":6.0,"key":"DuplicationPotion"},{"floor":10.0,"key":"SpeedPotion"},{"floor":12.0,"key":"AttackPotion"},{"floor":18.0,"key":"AttackPotion"},{"floor":24.0,"key":"Weak Potion"},{"floor":28.0,"key":"FearPotion"},{"floor":31.0,"key":"Strength Potion"},{"floor":31.0,"key":"Weak Potion"},{"floor":33.0,"key":"FearPotion"},{"floor":35.0,"key":"Weak Potion"}],"is_trial":false,"path_per_floor":["M","?","M","?","$","E","R","$","T","E","?","?","R","M","R","B",null,"M","?","$","M","$","E","M","R","T","M","E","R","?","?","R","B",null,"M","T","T","M","$","R","M","E"],"character_chosen":"WATCHER","items_purchased":["Lantern","Swivel","Wallop","FollowUp","Energy Potion","HandOfGreed","DeceiveReality","LikeWater","Block Potion","HandDrill","Adaptation","Orichalcum","Purity","EmptyFist"],"campfire_rested":6,"item_purchase_floors":[0,0,0,0,0,5,8,20,20,20,39,39,39,39],"current_hp_per_floor":[72,58,57,57,57,32,53,53,53,29,29,8,44,42,72,51,72,52,52,52,49,49,38,4,40,40,35,26,62,62,62,62,48,72,72,72,72,29,29,65,49,0,0],"gold":50,"neow_bonus":"","is_daily":false,"chose_seed":false,"campfire_upgraded":1,"win_rate":0.0,"timestamp":1612780992,"path_taken":["M","?","M","?","$","E","R","$","T","E","?","?","R","M","R","BOSS","M","?","$","M","$","E","?","R","T","M","E","R","?","?","R","BOSS","M","?","?","M","$","R","M","E"],"items_purchased_type":["Relic","Card","Card","Card","Potion","Card","Card","Card","Potion","Relic","Card","Relic","Card","Card"],"build_version":"2020-12-22","purchased_purges":0,"victory":false,"max_hp_per_floor":[72,72,72,72,72,72,72,72,72,72,72,72,72,72,72,72,72,72,72,72,72,72,72,72,72,72,72,72,72,72,72,72,72,72,72,72,72,72,72,72,72,72,72],"card_choices":[{"not_picked":["Crescendo","Protect"],"picked":"Consecrate","floor":1.0},{"not_picked":["Pray","Perseverance"],"picked":"Halt","floor":3.0},{"not_picked":["Collect","FollowUp"],"picked":"MasterReality","floor":6.0},{"not_picked":["PathToVictory","InnerPeace"],"picked":"Weave","floor":6.0},{"not_picked":["FlyingSleeves","JustLucky"],"picked":"InnerPeace","floor":7.0},{"not_picked":["Meditate","ClearTheMind"],"picked":"FlurryOfBlows","floor":10.0},{"not_picked":["Nirvana","FlyingSleeves"],"picked":"FollowUp","floor":12.0},{"not_picked":["FearNoEvil","BowlingBash"],"picked":"TalkToTheHand","floor":13.0},{"not_picked":["SashWhip","CutThroughFate"],"picked":"Consecrate","floor":14.0},{"not_picked":["Protect","BowlingBash"],"picked":"FlurryOfBlows","floor":15.0},{"not_picked":["Scrawl","Judgement"],"picked":"DevaForm","floor":16.0},{"not_picked":[],"picked":"InnerPeace","floor":18.0},{"not_picked":[],"picked":"CutThroughFate","floor":21.0},{"not_picked":[],"picked":"BowlingBash+1","floor":23.0},{"not_picked":[],"picked":"Crescendo","floor":24.0},{"not_picked":[],"picked":"CutThroughFate","floor":25.0},{"not_picked":[],"picked":"Weave","floor":27.0},{"not_picked":[],"picked":"ThirdEye","floor":28.0},{"not_picked":[],"picked":"Brilliance","floor":33.0},{"not_picked":["InnerPeace+1"],"picked":"SKIP","floor":35.0},{"not_picked":[],"picked":"SignatureMove+1","floor":38.0},{"not_picked":[],"picked":"PathToVictory","floor":40.0},{"not_picked":[],"picked":"JustLucky","floor":41.0}],"player_experience":30250,"relics_obtained":[{"floor":6.0,"key":"Dream Catcher"},{"floor":9.0,"key":"Shuriken"},{"floor":10.0,"key":"Happy Flower"},{"floor":12.0,"key":"Odd Mushroom"},{"floor":23.0,"key":"Gremlin Horn"},{"floor":26.0,"key":"Letter Opener"},{"floor":28.0,"key":"Bird Faced Urn"},{"floor":36.0,"key":"Darkstone Periapt"},{"floor":37.0,"key":"MawBank"}],"event_choices":[{"damage_healed":72.0,"max_hp_gain":0.0,"max_hp_loss":72.0,"gold_gain":0.0,"event_name":"betterThird:BetterShining","player_choice":"Upgrade","floor":2.0,"gold_loss":0.0,"damage_taken":14.0,"cards_upgraded":["Eruption","Wallop"]},{"damage_healed":0.0,"max_hp_gain":0.0,"max_hp_loss":0.0,"gold_gain":53.0,"event_name":"Golden Wing","player_choice":"Gained Gold","floor":4.0,"gold_loss":0.0,"damage_taken":0.0},{"damage_healed":0.0,"max_hp_gain":0.0,"max_hp_loss":0.0,"gold_gain":0.0,"event_name":"Big Fish","player_choice":"Box","floor":11.0,"gold_loss":0.0,"damage_taken":0.0,"relics_obtained":["Regal Pillow"],"cards_obtained":["Regret"]},{"damage_healed":0.0,"max_hp_gain":0.0,"max_hp_loss":0.0,"gold_gain":0.0,"event_name":"Mushrooms","player_choice":"Fought Mushrooms","floor":12.0,"gold_loss":0.0,"damage_taken":0.0},{"damage_healed":0.0,"max_hp_gain":0.0,"max_hp_loss":0.0,"gold_gain":0.0,"event_name":"WeMeetAgain","player_choice":"Gave Potion","floor":19.0,"gold_loss":0.0,"damage_taken":0.0,"relics_obtained":["Bag of Marbles"]},{"damage_healed":0.0,"max_hp_gain":0.0,"max_hp_loss":0.0,"gold_gain":0.0,"event_name":"Vampires","player_choice":"Ignored","floor":30.0,"gold_loss":0.0,"damage_taken":0.0},{"damage_healed":0.0,"max_hp_gain":0.0,"max_hp_loss":0.0,"gold_gain":0.0,"event_name":"Lab","player_choice":"Got Potions","floor":31.0,"gold_loss":0.0,"damage_taken":0.0}],"is_beta":false,"boss_relics":[{"not_picked":["Cursed Key","SacredBark"],"picked":"Busted Crown"},{"not_picked":["Tiny House","Velvet Choker"],"picked":"VioletLotus"}],"items_purged_floors":[],"is_endless":false,"potions_floor_spawned":[6,10,12,14,18,24,28,33,35],"killed_by":"Nemesis","ascension_level":0}}