{"host":"jou5gy8et5i77wvo","time":1612816263,"event":{"mods":["AchievementEnabler","BaseMod","Colored Map","Colored Powertips","Downfall","Highlight Path","Minty Spire (QoL Compilation)","Quick Restart","StSLib"],"gold_per_floor":[117,127,127,137,137,137,154,154,179,193,47,81,96,114,114,210,210,228,242,242,242],"floor_reached":20,"language":"ENG","playtime":1271,"items_purged":[],"score":203,"play_id":"f71352d8-d3d1-41bc-9f71-c491795019d4","local_time":"20210208123103","is_ascension_mode":false,"campfire_choices":[{"data":"Body Slam","floor":6,"key":"SMITH"},{"data":"Flame Barrier","floor":15,"key":"SMITH"}],"circlet_count":0,"master_deck":["Strike_R","Strike_R","Strike_R","Strike_R","Defend_R","Defend_R","Defend_R","Defend_R","Bash","Body Slam+1","Uppercut+1","True Grit","Pommel Strike","Cleave+1","Ghostly Armor","Anger","Flame Barrier+1","Shrug It Off","Anger"],"relics":["Burning Blood","Whetstone","Anchor","Strawberry"],"acts_visited":["Exordium","TheCity"],"potions_floor_usage":[],"damage_taken":[{"damage":1,"enemies":"Cultist","floor":1,"turns":3},{"damage":4,"enemies":"2 Louse","floor":2,"turns":3},{"damage":5,"enemies":"Jaw Worm","floor":4,"turns":5},{"damage":5,"enemies":"Looter","floor":7,"turns":3},{"damage":13,"enemies":"Red Slaver","floor":10,"turns":2},{"damage":15,"enemies":"Gremlin Nob","floor":12,"turns":5},{"damage":0,"enemies":"Large Slime","floor":13,"turns":3},{"damage":0,"enemies":"Looter","floor":14,"turns":3},{"damage":67,"enemies":"Hexaghost","floor":16,"turns":12},{"damage":2,"enemies":"Chosen","floor":18,"turns":4},{"damage":20,"enemies":"Spheric Guardian","floor":19,"turns":5},{"damage":66,"enemies":"Cultist and Chosen","floor":20,"turns":6}],"seed_played":"-8796928408374208481","potions_obtained":[{"floor":1,"key":"ColorlessPotion"},{"floor":4,"key":"Energy Potion"},{"floor":12,"key":"champ:CounterPotion"},{"floor":19,"key":"Block Potion"}],"is_trial":false,"path_per_floor":["M","M","?","M","?","R","M","$","T","M","$","E","M","M","R","B",null,"M","M","M"],"character_chosen":"IRONCLAD","items_purchased":["Anchor"],"campfire_rested":0,"item_purchase_floors":[11],"current_hp_per_floor":[88,88,88,88,88,88,88,88,88,81,81,79,85,91,91,30,95,95,81,15,15],"gold":242,"neow_bonus":"TEN_PERCENT_HP_BONUS","is_daily":false,"chose_seed":false,"campfire_upgraded":2,"win_rate":0.0,"timestamp":1612816263,"path_taken":["M","M","?","M","?","R","M","?","T","M","$","E","M","M","R","BOSS","M","M","M"],"items_purchased_type":["Relic"],"build_version":"2020-12-22","purchased_purges":0,"victory":false,"max_hp_per_floor":[88,88,88,88,88,88,88,88,88,88,88,95,95,95,95,95,95,95,95,95,95],"card_choices":[{"not_picked":["Metallicize","Flame Barrier"],"picked":"Body Slam","floor":1},{"not_picked":["Twin Strike","Battle Trance"],"picked":"Uppercut","floor":2},{"not_picked":["Disarm","Flex"],"picked":"Pommel Strike","floor":4},{"not_picked":["Disarm","Anger"],"picked":"Cleave","floor":7},{"not_picked":["Headbutt","Fire Breathing"],"picked":"Ghostly Armor","floor":10},{"not_picked":["Dark Embrace","Clothesline"],"picked":"Anger","floor":12},{"not_picked":["Warcry","Shockwave"],"picked":"Flame Barrier","floor":13},{"not_picked":["Armaments","Dual Wield"],"picked":"Shrug It Off","floor":14},{"not_picked":["Burning Pact","Twin Strike"],"picked":"Anger","floor":18},{"not_picked":["Warcry+1","Heavy Blade","True Grit"],"picked":"SKIP","floor":19}],"player_experience":40698,"relics_obtained":[{"floor":9,"key":"Whetstone"},{"floor":12,"key":"Strawberry"}],"event_choices":[{"damage_healed":0,"gold_gain":0,"cards_transformed":["Strike_R"],"player_choice":"Change","damage_taken":0,"max_hp_gain":0,"max_hp_loss":0,"event_name":"Living Wall","floor":3,"gold_loss":0,"cards_obtained":["True Grit"]},{"damage_healed":0,"gold_gain":0,"player_choice":"Ignored","damage_taken":0,"max_hp_gain":0,"max_hp_loss":0,"event_name":"Liars Game","floor":5,"gold_loss":0}],"is_beta":false,"boss_relics":[{"not_picked":["Runic Dome","Cursed Key","Velvet Choker"]}],"items_purged_floors":[],"is_endless":false,"potions_floor_spawned":[1,4,12,14,19],"killed_by":"Cultist and Chosen","ascension_level":0}}