{"host":"fevvm7bbzuh4s1jc","time":1612816185,"event":{"mods":["BaseMod","Highlight Path","Minty Spire (QoL Compilation)","Relic Stats"],"gold_per_floor":[119,136,152,172,172,206,206,222,248,266,266,295,172,207,207,281,281,292,292,49,60,60,60,71,71,71,106,106,124,124,149,149,227,227,246,262,32,50,50,50,82,82,82],"floor_reached":42,"language":"ENG","playtime":4809,"items_purged":["Strike_R"],"score":972,"play_id":"01a7ccf6-429e-4466-ae95-8ef1a372f61b","local_time":"20210208152945","is_ascension_mode":true,"campfire_choices":[{"data":"Uppercut","floor":7.0,"key":"SMITH"},{"floor":11.0,"key":"REST"},{"data":"Combust","floor":15.0,"key":"SMITH"},{"data":"Battle Trance","floor":23.0,"key":"SMITH"},{"floor":25.0,"key":"REST"},{"floor":28.0,"key":"REST"},{"data":"Juggernaut","floor":30.0,"key":"SMITH"},{"floor":32.0,"key":"REST"},{"floor":40,"key":"REST"}],"circlet_count":0,"master_deck":["AscendersBane","Strike_R","Strike_R","Defend_R","Defend_R","Defend_R","Bash","Twin Strike","True Grit","Thunderclap","Uppercut+1","Combust+1","Juggernaut+1","Reaper","Rupture+1","Immolate+1","Clash+1","Battle Trance+1","Bloodletting","True Grit+1","Burning Pact","Reaper","Shrug It Off","Limit Break","Evolve","Feel No Pain","Feel No Pain","Spot Weakness+1"],"relics":["Burning Blood","Boot","The Courier","Regal Pillow","Anchor","Strawberry","Bottled Tornado","Astrolabe","Toy Ornithopter","Happy Flower","Bag of Marbles","Question Card","Potion Belt","Nunchaku","SlaversCollar","ClockworkSouvenir","Ornamental Fan"],"acts_visited":["Exordium","TheCity","TheBeyond"],"potions_floor_usage":[38,41],"damage_taken":[{"damage":9.0,"enemies":"Jaw Worm","floor":1.0,"turns":4.0},{"damage":1.0,"enemies":"Cultist","floor":2.0,"turns":3.0},{"damage":2.0,"enemies":"2 Louse","floor":3.0,"turns":3.0},{"damage":12.0,"enemies":"Exordium Thugs","floor":4.0,"turns":4.0},{"damage":54.0,"enemies":"Gremlin Nob","floor":6.0,"turns":5.0},{"damage":16.0,"enemies":"3 Louse","floor":8.0,"turns":3.0},{"damage":4.0,"enemies":"2 Fungi Beasts","floor":10.0,"turns":4.0},{"damage":22.0,"enemies":"3 Sentries","floor":12.0,"turns":7.0},{"damage":22.0,"enemies":"Gremlin Nob","floor":14.0,"turns":4.0},{"damage":21.0,"enemies":"Slime Boss","floor":16.0,"turns":6.0},{"damage":12.0,"enemies":"2 Thieves","floor":18.0,"turns":2.0},{"damage":17.0,"enemies":"Chosen","floor":21.0,"turns":4.0},{"damage":20.0,"enemies":"Snake Plant","floor":24.0,"turns":3.0},{"damage":74.0,"enemies":"Slavers","floor":27.0,"turns":4.0},{"damage":3.0,"enemies":"Chosen and Byrds","floor":29.0,"turns":3.0},{"damage":49.0,"enemies":"Book of Stabbing","floor":31.0,"turns":5.0},{"damage":79.0,"enemies":"Collector","floor":33.0,"turns":8.0},{"damage":12.0,"enemies":"3 Darklings","floor":35.0,"turns":2.0},{"damage":18.0,"enemies":"Orb Walker","floor":36.0,"turns":3.0},{"damage":60,"enemies":"Writhing Mass","floor":38,"turns":7},{"damage":59,"enemies":"Reptomancer","floor":41,"turns":7},{"damage":84,"enemies":"Transient","floor":42,"turns":4}],"seed_played":"-3189159096219698396","potions_obtained":[{"floor":3.0,"key":"Ancient Potion"},{"floor":6.0,"key":"Weak Potion"},{"floor":8.0,"key":"AttackPotion"},{"floor":12.0,"key":"Ancient Potion"},{"floor":14.0,"key":"SneckoOil"},{"floor":27.0,"key":"CultistPotion"},{"floor":29.0,"key":"FearPotion"},{"floor":38,"key":"Swift Potion"}],"is_trial":false,"path_per_floor":["M","M","M","M","?","E","R","M","T","M","R","E","$","E","R","B",null,"M","T","$","M","?","R","M","R","T","E","R","M","R","E","R","B",null,"M","M","$","M","?","R","E","M"],"character_chosen":"IRONCLAD","items_purchased":["Combust","Happy Flower","Bag of Marbles","Evolve","Feel No Pain","ClockworkSouvenir"],"campfire_rested":5,"item_purchase_floors":[13,20,20,37,37,37],"current_hp_per_floor":[65,70,74,68,68,20,20,10,10,12,49,40,40,24,24,9,64,66,66,66,60,60,60,46,82,82,14,53,56,56,13,52,16,66,60,54,54,15,15,53,66,0,0],"gold":82,"neow_bonus":"RANDOM_COMMON_RELIC","is_daily":false,"chose_seed":false,"campfire_upgraded":4,"win_rate":0.0,"timestamp":1612816185,"path_taken":["M","M","M","M","?","E","R","?","T","M","R","E","?","E","R","BOSS","M","?","$","M","?","R","M","R","T","E","R","M","R","E","R","BOSS","M","M","$","M","?","R","E","M"],"items_purchased_type":["Card","Relic","Relic","Card","Card","Relic"],"build_version":"2020-12-22","purchased_purges":1,"victory":false,"max_hp_per_floor":[75,75,75,75,75,75,75,75,75,75,75,82,82,82,82,82,82,82,82,82,82,82,82,82,82,82,82,82,82,82,82,82,82,82,82,82,82,82,78,78,78,78,78],"relic_stats":{"Regal Pillow":72,"Nunchaku":[3],"Happy Flower":[16],"counters":[22,95],"Ornamental Fan":[0],"Astrolabe":["Rupture","Immolate","Clash"],"Boot":[30],"Question Card":8,"obtain_stats":[{"Potion Belt":27,"Regal Pillow":6,"Happy Flower":20,"Astrolabe":17,"The Courier":5,"Bottled Tornado":14,"Boot":0,"Question Card":26,"Burning Blood":0,"ClockworkSouvenir":37,"SlaversCollar":34,"Anchor":9,"Nunchaku":31,"Ornamental Fan":41,"Strawberry":12,"Bag of Marbles":20,"Toy Ornithopter":19},{"Potion Belt":14,"Regal Pillow":5,"Happy Flower":11,"Astrolabe":10,"The Courier":4,"Bottled Tornado":9,"Boot":0,"Question Card":13,"Burning Blood":0,"ClockworkSouvenir":19,"SlaversCollar":17,"Anchor":6,"Nunchaku":16,"Ornamental Fan":21,"Strawberry":8,"Bag of Marbles":11,"Toy Ornithopter":11},{"Potion Belt":56,"Regal Pillow":19,"Happy Flower":45,"Astrolabe":43,"The Courier":14,"Bottled Tornado":37,"Boot":0,"Question Card":52,"Burning Blood":0,"ClockworkSouvenir":77,"SlaversCollar":72,"Anchor":22,"Nunchaku":64,"Ornamental Fan":91,"Strawberry":33,"Bag of Marbles":45,"Toy Ornithopter":45}],"Burning Blood":126,"Toy Ornithopter":20},"card_choices":[{"not_picked":["Burning Pact","Evolve"],"picked":"Twin Strike","floor":1.0},{"not_picked":["Clash","Entrench"],"picked":"True Grit","floor":2.0},{"not_picked":["Flex","Anger"],"picked":"Thunderclap","floor":3.0},{"not_picked":["Warcry","Shockwave"],"picked":"Uppercut","floor":4.0},{"not_picked":["Burning Pact","Thunderclap","Berserk"],"picked":"SKIP","floor":6.0},{"not_picked":["Iron Wave","Cleave","True Grit"],"picked":"SKIP","floor":8.0},{"not_picked":["True Grit","Sentinel","Twin Strike"],"picked":"SKIP","floor":10.0},{"not_picked":["Flex","Bloodletting","Iron Wave"],"picked":"SKIP","floor":12.0},{"not_picked":["Combust","Perfected Strike"],"picked":"Juggernaut","floor":14.0},{"not_picked":["Demon Form","Bludgeon"],"picked":"Reaper","floor":16.0},{"not_picked":["Wild Strike","Twin Strike","Warcry"],"picked":"SKIP","floor":18.0},{"not_picked":["Clothesline","Intimidate"],"picked":"Battle Trance","floor":21.0},{"not_picked":["Heavy Blade+1","Iron Wave"],"picked":"True Grit+1","floor":24.0},{"not_picked":["Clash","Heavy Blade","Iron Wave","Headbutt+1"],"picked":"SKIP","floor":27.0},{"not_picked":["Sword Boomerang","Carnage","Headbutt","Dropkick"],"picked":"SKIP","floor":29.0},{"not_picked":["Thunderclap","Heavy Blade","Wild Strike"],"picked":"Burning Pact","floor":31.0},{"not_picked":["Brutality","Berserk","Immolate"],"picked":"Reaper","floor":33.0},{"not_picked":["Rage","Havoc","Uppercut+1"],"picked":"Shrug It Off","floor":35.0},{"not_picked":["Flex+1","Havoc","Infernal Blade"],"picked":"Limit Break","floor":36.0},{"not_picked":["Body Slam","Hemokinesis+1","True Grit"],"picked":"Feel No Pain","floor":38},{"not_picked":["Wild Strike","Havoc","Iron Wave"],"picked":"Spot Weakness+1","floor":41}],"player_experience":2799471,"relics_obtained":[{"floor":6.0,"key":"Regal Pillow"},{"floor":9.0,"key":"Anchor"},{"floor":12.0,"key":"Strawberry"},{"floor":14.0,"key":"Bottled Tornado"},{"floor":19.0,"key":"Toy Ornithopter"},{"floor":26.0,"key":"Question Card"},{"floor":27.0,"key":"Potion Belt"},{"floor":31.0,"key":"Nunchaku"},{"floor":41,"key":"Ornamental Fan"}],"event_choices":[{"damage_healed":0.0,"max_hp_gain":0.0,"max_hp_loss":0.0,"gold_gain":0.0,"event_name":"WeMeetAgain","player_choice":"Gave Potion","floor":5.0,"gold_loss":0.0,"damage_taken":0.0,"relics_obtained":["The Courier"]},{"damage_healed":0.0,"max_hp_gain":0.0,"max_hp_loss":0.0,"gold_gain":0.0,"event_name":"The Library","player_choice":"Read","floor":22.0,"gold_loss":0.0,"damage_taken":0.0,"cards_obtained":["Bloodletting"]},{"damage_healed":0,"gold_gain":0,"player_choice":"Max HP","damage_taken":0,"max_hp_gain":0,"max_hp_loss":4,"event_name":"Winding Halls","floor":39,"gold_loss":0}],"is_beta":false,"boss_relics":[{"not_picked":["Empty Cage","Busted Crown"],"picked":"Astrolabe"},{"not_picked":["Philosopher\u0027s Stone","Tiny House"],"picked":"SlaversCollar"}],"items_purged_floors":[13],"is_endless":false,"potions_floor_spawned":[3,6,8,10,12,14,27,29,38],"killed_by":"Transient","ascension_level":20}}