{"host":"q7zm4xeotpldz9qq","time":1612811910,"event":{"mods":["ATMod(阿瑾Mod)","BaseMod","Colored Powertips","Downfall","Minty Spire (QoL Compilation)","Relic Stats","StSLib","[功能]功能增强和修复MOD"],"gold_per_floor":[99,99,99,99,64,64,87,187,205,5,0,35,48,103,127,238,0,12,38,70,62,62,82,163,163,190,270,340,340,680,766,810,981,981,881,925,925,1011,1150,1277,1277,1277,1277,1321,1433,1433,1492,1492,1528,1553,1553,1607,1607,1607,1732,1757],"floor_reached":57,"language":"ZHS","playtime":6520,"items_purged":["Slimebound:Strike_Slimebound","Slimebound:Defend_Slimebound","Slimebound:Strike_Slimebound","Slimebound:Strike_Slimebound","Slimebound:Defend_Slimebound","Slimebound:Defend_Slimebound","Slimebound:Defend_Slimebound","Writhe","expansioncontent:Chronoboost"],"score":1430,"play_id":"b8dda260-f216-43b3-9360-9c837b466a7c","local_time":"20210209031830","is_ascension_mode":false,"campfire_choices":[{"floor":1,"key":"RECALL"},{"floor":10,"key":"REST"},{"data":"Slimebound:Split","floor":18,"key":"SMITH"},{"data":"Slimebound:SplitLeeching","floor":25,"key":"SMITH"},{"data":"Slimebound:Dissolve","floor":35,"key":"SMITH"},{"data":"AT_Desolate","floor":43,"key":"SMITH"},{"floor":54,"key":"REST"}],"circlet_count":0,"master_deck":["Slimebound:Tackle","Slimebound:Split+1","Slimebound:CorrosiveSpit","AT_Desolate+1","Slimebound:SlimeSpikes","Slimebound:RollThrough","Slimebound:SamplingLick","Panache","Bandage Up","Slimebound:Repurpose","Slimebound:Dissolve+1","Slimebound:Nibble","Slimebound:ProtectTheBoss","Slimebound:Split","Slimebound:SamplingLick","Slimebound:ForwardTackle","Slimebound:MinionMaster","Purity","Slimebound:SplitLeeching+1","Slimebound:Equalize","Slimebound:PressTheAttack","expansioncontent:StudyTheSpire","Slimebound:FinishingTackle","Slimebound:RollThrough","Slimebound:ItLooksTasty","Slimebound:OozeBath","Slimebound:ForwardTackle","Slimebound:SplitMire","Slimebound:GoopSpray","expansioncontent:HyperBeam","expansioncontent:QuickStudy","Slimebound:SplitLeeching","Slimebound:FinishingTackle","Slimebound:ItLooksTasty","Slimebound:SplitMire+1","Slimebound:SlimeTap","Slimebound:LevelUp","Slimebound:MegaLick+1","Swift Strike","Slimebound:LeechEnergy+1","Slimebound:Repurpose","Slimebound:SamplingLick","Slimebound:SlimeSpikes+1","Slimebound:SplitLeeching","Slimebound:RallyTheTroops","Slimebound:RejuvenatingLick+1","Slimebound:SlimeBrawl+1","Slimebound:BestDefense+1","Slimebound:LevelUp","Slimebound:Replication","Slimebound:SamplingLick+1","Slimebound:LeechLife","Deep Breath","Slimebound:HauntingLick","Slimebound:ComboTackle","Slimebound:SelfFormingGoo","Slimebound:Schlurp+1","Slimebound:ProtectTheBoss","Slimebound:GrowthPunch","Slimebound:Nibble+1","Slimebound:Schlurp","Slimebound:OneTwoCombo","Slimebound:PressTheAttack","Slimebound:Grow","Slimebound:GoopSpray","Slimebound:HauntingLick","Slimebound:GrowthPunch","Prostrate","Riddle With Holes+1","Transmutation","Slimebound:SlimeBarrage","Slimebound:Dissolve","Slimebound:SlimeSpikes","Slimebound:FinishingTackle","Trip","Leap","Slimebound:SplitLeeching","Dramatic Entrance","champ:GutPunch+1","sneckomod:WideSting"],"relics":["Slimebound:AbsorbEndCombat","AT_ATBox","downfall:HeartsMalice","Regal Pillow","Pear","Strange Spoon","downfall:HeartBlessingRed","downfall:HeartBlessingBlue","Ornamental Fan","Medical Kit","Orichalcum","MawBank","EctoplasmExtend","AT_DeathDance","Dead Branch","Chemical X","AT_ImmortalShieldbow","AT_MibuBalloonWealth","Mummified Hand","Nloth\u0027s Gift","Tiny Chest","OrangePellets","Astrolabe","downfall:HeartBlessingGreen","Slimebound:MaxSlimesRelic","Ginger","FossilizedHelix","Lee\u0027s Waffle","Nunchaku","Pantograph","Centennial Puzzle","ClockworkSouvenir","Darkstone Periapt","Pen Nib","PrismaticShard","Whetstone","Letter Opener","AT_SpeedBoots","Orrery"],"acts_visited":["Exordium","TheCity","TheBeyond","TheEnding"],"potions_floor_usage":[30,50],"damage_taken":[{"damage":0,"enemies":"Jaw Worm","floor":2,"turns":1},{"damage":0,"enemies":"Small Slimes","floor":4,"turns":1},{"damage":0,"enemies":"downfall:FleeingMerchant","floor":5,"turns":1},{"damage":0,"enemies":"Cultist","floor":6,"turns":1},{"damage":35,"enemies":"Cultist","floor":8,"turns":5},{"damage":40,"enemies":"Exordium Thugs","floor":9,"turns":5},{"damage":10,"enemies":"downfall:FleeingMerchant","floor":11,"turns":4},{"damage":20,"enemies":"Gremlin Nob","floor":12,"turns":4},{"damage":0,"enemies":"Exordium Wildlife","floor":13,"turns":2},{"damage":11,"enemies":"Large Slime","floor":15,"turns":6},{"damage":31,"enemies":"IC_STATUS_ARCHETYPE","floor":16,"turns":6},{"damage":15,"enemies":"3 Byrds","floor":19,"turns":3},{"damage":16,"enemies":"Shell Parasite","floor":20,"turns":4},{"damage":11,"enemies":"downfall:FleeingMerchant","floor":21,"turns":4},{"damage":10,"enemies":"Snake Plant","floor":23,"turns":2},{"damage":19,"enemies":"Book of Stabbing","floor":26,"turns":4},{"damage":8,"enemies":"Centurion and Healer","floor":28,"turns":2},{"damage":4,"enemies":"downfall:FleeingMerchant","floor":30,"turns":4},{"damage":12,"enemies":"3 Cultists","floor":31,"turns":4},{"damage":3,"enemies":"Snecko","floor":32,"turns":2},{"damage":10,"enemies":"DF_ARCHETYPE_CLAW","floor":33,"turns":4},{"damage":24,"enemies":"Orb Walker","floor":36,"turns":3},{"damage":12,"enemies":"3 Shapes","floor":38,"turns":3},{"damage":14,"enemies":"3 Darklings","floor":39,"turns":4},{"damage":41,"enemies":"Reptomancer","floor":40,"turns":3},{"damage":0,"enemies":"Maw","floor":44,"turns":4},{"damage":2,"enemies":"4 Shapes","floor":45,"turns":3},{"damage":0,"enemies":"Giant Head","floor":47,"turns":6},{"damage":0,"enemies":"Spire Growth","floor":49,"turns":3},{"damage":8,"enemies":"WA_ARCHETYPE_DIVINITY","floor":50,"turns":7},{"damage":14,"enemies":"downfall:CharBossMerchant","floor":52,"turns":6},{"damage":30,"enemies":"downfall:NeowBoss","floor":55,"turns":13},{"damage":341,"enemies":"downfall:NeowBossFinal","floor":56,"turns":13}],"seed_played":"-6770239843197948485","potions_obtained":[{"floor":39,"key":"Regen Potion"}],"is_trial":false,"path_per_floor":["R","M","?","M","$","M","T","?","M","R","$","E","M","T","M","B",null,"R","M","M","$","?","M","T","R","E","T","M","?","$","M","M","B",null,"R","M","?","M","M","E","T","$","R","M","M","$","E","$","M","B",null,"E","$","R","B","B",null],"character_chosen":"SLIMEBOUND","items_purchased":["Regal Pillow","Pear","Strange Spoon","Panache","Bandage Up","Slimebound:SpikyOuterGoop","Slimebound:Repurpose","Slimebound:Dissolve","Slimebound:DisruptingSlam","Slimebound:Nibble","LiquidMemories","DistilledChaos","Weak Potion","Ornamental Fan","Medical Kit","expansioncontent:Chronoboost","expansioncontent:StudyTheSpire","Slimebound:FinishingTackle","AT_DeathDance","Dead Branch","Chemical X","expansioncontent:HyperBeam","expansioncontent:QuickStudy","Slimebound:SplitLeeching","Slimebound:FinishingTackle","Slimebound:ItLooksTasty","Slimebound:Gluttony","Tiny Chest","OrangePellets","Swift Strike","Slimebound:LeechEnergy","Slimebound:Repurpose","Slimebound:SamplingLick","FossilizedHelix","Lee\u0027s Waffle","Nunchaku","Deep Breath","Slimebound:HauntingLick","Slimebound:ComboTackle","Pantograph","Centennial Puzzle","ClockworkSouvenir","Slimebound:ProtectTheBoss","Slimebound:GrowthPunch","Slimebound:Nibble","Slimebound:Schlurp","Pen Nib","PrismaticShard","Slimebound:PressTheAttack","Slimebound:Grow","Slimebound:GoopSpray","Slimebound:HauntingLick","Slimebound:GrowthPunch","Letter Opener","AT_SpeedBoots","Transmutation","Slimebound:SlimeBarrage","Slimebound:Dissolve","Slimebound:SlimeSpikes","Slimebound:FinishingTackle","Trip","Guardian:BlockOnCardUsePotion","Fire Potion","Fire Potion","Orrery"],"campfire_rested":2,"item_purchase_floors":[5,5,5,5,5,5,5,5,5,5,5,5,5,11,11,11,11,11,21,21,21,21,21,21,21,21,21,30,30,30,30,30,30,42,42,42,42,42,42,46,46,46,46,46,46,46,48,48,48,48,48,48,48,53,53,53,53,53,53,53,53,53,53,53,53],"current_hp_per_floor":[65,65,65,65,75,75,75,50,18,68,68,62,66,66,63,40,85,85,84,72,77,77,73,73,73,58,58,62,62,66,64,63,65,85,85,65,65,61,55,41,41,92,92,92,91,91,92,92,92,90,92,78,78,92,62,92],"gold":1757,"neow_bonus":"THREE_ENEMY_KILL","is_daily":false,"chose_seed":false,"campfire_upgraded":4,"win_rate":0.0,"timestamp":1612811910,"path_taken":["R","M","?","M","$","M","T","?","?","R","$","E","M","?","M","BOSS","R","M","M","$","?","M","T","R","E","?","M","?","$","M","M","BOSS","R","?","?","M","M","E","T","$","R","M","M","$","E","$","M","BOSS","E","$","R","BOSS","BOSS"],"items_purchased_type":["Relic","Relic","Relic","Card","Card","Card","Card","Card","Card","Card","Potion","Potion","Potion","Relic","Relic","Card","Card","Card","Relic","Relic","Relic","Card","Card","Card","Card","Card","Card","Relic","Relic","Card","Card","Card","Card","Relic","Relic","Relic","Card","Card","Card","Relic","Relic","Relic","Card","Card","Card","Card","Relic","Relic","Card","Card","Card","Card","Card","Relic","Relic","Card","Card","Card","Card","Card","Card","Potion","Potion","Potion","Relic"],"build_version":"2020-12-22","purchased_purges":9,"victory":true,"max_hp_per_floor":[65,65,65,65,75,75,75,75,75,85,85,85,85,85,85,85,85,85,85,85,85,85,85,85,85,85,85,85,85,85,85,85,85,85,85,85,85,85,85,85,85,92,92,92,92,92,92,92,92,92,92,92,92,92,92,92],"relic_stats":{"Darkstone Periapt":0,"Regal Pillow":15,"Lee\u0027s Waffle":51,"counters":[33,132],"Dead Branch":[172],"Astrolabe":["Slimebound:RejuvenatingLick","Slimebound:SlimeBrawl","Slimebound:BestDefense"],"Pen Nib":[9],"Ginger":[30],"Whetstone":["Slimebound:LeechEnergy","Slimebound:Nibble"],"Letter Opener":[110],"Orichalcum":[90],"Medical Kit":[3],"MawBank":84,"Strange Spoon":[190],"OrangePellets":[27],"Nunchaku":[12],"Centennial Puzzle":[12],"Ornamental Fan":[148],"Mummified Hand":[105],"Pantograph":25,"Tiny Chest":0,"Nloth\u0027s Gift":2,"Chemical X":[6],"obtain_stats":[{"Darkstone Periapt":47,"Regal Pillow":5,"AT_ATBox":0,"AT_MibuBalloonWealth":26,"downfall:HeartBlessingGreen":35,"Ginger":41,"Whetstone":52,"PrismaticShard":48,"ClockworkSouvenir":46,"Nunchaku":42,"Centennial Puzzle":46,"downfall:BrokenWingStatue":3,"Slimebound:MaxSlimesRelic":40,"downfall:HeartBlessingBlue":10,"Mummified Hand":27,"Pantograph":46,"Tiny Chest":30,"Chemical X":21,"Lee\u0027s Waffle":42,"Pear":5,"downfall:HeartBlessingRed":10,"EctoplasmExtend":17,"Dead Branch":21,"Astrolabe":34,"downfall:HeartsMalice":0,"Pen Nib":48,"Letter Opener":53,"Orichalcum":12,"Medical Kit":11,"MawBank":14,"AT_ImmortalShieldbow":24,"Strange Spoon":5,"OrangePellets":30,"AT_SpeedBoots":53,"downfall:GremlinSack":8,"Ornamental Fan":11,"Orrery":53,"Slimebound:AbsorbEndCombat":0,"Nloth\u0027s Gift":29,"AT_DeathDance":21,"FossilizedHelix":42},{"Darkstone Periapt":28,"Regal Pillow":3,"AT_ATBox":0,"AT_MibuBalloonWealth":16,"downfall:HeartBlessingGreen":21,"Ginger":25,"Whetstone":31,"PrismaticShard":28,"ClockworkSouvenir":27,"Nunchaku":25,"Centennial Puzzle":27,"downfall:BrokenWingStatue":1,"Slimebound:MaxSlimesRelic":25,"downfall:HeartBlessingBlue":6,"Mummified Hand":16,"Pantograph":27,"Tiny Chest":18,"Chemical X":14,"Lee\u0027s Waffle":25,"Pear":3,"downfall:HeartBlessingRed":6,"EctoplasmExtend":11,"Dead Branch":14,"Astrolabe":21,"downfall:HeartsMalice":0,"Pen Nib":28,"Letter Opener":31,"Orichalcum":8,"Medical Kit":7,"MawBank":9,"AT_ImmortalShieldbow":15,"Strange Spoon":3,"OrangePellets":18,"AT_SpeedBoots":31,"downfall:GremlinSack":5,"Ornamental Fan":7,"Orrery":31,"Slimebound:AbsorbEndCombat":0,"Nloth\u0027s Gift":17,"AT_DeathDance":14,"FossilizedHelix":25},{"Darkstone Periapt":91,"Regal Pillow":0,"AT_ATBox":0,"AT_MibuBalloonWealth":50,"downfall:HeartBlessingGreen":66,"Ginger":79,"Whetstone":107,"PrismaticShard":91,"ClockworkSouvenir":85,"Nunchaku":79,"Centennial Puzzle":85,"downfall:BrokenWingStatue":0,"Slimebound:MaxSlimesRelic":79,"downfall:HeartBlessingBlue":11,"Mummified Hand":50,"Pantograph":85,"Tiny Chest":56,"Chemical X":44,"Lee\u0027s Waffle":79,"Pear":0,"downfall:HeartBlessingRed":11,"EctoplasmExtend":33,"Dead Branch":44,"Astrolabe":66,"downfall:HeartsMalice":0,"Pen Nib":91,"Letter Opener":107,"Orichalcum":19,"Medical Kit":15,"MawBank":21,"AT_ImmortalShieldbow":46,"Strange Spoon":0,"OrangePellets":56,"AT_SpeedBoots":107,"downfall:GremlinSack":6,"Ornamental Fan":15,"Orrery":107,"Slimebound:AbsorbEndCombat":0,"Nloth\u0027s Gift":52,"AT_DeathDance":44,"FossilizedHelix":79}]},"card_choices":[{"not_picked":["Slimebound:AcidTongue","Slimebound:HauntingLick"],"picked":"Slimebound:SlimeSpikes","floor":2},{"not_picked":["Slimebound:ComboTackle","Slimebound:PressTheAttack"],"picked":"Slimebound:RollThrough","floor":4},{"not_picked":["Slimebound:ViciousTackle","Slimebound:RejuvenatingLick"],"picked":"Slimebound:SamplingLick","floor":5},{"not_picked":["Slimebound:LeechEnergy","Slimebound:DisruptingSlam"],"picked":"Slimebound:ProtectTheBoss","floor":6},{"not_picked":["Slimebound:MegaLick","Slimebound:FinishingTackle"],"picked":"Slimebound:SplitLeeching","floor":8},{"not_picked":["Slimebound:BestDefense","Slimebound:Grow"],"picked":"Slimebound:Equalize","floor":9},{"not_picked":["Slimebound:LeechingTouch","Slimebound:Replication"],"picked":"Slimebound:PressTheAttack","floor":11},{"not_picked":["Slimebound:SlimeBarrage","Slimebound:FirmFortitude"],"picked":"Slimebound:RollThrough","floor":12},{"not_picked":["Slimebound:FinishingTackle","Slimebound:RejuvenatingLick"],"picked":"Slimebound:Gluttony","floor":13},{"not_picked":["Slimebound:HauntingLick","Slimebound:LivingWall"],"picked":"Slimebound:ItLooksTasty","floor":15},{"not_picked":["Slimebound:SlimeSlap","Slimebound:SelfFormingGoo"],"picked":"Slimebound:OozeBath","floor":16},{"not_picked":["Slimebound:LeechEnergy","Slimebound:RainOfGoop+1"],"picked":"Slimebound:ForwardTackle","floor":19},{"not_picked":["Slimebound:RollThrough","Slimebound:Dissolve"],"picked":"Slimebound:SplitMire","floor":20},{"not_picked":["Slimebound:Dissolve","Slimebound:ViciousTackle"],"picked":"Slimebound:GoopSpray","floor":21},{"not_picked":["Slimebound:ViciousTackle+1","Slimebound:LeechingTouch+1"],"picked":"Slimebound:SplitMire+1","floor":23},{"not_picked":["Slimebound:FormOfPuddle","Slimebound:Schlurp+1"],"picked":"Slimebound:SlimeTap","floor":26},{"not_picked":["Slimebound:PressTheAttack","Slimebound:HauntingLick"],"picked":"Slimebound:LevelUp","floor":28},{"not_picked":["Slimebound:SlimeSpikes","Slimebound:LivingWall"],"picked":"Slimebound:MegaLick+1","floor":30},{"not_picked":["Slimebound:Replication","Slimebound:ItLooksTasty"],"picked":"Slimebound:SlimeSpikes+1","floor":31},{"not_picked":["Slimebound:RollThrough","Slimebound:WasteNot"],"picked":"Slimebound:SplitLeeching","floor":32},{"not_picked":["Slimebound:DouseInSlime","Slimebound:SlimeSlap"],"picked":"Slimebound:RallyTheTroops","floor":33},{"not_picked":["Slimebound:SplitAcid","Slimebound:SplitMire"],"picked":"Slimebound:LevelUp","floor":36},{"not_picked":["Slimebound:Gluttony+1","Slimebound:TongueLash"],"picked":"Slimebound:Replication","floor":38},{"not_picked":["Slimebound:ItLooksTasty","Slimebound:Equalize+1"],"picked":"Slimebound:SamplingLick+1","floor":39},{"not_picked":["Slimebound:SamplingLick+1","Slimebound:LivingWall+1"],"picked":"Slimebound:LeechLife","floor":40},{"not_picked":["Slimebound:SlimeSpikes+1","Slimebound:Equalize"],"picked":"Slimebound:SelfFormingGoo","floor":44},{"not_picked":["Slimebound:SplitMire","Slimebound:SpikyOuterGoop"],"picked":"Slimebound:Schlurp+1","floor":45},{"not_picked":["Slimebound:ForwardTackle+1","Slimebound:Equalize"],"picked":"Slimebound:OneTwoCombo","floor":47},{"not_picked":["Static Discharge+1","Perseverance"],"picked":"Prostrate","floor":49},{"not_picked":["champ:FalseCounter","Sweeping Beam+1"],"picked":"Riddle With Holes+1","floor":52},{"not_picked":["hexamod:RecurringNightmare+1","Hologram"],"picked":"Leap","floor":53},{"not_picked":["bronze:RecursiveStrike","hexamod:FirstSeal"],"picked":"Slimebound:SplitLeeching","floor":53},{"not_picked":["Guardian:TemporalShield+1","Intimidate+1"],"picked":"Dramatic Entrance","floor":53},{"not_picked":["Collect","sneckomod:ImprovisedGuard"],"picked":"champ:GutPunch+1","floor":53},{"not_picked":["Rebound+1","Compile Driver"],"picked":"sneckomod:WideSting","floor":53}],"player_experience":78568,"relics_obtained":[{"floor":8,"key":"downfall:GremlinSack"},{"floor":12,"key":"Orichalcum"},{"floor":14,"key":"MawBank"},{"floor":24,"key":"AT_ImmortalShieldbow"},{"floor":26,"key":"AT_MibuBalloonWealth"},{"floor":27,"key":"Mummified Hand"},{"floor":40,"key":"Slimebound:MaxSlimesRelic"},{"floor":41,"key":"Ginger"},{"floor":47,"key":"Darkstone Periapt"},{"floor":52,"key":"Whetstone"}],"event_choices":[{"cards_removed":["Slimebound:DisruptingSlam"],"damage_healed":0,"gold_gain":0,"player_choice":"Removed Attack","damage_taken":0,"max_hp_gain":0,"max_hp_loss":0,"event_name":"Falling","floor":37,"gold_loss":0}],"is_beta":false,"boss_relics":[{"not_picked":["Runic Dome","Sozu"],"picked":"EctoplasmExtend"},{"not_picked":["Velvet Choker","Pandora\u0027s Box"],"picked":"Astrolabe"}],"items_purged_floors":[5,5,5,5,5,5,5,21,30],"is_endless":false,"potions_floor_spawned":[9,12,13,15,16,19,20,28,39,40,45,49],"ascension_level":0}}