{"host":"ptk1shuto3uimndw","time":1612785647,"event":{"mods":["AchievementEnabler","BaseMod","Bestiary","Colored Map","Colored Powertips","Curses Come First","Minty Spire (QoL Compilation)","Quick Restart","Rare Cards Sparkle","Relic Stats","StSLib","Uncapped"],"gold_per_floor":[114,114,127,127,150,194,194,225,225,237,27,52,72,72,72,202,202,217,240,12,192,207,207,241,241,265,300,300,320,320,320],"floor_reached":30,"language":"ENG","playtime":623,"items_purged":["Strike_P"],"score":439,"play_id":"00f14c18-15b2-4026-b005-f3868a62e3a6","local_time":"20210208130047","is_ascension_mode":true,"campfire_choices":[{"data":"TalkToTheHand","floor":7.0,"key":"SMITH"},{"data":"CrushJoints","floor":10.0,"key":"SMITH"},{"floor":15.0,"key":"REST"},{"data":"Omniscience","floor":23,"key":"SMITH"},{"data":"Ragnarok","floor":25,"key":"SMITH"}],"circlet_count":0,"master_deck":["Strike_P","Strike_P","Strike_P+1","Defend_P","Defend_P","Defend_P","Defend_P","Eruption+1","Vigilance+1","CutThroughFate+1","FlyingSleeves","TalkToTheHand+1","CrushJoints+1","CarveReality+1","ThirdEye","CutThroughFate","Omniscience+1","ClearTheMind+1","Ragnarok+1","Tantrum","FlurryOfBlows+1"],"relics":["PureWater","Golden Idol","Damaru","HornCleat","MawBank","Centennial Puzzle","Philosopher\u0027s Stone","Whetstone","Juzu Bracelet","MealTicket","Pen Nib","Singing Bowl"],"acts_visited":["Exordium","TheCity"],"potions_floor_usage":[22],"damage_taken":[{"damage":7.0,"enemies":"Small Slimes","floor":1.0,"turns":3.0},{"damage":0.0,"enemies":"Jaw Worm","floor":3.0,"turns":2.0},{"damage":0.0,"enemies":"2 Louse","floor":5.0,"turns":2.0},{"damage":29.0,"enemies":"3 Sentries","floor":6.0,"turns":6.0},{"damage":14.0,"enemies":"Gremlin Nob","floor":8.0,"turns":5.0},{"damage":6.0,"enemies":"Lots of Slimes","floor":13.0,"turns":2.0},{"damage":0.0,"enemies":"Slime Boss","floor":16.0,"turns":3.0},{"damage":0.0,"enemies":"Spheric Guardian","floor":18.0,"turns":3.0},{"damage":1.0,"enemies":"Shell Parasite","floor":19.0,"turns":2.0},{"damage":0,"enemies":"Snake Plant","floor":22,"turns":1},{"damage":0,"enemies":"Gremlin Leader","floor":24,"turns":3},{"damage":11,"enemies":"Book of Stabbing","floor":27,"turns":2},{"damage":0,"enemies":"Centurion and Healer","floor":29,"turns":2},{"damage":37,"enemies":"Slavers","floor":30,"turns":1}],"seed_played":"4930952383978002646","potions_obtained":[{"floor":3.0,"key":"LiquidBronze"},{"floor":5.0,"key":"Explosive Potion"},{"floor":6.0,"key":"Strength Potion"},{"floor":19.0,"key":"StancePotion"},{"floor":27,"key":"SpeedPotion"}],"is_trial":false,"path_per_floor":["M","?","M","?","M","E","R","E","T","R","$","T","M","?","R","B",null,"M","M","$","?","M","R","E","R","T","E","T","M","E"],"character_chosen":"WATCHER","items_purchased":["CutThroughFate","Ambrosia","Ragnarok","Whetstone"],"campfire_rested":1,"item_purchase_floors":[11,11,20,20],"current_hp_per_floor":[65,65,65,65,65,36,36,22,22,22,22,22,16,3,23,23,56,56,55,55,36,36,36,36,36,36,25,25,25,0,0],"gold":320,"neow_bonus":"THREE_CARDS","is_daily":false,"chose_seed":false,"campfire_upgraded":4,"win_rate":0.0,"timestamp":1612785647,"path_taken":["M","?","M","?","M","E","R","E","T","R","$","?","?","?","R","BOSS","M","M","$","?","?","R","E","R","T","E","?","M","E"],"items_purchased_type":["Card","Potion","Card","Relic"],"build_version":"2020-12-22","purchased_purges":1,"victory":false,"max_hp_per_floor":[72,72,72,67,67,67,67,67,67,67,67,67,67,67,67,67,67,67,67,67,67,67,67,67,67,67,67,67,67,67,67],"relic_stats":{"Centennial Puzzle":[12],"Singing Bowl":0,"counters":[14,37],"Golden Idol":79,"MealTicket":0,"Pen Nib":[1],"Juzu Bracelet":0,"Whetstone":["CutThroughFate","Strike_P"],"MawBank":24,"obtain_stats":[{"Centennial Puzzle":12,"HornCleat":8,"Singing Bowl":28,"Golden Idol":4,"Damaru":6,"Philosopher\u0027s Stone":17,"MealTicket":26,"Pen Nib":27,"Juzu Bracelet":24,"Whetstone":20,"PureWater":0,"MawBank":9},{"Centennial Puzzle":5,"HornCleat":5,"Singing Bowl":12,"Golden Idol":2,"Damaru":4,"Philosopher\u0027s Stone":7,"MealTicket":11,"Pen Nib":12,"Juzu Bracelet":11,"Whetstone":9,"PureWater":0,"MawBank":5},{"Centennial Puzzle":18,"HornCleat":18,"Singing Bowl":34,"Golden Idol":5,"Damaru":13,"Philosopher\u0027s Stone":23,"MealTicket":32,"Pen Nib":34,"Juzu Bracelet":32,"Whetstone":28,"PureWater":0,"MawBank":18}]},"card_choices":[{"not_picked":["Wireheading","CrushJoints"],"picked":"CutThroughFate","floor":0.0},{"not_picked":["Evaluate","Nirvana"],"picked":"FlyingSleeves","floor":1.0},{"not_picked":["Fasting2","JustLucky"],"picked":"TalkToTheHand","floor":3.0},{"not_picked":["Consecrate","PathToVictory"],"picked":"CrushJoints","floor":5.0},{"not_picked":["EmptyFist","FlurryOfBlows"],"picked":"CarveReality","floor":6.0},{"not_picked":["Alpha","DeusExMachina"],"picked":"ThirdEye","floor":8.0},{"not_picked":["SignatureMove","SandsOfTime","Evaluate"],"picked":"SKIP","floor":13.0},{"not_picked":["Alpha","Establishment"],"picked":"Omniscience","floor":16.0},{"not_picked":["CarveReality","Perseverance","PathToVictory"],"picked":"SKIP","floor":18.0},{"not_picked":["Crescendo","BowlingBash+1"],"picked":"ClearTheMind+1","floor":19.0},{"not_picked":["Consecrate","FlyingSleeves","Sanctity+1"],"picked":"SKIP","floor":22},{"not_picked":["Wallop","Prostrate"],"picked":"Tantrum","floor":24},{"not_picked":["DevaForm","Crescendo+1","BattleHymn"],"picked":"SKIP","floor":27},{"not_picked":["Protect","Halt"],"picked":"FlurryOfBlows+1","floor":29}],"player_experience":243070,"relics_obtained":[{"floor":6.0,"key":"Damaru"},{"floor":8.0,"key":"HornCleat"},{"floor":9.0,"key":"MawBank"},{"floor":12.0,"key":"Centennial Puzzle"},{"floor":24,"key":"Juzu Bracelet"},{"floor":26,"key":"MealTicket"},{"floor":27,"key":"Pen Nib"},{"floor":28,"key":"Singing Bowl"}],"event_choices":[{"damage_healed":0.0,"max_hp_gain":0.0,"max_hp_loss":0.0,"gold_gain":0.0,"event_name":"Living Wall","player_choice":"Grow","floor":2.0,"gold_loss":0.0,"damage_taken":0.0,"cards_upgraded":["Eruption"]},{"damage_healed":0.0,"max_hp_gain":0.0,"max_hp_loss":5.0,"gold_gain":0.0,"event_name":"Golden Idol","player_choice":"Lose Max HP","floor":4.0,"gold_loss":0.0,"damage_taken":0.0,"relics_obtained":["Golden Idol"]},{"damage_healed":0.0,"max_hp_gain":0.0,"max_hp_loss":0.0,"gold_gain":0.0,"event_name":"Shining Light","player_choice":"Entered Light","floor":14.0,"gold_loss":0.0,"damage_taken":13.0,"cards_upgraded":["CarveReality","Vigilance"]},{"damage_healed":0.0,"max_hp_gain":0.0,"max_hp_loss":0.0,"gold_gain":180.0,"event_name":"Knowing Skull","player_choice":"GOLD GOLD ","floor":21.0,"potions_obtained":[],"gold_loss":0.0,"damage_taken":19.0,"cards_obtained":[]}],"is_beta":false,"boss_relics":[{"not_picked":["Calling Bell","Fusion Hammer"],"picked":"Philosopher\u0027s Stone"}],"items_purged_floors":[11],"is_endless":false,"potions_floor_spawned":[3,5,6,13,19,27,29],"killed_by":"Slavers","ascension_level":5}}