{"host":"a5lz0e76zb3fcwkm","time":1612792086,"event":{"mods":["AchievementEnabler","BaseMod","Colored Map","Colored Powertips","Minty Spire (QoL Compilation)","StSLib","SuperFastMode"],"gold_per_floor":[116,191,191,260,280,280,314,314,340,355,378,411,55,95,95,190,190,211,245,295,308,180,223,223,223,223],"floor_reached":25,"language":"KOR","playtime":517,"items_purged":["Strike_R"],"score":524,"play_id":"380976df-b7a8-4e1a-ad90-5d9101671dfa","local_time":"20210208224806","is_ascension_mode":true,"campfire_choices":[{"data":"Hemokinesis","floor":6,"key":"SMITH"},{"floor":8,"key":"RECALL"},{"data":"Apotheosis","floor":15,"key":"SMITH"}],"circlet_count":0,"master_deck":["AscendersBane","Strike_R+1","Defend_R","Defend_R","Defend_R","Defend_R","Bash","Hemokinesis+1","Flame Barrier","Shockwave","Rupture","Apotheosis+1","Offering","Bloodletting+1","Rupture+1","Cleave+1","Sword Boomerang+1","Shrug It Off","Heavy Blade","Exhume"],"relics":["Burning Blood","NeowsBlessing","Golden Idol","HornCleat","Eternal Feather","Happy Flower","Medical Kit","Strawberry","Astrolabe","Red Mask","Whetstone"],"acts_visited":["Exordium","TheCity"],"potions_floor_usage":[12,25,25],"damage_taken":[{"damage":2,"enemies":"Small Slimes","floor":1,"turns":2},{"damage":0,"enemies":"2 Louse","floor":5,"turns":1},{"damage":0,"enemies":"Lagavulin","floor":7,"turns":1},{"damage":14,"enemies":"Jaw Worm","floor":10,"turns":2},{"damage":4,"enemies":"Lots of Slimes","floor":11,"turns":5},{"damage":25,"enemies":"Gremlin Nob","floor":12,"turns":4},{"damage":18,"enemies":"Lagavulin","floor":14,"turns":6},{"damage":9,"enemies":"Hexaghost","floor":16,"turns":9},{"damage":32,"enemies":"Chosen","floor":18,"turns":4},{"damage":54,"enemies":"Masked Bandits","floor":19,"turns":5},{"damage":13,"enemies":"Shell Parasite","floor":21,"turns":4},{"damage":15,"enemies":"Book of Stabbing","floor":23,"turns":4},{"damage":22,"enemies":"Shelled Parasite and Fungi","floor":25,"turns":3}],"seed_played":"-6525812981637124874","potions_obtained":[{"floor":1,"key":"FairyPotion"},{"floor":10,"key":"SkillPotion"},{"floor":11,"key":"BlessingOfTheForge"},{"floor":21,"key":"AttackPotion"}],"is_trial":false,"path_per_floor":["M","?","?","T","M","R","E","R","T","M","M","E","$","E","R","B",null,"M","?","?","M","$","E","?","M"],"character_chosen":"IRONCLAD","items_purchased":["Apotheosis","Medical Kit","Swift Potion"],"campfire_rested":0,"item_purchase_floors":[13,13,22],"current_hp_per_floor":[72,61,35,35,41,41,47,53,53,45,47,28,28,23,32,29,69,43,26,26,19,19,10,10,0,0],"gold":223,"neow_bonus":"THREE_ENEMY_KILL","is_daily":false,"chose_seed":false,"campfire_upgraded":2,"win_rate":0.0,"timestamp":1612792086,"path_taken":["M","?","?","?","M","R","E","R","T","M","?","E","$","E","R","BOSS","M","?","?","M","$","E","?","M"],"items_purchased_type":["Card","Relic","Potion"],"build_version":"2020-12-22","purchased_purges":1,"victory":false,"max_hp_per_floor":[75,75,75,75,75,75,75,75,75,75,75,75,75,82,82,82,82,82,82,82,82,82,82,82,82,82],"card_choices":[{"not_picked":["Sentinel","Headbutt"],"picked":"Hemokinesis","floor":1},{"not_picked":["Hemokinesis","Metallicize"],"picked":"Flame Barrier","floor":5},{"not_picked":["Dark Embrace","Flame Barrier","Clash"],"picked":"SKIP","floor":7},{"not_picked":["Perfected Strike","Hemokinesis"],"picked":"Shockwave","floor":10},{"not_picked":["Pommel Strike","Body Slam","Spot Weakness"],"picked":"SKIP","floor":11},{"not_picked":["Evolve","Clothesline"],"picked":"Rupture","floor":12},{"not_picked":["Inflame","Twin Strike","Ghostly Armor"],"picked":"SKIP","floor":14},{"not_picked":["Double Tap","Brutality"],"picked":"Offering","floor":16},{"not_picked":["Pommel Strike","Armaments"],"picked":"Sword Boomerang","floor":18},{"not_picked":["Clothesline","Wild Strike"],"picked":"Shrug It Off","floor":19},{"not_picked":["Headbutt","Wild Strike"],"picked":"Heavy Blade","floor":21},{"not_picked":["Dropkick","Thunderclap"],"picked":"Exhume","floor":23}],"player_experience":1852406,"relics_obtained":[{"floor":4,"key":"HornCleat"},{"floor":7,"key":"Eternal Feather"},{"floor":12,"key":"Happy Flower"},{"floor":14,"key":"Strawberry"},{"floor":19,"key":"Red Mask"},{"floor":23,"key":"Whetstone"}],"event_choices":[{"damage_healed":0,"gold_gain":75,"player_choice":"Gather Gold","damage_taken":11,"max_hp_gain":0,"max_hp_loss":0,"event_name":"World of Goop","floor":2,"gold_loss":0},{"damage_healed":0,"gold_gain":0,"player_choice":"Take Damage","damage_taken":26,"relics_obtained":["Golden Idol"],"max_hp_gain":0,"max_hp_loss":0,"event_name":"Golden Idol","floor":3,"gold_loss":0},{"damage_healed":0,"gold_gain":0,"player_choice":"Fought Bandits","damage_taken":0,"max_hp_gain":0,"max_hp_loss":0,"event_name":"Masked Bandits","floor":19,"gold_loss":0},{"damage_healed":0,"gold_gain":50,"player_choice":"Stole From Cult","damage_taken":0,"max_hp_gain":0,"max_hp_loss":0,"event_name":"Nest","floor":20,"gold_loss":0},{"damage_healed":0,"gold_gain":0,"player_choice":"Ignored","damage_taken":0,"max_hp_gain":0,"max_hp_loss":0,"event_name":"Vampires","floor":24,"gold_loss":0}],"is_beta":false,"boss_relics":[{"not_picked":["SacredBark","Runic Dome"],"picked":"Astrolabe"}],"items_purged_floors":[22],"is_endless":false,"potions_floor_spawned":[1,10,11,21],"killed_by":"Shelled Parasite and Fungi","ascension_level":20}}