{"host":"dtz8fhk52srfoofc","time":1612814500,"event":{"mods":["2.2 Compatiblity","AchievementEnabler","Aspiration","BaseMod","Beaked The Cultist","Better Altar","Better Match","Better Note","Better Sensory Stone","Better Third Choice","BetterRewards","Colored Map","Colored Powertips","Energized Spire","Gold Saver","Gremlin Skip","Highlight Path","Infinite Spire","JesterMod","Kratos Character Expansion","Minty Spire (QoL Compilation)","Permanent Neow","QueenMod","Quick Restart","Rare Cards Sparkle","Remove Card Discount Mod","Shop Mod","Somnambulant","Spicy Shops","StSLib","Steal the Spire","The Blackbeard","The Mystic","The Senshi","The Wild Card","TheHero","Transform Curses","Unceasing Turn Reminder","everything is the same but u backflip on backflip"],"gold_per_floor":[840,441,441,441,441,441,460,480,504,519,519,529,541,606,606,711,711,724,774,852,870,206,206,222,222,222,187,237,237,237,247,247,350,350,367,417,428,578,628,678,697,724,724,743,743,763,823,923,923,923],"floor_reached":51,"language":"ENG","playtime":3317,"items_purged":[],"score":794,"play_id":"0db37b60-a868-422e-915d-deb4902e229e","local_time":"20210208140140","is_ascension_mode":false,"campfire_choices":[{"data":"KratosMod:Tempor","floor":6.0,"key":"SMITH"},{"data":"KratosMod:BladeWhip","floor":11.0,"key":"SMITH"},{"data":"KratosMod:cyclone","floor":15.0,"key":"SMITH"},{"data":"Apotheosis","floor":23.0,"key":"SMITH"},{"data":"KratosMod:Revenge","floor":25.0,"key":"SMITH"},{"data":"KratosMod:Tempor","floor":30.0,"key":"SMITH"},{"data":"KratosMod:Tempor","floor":32.0,"key":"SMITH"},{"data":"Madness","floor":45,"key":"SMITH"},{"data":"KratosMod:settle","floor":49,"key":"SMITH"}],"circlet_count":0,"master_deck":["KratosMod:Strike_K","KratosMod:Strike_K","KratosMod:Strike_K","KratosMod:Defend_K","KratosMod:Defend_K","KratosMod:Defend_K","KratosMod:Defend_K","KratosMod:cyclone+1","KratosMod:AthenaBane","KratosMod:BladeWhip+1","KratosMod:clawsofhades","Injury","KratosMod:Endure","KratosMod:BladeWhip+1","KratosMod:clawsofhades+1","KratosMod:ShieldBash+1","KratosMod:SmashStone","KratosMod:clawsofhades+1","KratosMod:blades+1","KratosMod:Roll","KratosMod:BladeWhip+1","KratosMod:Tempor+1","KratosMod:Revenge+1","KratosMod:Tempor+1","Apotheosis+1","KratosMod:Tempor+1","KratosMod:BladeWhip+1","KratosMod:blades+1","KratosMod:Roll+1","KratosMod:clawsofhades+1","infinitespire:Collect","KratosMod:clawsofhades+1","AscendersBane","Madness+1","KratosMod:BladeWhip+1","KratosMod:BladeWhip+1","KratosMod:BladeWhip+1","KratosMod:settle+1","KratosMod:BladeWhip+1"],"relics":["KratosMod:eagle","aspiration:Nostalgia","theSenshi:TransformationBroochRelic","jesterMod:MirrorMask","infinitespire:Satchel","Molten Egg 2","SsserpentHead","Strawberry","Philosopher\u0027s Stone","Red Mask","PreservedInsect","Strange Spoon","Pear","KratosMod:amulet","Bottled Flame","energizedSpire:DeadBattery","aspiration:RunicSpoon","infinitespire:CursedDice","theSenshi:SailorFukuRelic","infinitespire:WardingShard","aspiration:AnachronicSnailShell"],"acts_visited":["Exordium","TheCity","TheBeyond"],"potions_floor_usage":[41,50],"damage_taken":[{"damage":7.0,"enemies":"2 Louse","floor":1.0,"turns":2.0},{"damage":5.0,"enemies":"Cultist","floor":7.0,"turns":4.0},{"damage":0.0,"enemies":"Small Slimes","floor":8.0,"turns":2.0},{"damage":12.0,"enemies":"Blue Slaver","floor":10.0,"turns":3.0},{"damage":0.0,"enemies":"Large Slime","floor":12.0,"turns":4.0},{"damage":1.0,"enemies":"2 Fungi Beasts","floor":13.0,"turns":2.0},{"damage":7.0,"enemies":"3 Louse","floor":14.0,"turns":3.0},{"damage":26.0,"enemies":"Hexaghost","floor":16.0,"turns":6.0},{"damage":28.0,"enemies":"3 Byrds","floor":18.0,"turns":4.0},{"damage":0.0,"enemies":"Masked Bandits","floor":20.0,"turns":2.0},{"damage":12.0,"enemies":"2 Thieves","floor":21.0,"turns":3.0},{"damage":27.0,"enemies":"Centurion and Healer","floor":24.0,"turns":4.0},{"damage":8.0,"enemies":"Cultist and Chosen","floor":31.0,"turns":3.0},{"damage":16.0,"enemies":"Automaton","floor":33.0,"turns":4.0},{"damage":8.0,"enemies":"Orb Walker","floor":35.0,"turns":2.0},{"damage":6.0,"enemies":"3 Shapes","floor":37.0,"turns":1.0},{"damage":10.0,"enemies":"infinitespire:Three Voidlings","floor":38.0,"turns":2.0},{"damage":72.0,"enemies":"Nightmare_Alpha","floor":38.0,"turns":6.0},{"damage":12,"enemies":"Spire Growth","floor":41,"turns":3},{"damage":10,"enemies":"Giant Head","floor":42,"turns":3},{"damage":11,"enemies":"4 Shapes","floor":44,"turns":2},{"damage":3,"enemies":"Writhing Mass","floor":46,"turns":2},{"damage":19,"enemies":"Maw","floor":47,"turns":3},{"damage":16,"enemies":"Mind Bloom Boss Battle","floor":48,"turns":3},{"damage":25,"enemies":"Donu and Deca","floor":50,"turns":4}],"seed_played":"3658560621678266167","potions_obtained":[{"floor":8.0,"key":"EssenceOfSteel"},{"floor":12.0,"key":"GamblersBrew"},{"floor":13.0,"key":"Block Potion"},{"floor":18.0,"key":"PowerPotion"},{"floor":31.0,"key":"PowerPotion"},{"floor":35.0,"key":"EntropicBrew"},{"floor":41,"key":"BlessingOfTheForge"}],"is_trial":false,"path_per_floor":["M","$","?","?","?","R","M","M","T","M","R","M","M","M","R","B",null,"M","?","?","M","$","R","M","R","T","?","?","AVR","R","M","R","B",null,"M","?","M","?","?","?","M","E","T","M","R","M","M","?","R","B",null],"character_chosen":"KRATOS","items_purchased":["jesterMod:MirrorMask","KratosMod:BladeWhip","KratosMod:clawsofhades","infinitespire:Satchel","PreservedInsect","Strange Spoon","KratosMod:Revenge","KratosMod:Tempor","Apotheosis"],"campfire_rested":0,"item_purchase_floors":[2,2,2,2,22,22,22,22,22],"current_hp_per_floor":[53,53,53,53,53,53,52,52,59,53,53,67,66,67,67,41,67,59,59,67,64,64,64,67,67,77,77,77,77,77,77,77,77,77,69,69,63,49,49,49,37,77,77,72,72,69,65,74,74,76],"gold":923,"neow_bonus":"NOSTALGIA","is_daily":false,"chose_seed":false,"campfire_upgraded":9,"win_rate":0.0,"timestamp":1612814500,"path_taken":["M","$","?","?","?","R","M","M","T","M","R","M","M","?","R","BOSS","M","?","?","M","$","R","M","R","T","?","?","AVR","R","M","R","BOSS","M","?","M","?","?","?","M","E","T","M","R","M","?","?","R","BOSS"],"items_purchased_type":["Relic","Card","Card","Relic","Relic","Relic","Card","Card","Card"],"build_version":"2020-12-22","purchased_purges":0,"victory":true,"max_hp_per_floor":[60,60,60,60,60,60,60,60,67,67,67,67,67,67,67,67,67,67,67,67,67,67,67,67,67,77,77,77,77,77,77,77,77,77,77,77,77,77,77,77,77,77,77,77,77,77,77,77,77,77],"card_choices":[{"not_picked":["KratosMod:BladeWhip","KratosMod:conjuresoul"],"picked":"KratosMod:Tempor","floor":1.0},{"not_picked":["KratosMod:Tempor","KratosMod:rattle"],"picked":"KratosMod:Endure","floor":7.0},{"not_picked":["KratosMod:rattle","KratosMod:conjuresoul"],"picked":"KratosMod:BladeWhip+1","floor":8.0},{"not_picked":["KratosMod:BladeWhip+1","KratosMod:conjuresoul"],"picked":"KratosMod:clawsofhades+1","floor":10.0},{"not_picked":["KratosMod:Endure","KratosMod:Tempor"],"picked":"KratosMod:ShieldBash+1","floor":12.0},{"not_picked":["KratosMod:settle","KratosMod:rattle"],"picked":"KratosMod:SmashStone","floor":13.0},{"not_picked":["KratosMod:conjuresoul","KratosMod:ShieldBash+1"],"picked":"KratosMod:clawsofhades+1","floor":14.0},{"not_picked":["KratosMod:tartarusrage+1","KratosMod:styx"],"picked":"KratosMod:blades+1","floor":16.0},{"not_picked":["KratosMod:settle","KratosMod:ShieldBash+1"],"picked":"KratosMod:Roll","floor":18.0},{"not_picked":["KratosMod:ShieldBash+1","KratosMod:Endure"],"picked":"KratosMod:BladeWhip+1","floor":20.0},{"not_picked":["KratosMod:ShieldBash+1","KratosMod:conjuresoul"],"picked":"KratosMod:Tempor","floor":21.0},{"not_picked":["KratosMod:kBerserk","KratosMod:settle"],"picked":"KratosMod:Tempor+1","floor":24.0},{"not_picked":["KratosMod:Roll+1","KratosMod:rattle"],"picked":"KratosMod:BladeWhip+1","floor":31.0},{"not_picked":["KratosMod:tartarusrage+1","KratosMod:styx"],"picked":"KratosMod:blades+1","floor":33.0},{"not_picked":["KratosMod:Endure","KratosMod:conjuresoul+1"],"picked":"KratosMod:Roll+1","floor":35.0},{"not_picked":["KratosMod:Tempor","KratosMod:Endure+1"],"picked":"KratosMod:clawsofhades+1","floor":37.0},{"not_picked":["infinitespire:SealOfDarkness+","infinitespire:Fortify"],"picked":"infinitespire:Collect","floor":38},{"not_picked":["KratosMod:kBerserk","KratosMod:Tempor"],"picked":"KratosMod:clawsofhades+1","floor":38},{"not_picked":["KratosMod:Endure+1","KratosMod:ShieldBash+1"],"picked":"KratosMod:BladeWhip+1","floor":41},{"not_picked":["KratosMod:rattle","KratosMod:Tempor"],"picked":"KratosMod:BladeWhip+1","floor":42},{"not_picked":["KratosMod:Roll","KratosMod:conjuresoul"],"picked":"KratosMod:BladeWhip+1","floor":44},{"not_picked":["KratosMod:SmashStone+1","KratosMod:ShieldBash+1","KratosMod:Endure"],"picked":"SKIP","floor":46},{"not_picked":["KratosMod:conjuresoul","KratosMod:Endure"],"picked":"KratosMod:settle","floor":47},{"not_picked":["KratosMod:conjuresoul","KratosMod:SmashStone+1"],"picked":"KratosMod:BladeWhip+1","floor":48}],"player_experience":242684,"relics_obtained":[{"floor":9.0,"key":"Strawberry"},{"floor":20.0,"key":"Red Mask"},{"floor":26.0,"key":"Pear"},{"floor":38,"key":"infinitespire:CursedDice"},{"floor":42,"key":"theSenshi:SailorFukuRelic"},{"floor":43,"key":"infinitespire:WardingShard"},{"floor":48,"key":"aspiration:AnachronicSnailShell"}],"event_choices":[{"damage_healed":0.0,"max_hp_gain":0.0,"max_hp_loss":0.0,"gold_gain":0.0,"event_name":"FaceTrader","player_choice":"Trade","floor":5.0,"gold_loss":0.0,"damage_taken":0.0,"relics_obtained":["SsserpentHead"]},{"cards_removed":["KratosMod:blades"],"damage_healed":0.0,"max_hp_gain":0.0,"max_hp_loss":0.0,"gold_gain":0.0,"event_name":"betterNote:BetterNote","player_choice":"Give","floor":19.0,"gold_loss":0.0,"damage_taken":0.0,"cards_obtained":["None"]},{"damage_healed":0.0,"max_hp_gain":0.0,"max_hp_loss":0.0,"gold_gain":0.0,"event_name":"Masked Bandits","player_choice":"Fought Bandits","floor":20.0,"gold_loss":0.0,"damage_taken":0.0},{"damage_healed":0.0,"max_hp_gain":0.0,"max_hp_loss":0.0,"gold_gain":0.0,"event_name":"Addict","player_choice":"Obtained Relic","floor":27.0,"gold_loss":85.0,"damage_taken":0.0,"relics_obtained":["KratosMod:amulet"]},{"damage_healed":0.0,"max_hp_gain":0.0,"max_hp_loss":0.0,"gold_gain":0.0,"event_name":"Ghosts","player_choice":"Ignored","floor":28.0,"gold_loss":0.0,"damage_taken":0.0},{"cards_removed":["KratosMod:Strike_K"],"damage_healed":0.0,"max_hp_gain":0.0,"max_hp_loss":0.0,"gold_gain":0.0,"event_name":"Falling","player_choice":"Removed Attack","floor":36.0,"gold_loss":0.0,"damage_taken":0.0},{"cards_removed":["KratosMod:Tempor"],"damage_healed":0,"gold_gain":0,"player_choice":"Removed Skill","damage_taken":0,"max_hp_gain":0,"max_hp_loss":0,"event_name":"Falling","floor":38,"gold_loss":0},{"damage_healed":0,"gold_gain":3,"player_choice":"3","damage_taken":0,"max_hp_gain":0,"max_hp_loss":0,"event_name":"betterStone:BetterStone","floor":39,"gold_loss":0,"cards_obtained":["Madness"]},{"damage_healed":0,"gold_gain":0,"player_choice":"Fight","damage_taken":0,"max_hp_gain":0,"max_hp_loss":0,"event_name":"MindBloom","floor":48,"gold_loss":0}],"is_beta":false,"boss_relics":[{"not_picked":["Tiny House","Runic Pyramid"],"picked":"Philosopher\u0027s Stone"},{"not_picked":["energizedSpire:NeverEndingSparkler","infinitespire:Cupcake"],"picked":"aspiration:RunicSpoon"}],"items_purged_floors":[],"is_endless":false,"potions_floor_spawned":[8,12,13,14,18,21,31,35,38,38,41,48],"ascension_level":0}}