{"host":"d4hjo1dp8g06u19c","time":1612780481,"event":{"mods":["Act Like it!","Arknights","BaseMod","Colored Map","Colored Powertips","Downfall","Marisa£®ÏF”Í°°ƒß¿Ì…≥£©","Minty Spire (QoL Compilation)","Quick Restart","Shop Mod","Spicy Shops","StSLib","The Animator","UnlockEverythingMod","Youmu£®ªÍ∆«—˝√Œ£©"],"gold_per_floor":[119,129,129,129,141,183,195,221,233,327,75,89,99,27,27,27,27],"floor_reached":16,"language":"ZHS","playtime":462,"items_purged":["Normality"],"score":125,"play_id":"7ebc1998-e710-4e01-bdd7-5c4c5f1c712d","local_time":"20210208183441","is_ascension_mode":false,"campfire_choices":[{"data":"ats:Emotion Absorption","floor":7,"key":"SMITH"},{"data":"ats:Wolf Pack","floor":15,"key":"SMITH"}],"circlet_count":0,"master_deck":["ats:Strike C","ats:Strike G","ats:Strike S+1","ats:Strike V","ats:Armor Crushing Shot","ats:Defend","ats:Defend","ats:Defend+1","ats:Defend","ats:Emotion Absorption+1","ats:Leaping Hammer","ats:Assault Order","CurseOfTheBell","CurseOfTheBell","ats:Wolf Pack+1","ats:Ignite","ats:Blood Oath","ats:Counter Healing Mode","ats:Red Shift","ats:Absolute Focus","ats:Chain Hook"],"relics":["ats:Sanity","NeowsBlessing","downfall:ExtraCursedBell","MawBank","ats:Military Tradition","Ginger","ats:Originium","Dead Branch","Torii","StrikeDummy","ats:Attack"],"acts_visited":["Exordium"],"potions_floor_usage":[16,16],"damage_taken":[{"damage":0,"enemies":"2 Louse","floor":1,"turns":1},{"damage":0,"enemies":"Jaw Worm","floor":2,"turns":1},{"damage":0,"enemies":"Gremlin Nob","floor":6,"turns":1},{"damage":11,"enemies":"Small Slimes","floor":8,"turns":5},{"damage":1,"enemies":"Looter","floor":12,"turns":2},{"damage":12,"enemies":"2 Fungi Beasts","floor":13,"turns":3},{"damage":37,"enemies":"The Guardian","floor":16,"turns":7}],"seed_played":"-8103557246039750061","potions_obtained":[{"floor":1,"key":"Regen Potion"},{"floor":12,"key":"Swift Potion"}],"is_trial":false,"path_per_floor":["M","M","?","?","?","E","R","M","T","T","$","M","M","$","R","B"],"character_chosen":"DOCTOR_CLASS","items_purchased":["ats:Counter Healing Mode","ats:Attack","ats:Chain Hook"],"campfire_rested":0,"item_purchase_floors":[11,11,14],"current_hp_per_floor":[72,72,58,58,58,58,58,47,47,47,47,49,37,37,37,21,21],"gold":27,"neow_bonus":"THREE_ENEMY_KILL","is_daily":false,"chose_seed":false,"campfire_upgraded":2,"win_rate":0.0,"timestamp":1612780481,"path_taken":["M","M","?","?","?","E","R","M","T","?","$","M","M","$","R","BOSS"],"items_purchased_type":["Card","Relic","Card"],"build_version":"2020-12-22","purchased_purges":1,"victory":false,"max_hp_per_floor":[72,72,72,72,72,72,72,72,72,72,72,72,72,72,72,72,72],"card_choices":[{"not_picked":["ats:Absolute Focus","ats:Charging Defense"],"picked":"ats:Leaping Hammer","floor":1},{"not_picked":["ats:Blood Oath","ats:Guard Mode"],"picked":"ats:Assault Order","floor":2},{"not_picked":["ats:Thermite Blade","ats:Guard Mode"],"picked":"ats:Ignite","floor":6},{"not_picked":["ats:Phantom","ats:Shell Defense"],"picked":"ats:Blood Oath","floor":8},{"not_picked":["ats:Wolf Pack","ats:Consecutive Shot Auto"],"picked":"ats:Red Shift","floor":12},{"not_picked":["ats:Apocalypse","ats:Powerful Strike"],"picked":"ats:Absolute Focus","floor":13}],"player_experience":135295,"relics_obtained":[{"floor":4,"key":"MawBank"},{"floor":4,"key":"ats:Military Tradition"},{"floor":4,"key":"Ginger"},{"floor":6,"key":"ats:Originium"},{"floor":6,"key":"Dead Branch"},{"floor":9,"key":"Torii"},{"floor":10,"key":"StrikeDummy"}],"event_choices":[{"damage_healed":0,"gold_gain":0,"player_choice":"Entered Light","damage_taken":14,"max_hp_gain":0,"max_hp_loss":0,"event_name":"Shining Light","floor":3,"gold_loss":0,"cards_upgraded":["ats:Strike S","ats:Defend"]},{"damage_healed":0,"gold_gain":0,"player_choice":"Ignored","damage_taken":0,"max_hp_gain":0,"max_hp_loss":0,"event_name":"Liars Game","floor":5,"gold_loss":0}],"is_beta":false,"boss_relics":[],"items_purged_floors":[11],"is_endless":false,"potions_floor_spawned":[1,12],"killed_by":"The Guardian","ascension_level":0}}