{"host":"syozzdlzcqop4jia","time":1612820492,"event":{"mods":["BaseMod","Colored Map","Colored Powertips","Minty Spire (QoL Compilation)","Quick Restart"],"gold_per_floor":[114,124,124,38,56,56,69,94,147,166,166,191,191,266,266,380,380,409,423,432,432,461,461,461,461],"floor_reached":24,"language":"ENG","playtime":1180,"items_purged":[],"score":206,"play_id":"7d9e46dd-7138-4698-bc5a-277b3fae2048","local_time":"20210208224132","is_ascension_mode":true,"campfire_choices":[{"data":"Static Discharge","floor":6,"key":"SMITH"},{"floor":11,"key":"REST"},{"floor":15,"key":"REST"},{"floor":23,"key":"REST"}],"circlet_count":0,"master_deck":["Strike_B","Strike_B","Strike_B","Strike_B","Defend_B","Defend_B","Defend_B","Defend_B","Zap","Dualcast","Rebound","Static Discharge+1","Chaos+1","Capacitor","Redo","Glacier","Leap","Beam Cell+1","Capacitor","Biased Cognition","Tempest","Self Repair","Doom and Gloom+1"],"relics":["Cracked Core","Molten Egg 2","CeramicFish","Juzu Bracelet","Bronze Scales","Nuclear Battery"],"acts_visited":["Exordium","TheCity"],"potions_floor_usage":[],"damage_taken":[{"damage":1,"enemies":"Jaw Worm","floor":1,"turns":4},{"damage":1,"enemies":"Cultist","floor":2,"turns":4},{"damage":0,"enemies":"2 Louse","floor":5,"turns":2},{"damage":5,"enemies":"2 Fungi Beasts","floor":7,"turns":5},{"damage":37,"enemies":"Gremlin Nob","floor":8,"turns":4},{"damage":0,"enemies":"Large Slime","floor":10,"turns":6},{"damage":47,"enemies":"The Guardian","floor":16,"turns":8},{"damage":21,"enemies":"Spheric Guardian","floor":18,"turns":6},{"damage":21,"enemies":"2 Thieves","floor":19,"turns":3},{"damage":14,"enemies":"Snecko","floor":22,"turns":5},{"damage":45,"enemies":"Slavers","floor":24,"turns":3}],"seed_played":"-8683830932917880878","potions_obtained":[{"floor":2,"key":"FocusPotion"},{"floor":7,"key":"DistilledChaos"},{"floor":16,"key":"SmokeBomb"}],"is_trial":false,"path_per_floor":["M","M","?","$","M","R","M","E","T","M","R","T","?","?","R","B",null,"M","M","?","?","M","R","E"],"character_chosen":"DEFECT","items_purchased":["Capacitor","Redo"],"campfire_rested":3,"item_purchase_floors":[4,4],"current_hp_per_floor":[74,73,73,73,73,73,68,31,31,31,53,53,53,42,64,17,75,54,33,33,19,12,36,0,0],"gold":461,"neow_bonus":"THREE_CARDS","is_daily":false,"chose_seed":false,"campfire_upgraded":1,"win_rate":0.0,"timestamp":1612820492,"path_taken":["M","M","?","$","?","R","M","E","T","?","R","?","?","?","R","BOSS","M","M","?","?","M","R","E"],"items_purchased_type":["Card","Card"],"build_version":"2020-12-22","purchased_purges":0,"victory":false,"max_hp_per_floor":[75,75,75,75,75,75,75,75,75,75,75,75,75,75,75,75,75,75,75,75,80,80,80,80,80],"card_choices":[{"not_picked":["Leap","Streamline"],"picked":"Rebound","floor":0},{"not_picked":["Stack","Barrage"],"picked":"Static Discharge","floor":1},{"not_picked":["Steam Power","Barrage"],"picked":"Chaos","floor":2},{"not_picked":["Cold Snap","Coolheaded"],"picked":"Glacier","floor":5},{"not_picked":["Rebound","Undo"],"picked":"Leap","floor":7},{"not_picked":["Hologram","Reprogram"],"picked":"Beam Cell+1","floor":8},{"not_picked":["Skim","Recycle"],"picked":"Capacitor","floor":10},{"not_picked":["Hyperbeam+1","Rainbow"],"picked":"Biased Cognition","floor":16},{"not_picked":["Streamline+1","Steam"],"picked":"Tempest","floor":18},{"not_picked":["Scrape+1","Steam Power","Skim"],"picked":"SKIP","floor":19},{"not_picked":["Force Field","Hologram"],"picked":"Doom and Gloom+1","floor":22}],"player_experience":631234,"relics_obtained":[{"floor":8,"key":"Molten Egg 2"},{"floor":9,"key":"CeramicFish"},{"floor":12,"key":"Juzu Bracelet"}],"event_choices":[{"damage_healed":0,"gold_gain":0,"player_choice":"Upgraded","damage_taken":0,"max_hp_gain":0,"max_hp_loss":0,"event_name":"Upgrade Shrine","floor":3,"gold_loss":0,"cards_upgraded":["Chaos"]},{"damage_healed":0,"gold_gain":0,"player_choice":"Searched \u00271\u0027 times","damage_taken":0,"relics_obtained":["Bronze Scales"],"max_hp_gain":0,"max_hp_loss":0,"event_name":"Dead Adventurer","floor":13,"gold_loss":0},{"damage_healed":0,"gold_gain":75,"player_choice":"Gather Gold","damage_taken":11,"max_hp_gain":0,"max_hp_loss":0,"event_name":"World of Goop","floor":14,"gold_loss":0},{"damage_healed":0,"gold_gain":0,"player_choice":"Read","damage_taken":0,"max_hp_gain":0,"max_hp_loss":0,"event_name":"The Library","floor":20,"gold_loss":0,"cards_obtained":["Self Repair"]},{"damage_healed":0,"gold_gain":0,"player_choice":"Shed Blood","damage_taken":19,"max_hp_gain":5,"max_hp_loss":0,"event_name":"Forgotten Altar","floor":21,"gold_loss":0}],"is_beta":false,"boss_relics":[{"not_picked":["Cursed Key","Busted Crown"],"picked":"Nuclear Battery"}],"items_purged_floors":[],"is_endless":false,"potions_floor_spawned":[2,7,16,18],"killed_by":"Slavers","ascension_level":1}}