{"host":"zsf7u5n6ehqeseos","time":1612808839,"event":{"mods":["AchievementEnabler","BaseMod","Colored Map","Colored Powertips","Googly Eyes","Minty Spire (QoL Compilation)"],"gold_per_floor":[118,134,134,134,150,175,175,187,187,244,4,4,4,4,4,107,107,120,170,180,230,7,32,32,48,48,48,98,117,43,56,56,157,157,168,218,232,2,52,83,99,0,0,16,36,36,65,188,188,188],"floor_reached":51,"language":"ENG","playtime":2530,"items_purged":["Regret"],"score":1160,"play_id":"006890e0-41d2-4082-9000-8a24529676ad","local_time":"20210208192719","is_ascension_mode":true,"campfire_choices":[{"data":"Electrodynamics","floor":7.0,"key":"SMITH"},{"data":"Mayhem","floor":15.0,"key":"SMITH"},{"floor":24.0,"key":"REST"},{"floor":27.0,"key":"REST"},{"data":"1","floor":32.0,"key":"LIFT"},{"data":"2","floor":46.0,"key":"LIFT"},{"data":"3","floor":49.0,"key":"LIFT"}],"circlet_count":0,"master_deck":["AscendersBane","Strike_B+1","Strike_B+1","Defend_B+1","Defend_B+1","Defend_B+1","Zap","Dualcast","Electrodynamics+1","Ball Lightning","Barrage","Ball Lightning","Biased Cognition","Redo","Ball Lightning","Static Discharge","Mayhem+1","Multi-Cast","Conserve Battery","White Noise+1","Loop","Echo Form+1","Hologram+1","Tempest","Conserve Battery","Amplify","Skim+1","Self Repair+1","Blind","White Noise+1","Rebound+1","Stack","Stack+1","Steam Power+1"],"relics":["Cracked Core","Meat on the Bone","Bird Faced Urn","Girya","Juzu Bracelet","Omamori","SsserpentHead","Fusion Hammer","Question Card","HandDrill","Frozen Egg 2","Symbiotic Virus","Busted Crown","Letter Opener","Lantern","Bag of Preparation","Red Mask","Mercury Hourglass","Sundial","Kunai"],"acts_visited":["Exordium","TheCity","TheBeyond"],"potions_floor_usage":[50,50,50],"damage_taken":[{"damage":7.0,"enemies":"Jaw Worm","floor":1.0,"turns":2.0},{"damage":7.0,"enemies":"Small Slimes","floor":2.0,"turns":3.0},{"damage":2.0,"enemies":"Cultist","floor":5.0,"turns":3.0},{"damage":12.0,"enemies":"Gremlin Nob","floor":6.0,"turns":3.0},{"damage":10.0,"enemies":"Large Slime","floor":8.0,"turns":3.0},{"damage":12.0,"enemies":"Gremlin Nob","floor":10.0,"turns":3.0},{"damage":0.0,"enemies":"Slime Boss","floor":16.0,"turns":3.0},{"damage":6.0,"enemies":"Shell Parasite","floor":18.0,"turns":3.0},{"damage":22.0,"enemies":"2 Thieves","floor":20.0,"turns":3.0},{"damage":43.0,"enemies":"Slavers","floor":23.0,"turns":4.0},{"damage":45.0,"enemies":"Shelled Parasite and Fungi","floor":25.0,"turns":3.0},{"damage":17.0,"enemies":"Snake Plant","floor":29.0,"turns":2.0},{"damage":22.0,"enemies":"Sentry and Sphere","floor":31.0,"turns":4.0},{"damage":18.0,"enemies":"Automaton","floor":33.0,"turns":6.0},{"damage":17.0,"enemies":"3 Shapes","floor":35.0,"turns":4.0},{"damage":25.0,"enemies":"Orb Walker","floor":37.0,"turns":4.0},{"damage":21.0,"enemies":"Giant Head","floor":40.0,"turns":6.0},{"damage":7.0,"enemies":"Jaw Worm Horde","floor":41.0,"turns":2.0},{"damage":0.0,"enemies":"4 Shapes","floor":44.0,"turns":3.0},{"damage":7.0,"enemies":"Transient","floor":45.0,"turns":5.0},{"damage":26.0,"enemies":"Nemesis","floor":47.0,"turns":5.0},{"damage":63,"enemies":"Time Eater","floor":50,"turns":6}],"seed_played":"-5466275741193835543","potions_obtained":[{"floor":8.0,"key":"Block Potion"},{"floor":10.0,"key":"FearPotion"},{"floor":18.0,"key":"SteroidPotion"},{"floor":23.0,"key":"PotionOfCapacity"},{"floor":31.0,"key":"Swift Potion"},{"floor":41.0,"key":"PotionOfCapacity"},{"floor":44.0,"key":"Dexterity Potion"},{"floor":47.0,"key":"PowerPotion"}],"is_trial":false,"path_per_floor":["M","M","?","?","M","E","R","M","T","?","$","T","?","$","R","B",null,"M","?","M","?","$","E","R","M","T","R","?","M","$","M","R","B",null,"M","?","M","$","?","E","M","?","T","M","M","R","E","T","R","B",null],"character_chosen":"DEFECT","items_purchased":["Mayhem","AttackPotion","Loop","HandDrill","Conserve Battery","Dexterity Potion","Lantern","Self Repair+1"],"campfire_rested":2,"item_purchase_floors":[11,14,22,22,30,30,38,38],"current_hp_per_floor":[61,54,54,54,52,40,40,46,46,38,38,38,38,38,38,44,62,60,60,42,42,42,21,41,22,22,42,42,41,41,41,41,41,61,58,58,37,37,37,48,47,47,47,53,68,68,50,50,50,27],"gold":188,"neow_bonus":"TRANSFORM_TWO_CARDS","is_daily":false,"chose_seed":false,"campfire_upgraded":2,"win_rate":0.0,"timestamp":1612808839,"path_taken":["M","M","?","?","?","E","R","M","T","?","$","?","?","?","R","BOSS","M","?","M","?","$","E","R","M","T","R","?","M","$","M","R","BOSS","M","?","M","$","?","E","M","?","T","M","M","R","E","?","R","BOSS"],"items_purchased_type":["Card","Potion","Card","Relic","Card","Potion","Relic","Card"],"build_version":"2020-12-22","purchased_purges":1,"victory":true,"max_hp_per_floor":[68,68,68,68,68,68,68,68,68,68,68,68,68,68,68,68,68,68,68,68,68,68,68,68,68,68,68,68,68,68,68,68,68,68,68,68,68,68,68,68,68,68,68,68,68,68,68,68,68,68],"card_choices":[{"not_picked":["Cold Snap","Go for the Eyes"],"picked":"Barrage","floor":1.0},{"not_picked":["Cold Snap","Coolheaded"],"picked":"Ball Lightning","floor":2.0},{"not_picked":["Auto Shields","Skim"],"picked":"Redo","floor":5.0},{"not_picked":["Leap","Rebound"],"picked":"Ball Lightning","floor":6.0},{"not_picked":["Stack","Force Field"],"picked":"Static Discharge","floor":8.0},{"not_picked":["Rainbow","All For One"],"picked":"Multi-Cast","floor":16.0},{"not_picked":["Redo+1","Leap"],"picked":"Conserve Battery","floor":18.0},{"not_picked":["Coolheaded","Heatsinks"],"picked":"White Noise+1","floor":20.0},{"not_picked":["Fusion","Auto Shields","Self Repair+1"],"picked":"Echo Form+1","floor":23.0},{"not_picked":["White Noise","Compile Driver","Go for the Eyes+1"],"picked":"Hologram+1","floor":25.0},{"not_picked":["Hologram","Steam+1","Turbo"],"picked":"Tempest","floor":29.0},{"not_picked":["Coolheaded","Reinforced Body","Turbo","Cold Snap+1"],"picked":"SKIP","floor":31.0},{"not_picked":["Hyperbeam","Multi-Cast","Electrodynamics+1"],"picked":"Amplify","floor":33.0},{"not_picked":["Gash+1","Steam+1"],"picked":"SKIP","floor":35.0},{"not_picked":["Hologram+1"],"picked":"Skim+1","floor":37.0},{"not_picked":["Madness"],"picked":"Blind","floor":39.0},{"not_picked":["Rip and Tear+1"],"picked":"White Noise+1","floor":40.0},{"not_picked":["Static Discharge+1"],"picked":"Rebound+1","floor":41.0},{"not_picked":["Sweeping Beam"],"picked":"Stack","floor":44.0},{"not_picked":["Self Repair+1"],"picked":"Stack+1","floor":45.0},{"not_picked":["Sweeping Beam+1"],"picked":"Steam Power+1","floor":47.0}],"player_experience":221856,"relics_obtained":[{"floor":6.0,"key":"Bird Faced Urn"},{"floor":9.0,"key":"Girya"},{"floor":12.0,"key":"Omamori"},{"floor":23.0,"key":"Frozen Egg 2"},{"floor":26.0,"key":"Symbiotic Virus"},{"floor":40.0,"key":"Bag of Preparation"},{"floor":43.0,"key":"Mercury Hourglass"},{"floor":47.0,"key":"Sundial"},{"floor":48.0,"key":"Kunai"}],"event_choices":[{"damage_healed":0.0,"max_hp_gain":0.0,"max_hp_loss":0.0,"gold_gain":0.0,"event_name":"Big Fish","player_choice":"Box","floor":3.0,"gold_loss":0.0,"damage_taken":0.0,"relics_obtained":["Meat on the Bone"],"cards_obtained":["Regret"]},{"damage_healed":0.0,"max_hp_gain":0.0,"max_hp_loss":0.0,"gold_gain":0.0,"cards_transformed":["Strike_B"],"event_name":"Transmorgrifier","player_choice":"Transformed","floor":4.0,"gold_loss":0.0,"damage_taken":0.0,"cards_obtained":["Biased Cognition"]},{"damage_healed":0.0,"max_hp_gain":0.0,"max_hp_loss":0.0,"gold_gain":0.0,"event_name":"Dead Adventurer","player_choice":"Searched \u00272\u0027 times","floor":10.0,"gold_loss":0.0,"damage_taken":0.0,"relics_obtained":["Juzu Bracelet"]},{"damage_healed":0.0,"max_hp_gain":0.0,"max_hp_loss":0.0,"gold_gain":0.0,"event_name":"FaceTrader","player_choice":"Trade","floor":13.0,"gold_loss":0.0,"damage_taken":0.0,"relics_obtained":["SsserpentHead"]},{"damage_healed":0.0,"max_hp_gain":0.0,"max_hp_loss":0.0,"gold_gain":0.0,"event_name":"Forgotten Altar","player_choice":"Smashed Altar","floor":19.0,"gold_loss":0.0,"damage_taken":0.0,"cards_obtained":["Decay"]},{"damage_healed":0.0,"max_hp_gain":0.0,"max_hp_loss":0.0,"gold_gain":0.0,"event_name":"Addict","player_choice":"Stole Relic","floor":21.0,"gold_loss":0.0,"damage_taken":0.0,"relics_obtained":["Question Card"],"cards_obtained":["Shame"]},{"damage_healed":0.0,"max_hp_gain":0.0,"max_hp_loss":0.0,"gold_gain":0.0,"event_name":"Back to Basics","player_choice":"Simplicity","floor":28.0,"gold_loss":0.0,"damage_taken":0.0,"cards_upgraded":["Strike_B","Strike_B","Defend_B","Defend_B","Defend_B"]},{"damage_healed":0.0,"max_hp_gain":0.0,"max_hp_loss":0.0,"gold_gain":0.0,"event_name":"WeMeetAgain","player_choice":"Gave Potion","floor":36.0,"gold_loss":0.0,"damage_taken":0.0,"relics_obtained":["Letter Opener"]},{"damage_healed":0.0,"max_hp_gain":0.0,"max_hp_loss":0.0,"gold_gain":0.0,"event_name":"SensoryStone","player_choice":"Memory 1","floor":39.0,"gold_loss":0.0,"damage_taken":0.0},{"damage_healed":0.0,"max_hp_gain":0.0,"max_hp_loss":0.0,"gold_gain":0.0,"event_name":"Tomb of Lord Red Mask","player_choice":"Paid","floor":42.0,"gold_loss":149.0,"damage_taken":0.0,"relics_obtained":["Red Mask"]}],"is_beta":false,"boss_relics":[{"not_picked":["Ectoplasm","SacredBark"],"picked":"Fusion Hammer"},{"not_picked":["Snecko Eye","Philosopher\u0027s Stone"],"picked":"Busted Crown"}],"items_purged_floors":[11],"is_endless":false,"potions_floor_spawned":[8,10,18,23,31,41,44,47],"ascension_level":10}}