{"host":"vrsxkkch9ccrec7k","time":1612818319,"event":{"mods":["Act Like it!","BaseMod","Bestiary","Better Altar","Better Match","Better Note","Better Sensory Stone","Better Skull","Better Third Choice","Better Vampires","Downfall","Minty Spire (QoL Compilation)","Permanent Neow","Relic Stats","Spicy Shops","StSLib"],"gold_per_floor":[99,99,199,124,124,156,180,180,197,229,248,266,281,9,28,124,124,124,137,151,166,6,6,6,31,43,59,70,70,70,70,81,176,176,176,186,186,205,217,217,230,230,155,174,193,224,48,63,63],"floor_reached":50,"language":"ENG","playtime":3948,"items_purged":["bronze:Strike","bronze:Strike"],"score":1161,"play_id":"edeccb22-35c0-4bc3-a3c8-dc6dceccb739","local_time":"20210208160519","is_ascension_mode":true,"campfire_choices":[{"data":"bronze:Replicate","floor":1,"key":"SMITH"},{"data":"bronze:Format","floor":8,"key":"SMITH"},{"data":"bronze:Goto","floor":18,"key":"SMITH"},{"data":"bronze:ShipIt","floor":23,"key":"SMITH"},{"floor":29,"key":"RECALL"},{"data":"bronze:ItsAFeature","floor":35,"key":"SMITH"},{"data":"bronze:Shield","floor":42,"key":"SMITH"}],"circlet_count":0,"master_deck":["AscendersBane","bronze:Strike","bronze:Strike","bronze:Defend","bronze:Defend","bronze:Defend","bronze:Defend","bronze:Replicate+1","bronze:Goto+1","bronze:DelayedSlice","bronze:BugBarrage+1","bronze:Format+1","bronze:WildBeam","bronze:Shield+1","bronze:WhirlingStrike","bronze:ShipIt+1","bronze:DelayedSlice+1","bronze:BugBarrage+1","bronze:FineTuning+1","bronze:MaxOutput+1","bronze:ItsAFeature+1","bronze:FunctionCard","bronze:BurnOut+1","bronze:DelayedGuard+1","bronze:ItsAFeature+1","bronze:Frontload","bronze:ForLoop","bronze:Repulsor","bronze:ItsAFeature+1"],"relics":["bronze:PlatinumCore","downfall:HeartsMalice","Ice Cream","Omamori","Nunchaku","Kunai","bronze:MakeshiftBattery","Centennial Puzzle","Blood Vial","Boot","downfall:TeleportStone","bronze:Mallet","Toy Ornithopter","Potion Belt","Bottled Flame"],"acts_visited":["Exordium","TheCity","TheBeyond"],"potions_floor_usage":[16,21,22,44,48,49],"damage_taken":[{"damage":0,"enemies":"Jaw Worm","floor":2,"turns":1},{"damage":0,"enemies":"Small Slimes","floor":5,"turns":1},{"damage":0,"enemies":"Gremlin Nob","floor":6,"turns":1},{"damage":0,"enemies":"Cultist","floor":9,"turns":2},{"damage":3,"enemies":"3 Sentries","floor":10,"turns":8},{"damage":11,"enemies":"Exordium Thugs","floor":11,"turns":2},{"damage":0,"enemies":"Lots of Slimes","floor":12,"turns":4},{"damage":0,"enemies":"Blue Slaver","floor":13,"turns":3},{"damage":0,"enemies":"downfall:FleeingMerchant","floor":14,"turns":4},{"damage":13,"enemies":"Large Slime","floor":15,"turns":3},{"damage":0,"enemies":"IC_STATUS_ARCHETYPE","floor":16,"turns":10},{"damage":0,"enemies":"Shell Parasite","floor":19,"turns":4},{"damage":0,"enemies":"Spheric Guardian","floor":20,"turns":3},{"damage":6,"enemies":"Shelled Parasite and Fungi","floor":21,"turns":3},{"damage":9,"enemies":"downfall:FleeingMerchant","floor":22,"turns":4},{"damage":14,"enemies":"Book of Stabbing","floor":25,"turns":5},{"damage":0,"enemies":"Sentry and Sphere","floor":26,"turns":4},{"damage":3,"enemies":"Centurion and Healer","floor":27,"turns":7},{"damage":0,"enemies":"3 Cultists","floor":28,"turns":4},{"damage":0,"enemies":"Snecko","floor":32,"turns":4},{"damage":31,"enemies":"DF_ARCHETYPE_CLAW","floor":33,"turns":7},{"damage":4,"enemies":"Orb Walker","floor":36,"turns":2},{"damage":0,"enemies":"3 Darklings","floor":38,"turns":3},{"damage":1,"enemies":"4 Shapes","floor":39,"turns":9},{"damage":2,"enemies":"Spire Growth","floor":41,"turns":5},{"damage":0,"enemies":"Transient","floor":44,"turns":5},{"damage":0,"enemies":"Writhing Mass","floor":45,"turns":5},{"damage":5,"enemies":"Reptomancer","floor":46,"turns":3},{"damage":0,"enemies":"downfall:FleeingMerchant","floor":47,"turns":3},{"damage":4,"enemies":"4 Shapes","floor":48,"turns":4},{"damage":1,"enemies":"WA_ARCHETYPE_DIVINITY","floor":49,"turns":16}],"seed_played":"-8676412305657915725","potions_obtained":[{"floor":6,"key":"LiquidMemories"},{"floor":10,"key":"Energy Potion"},{"floor":11,"key":"Strength Potion"},{"floor":16,"key":"bronze:CleanCodePotion"},{"floor":21,"key":"Regen Potion"},{"floor":25,"key":"DistilledChaos"},{"floor":27,"key":"DuplicationPotion"},{"floor":30,"key":"CultistPotion"},{"floor":38,"key":"Swift Potion"},{"floor":46,"key":"LiquidBronze"}],"is_trial":false,"path_per_floor":["R","M","?","?","M","E","T","R","M","E","M","M","M","$","M","B",null,"R","M","M","M","$","R","T","E","M","M","M","R","?","?","M","B",null,"R","M","?","M","M","T","M","R","?","M","M","E","$","M","B",null],"character_chosen":"THE_AUTOMATON","items_purchased":["Kunai","Centennial Puzzle","Potion Belt","bronze:FreeFunctionsPotion","bronze:Repulsor","Bottled Flame"],"campfire_rested":0,"item_purchase_floors":[14,22,47,47,47,47],"current_hp_per_floor":[63,63,63,63,63,63,63,63,63,60,49,49,49,49,36,36,62,62,62,62,56,61,61,61,49,51,50,52,52,52,52,54,25,59,59,57,57,59,60,60,60,60,60,62,64,61,63,66,69],"gold":63,"neow_bonus":"THREE_ENEMY_KILL","is_daily":false,"chose_seed":false,"campfire_upgraded":6,"win_rate":0.0,"timestamp":1612818319,"path_taken":["R","M","?","?","M","E","T","R","M","E","M","?","M","$","M","BOSS","R","M","?","M","$","R","T","E","M","M","M","R","?","?","M","BOSS","R","M","?","?","M","T","M","R","?","M","?","E","$","M","BOSS"],"items_purchased_type":["Relic","Relic","Relic","Potion","Card","Relic"],"build_version":"2020-12-22","purchased_purges":2,"victory":true,"max_hp_per_floor":[70,70,70,70,70,70,70,70,70,70,70,70,70,70,70,70,70,70,70,70,70,70,70,70,70,70,70,70,70,70,70,70,70,70,70,70,70,70,70,70,70,70,70,70,70,70,70,70,70],"relic_stats":{"Blood Vial":32,"Nunchaku":[33],"Centennial Puzzle":[27],"counters":[31,136],"Kunai":[72],"Boot":[90],"obtain_stats":[{"Ice Cream":6,"Potion Belt":47,"bronze:PlatinumCore":34,"bronze:BronzeCore":0,"downfall:HeartsMalice":0,"downfall:TeleportStone":37,"Omamori":7,"bronze:Mallet":40,"Boot":25,"Blood Vial":24,"Nunchaku":10,"Centennial Puzzle":22,"Bottled Flame":47,"Kunai":14,"bronze:MakeshiftBattery":17,"Toy Ornithopter":46},{"Ice Cream":3,"Potion Belt":29,"bronze:PlatinumCore":21,"bronze:BronzeCore":0,"downfall:HeartsMalice":0,"downfall:TeleportStone":22,"Omamori":3,"bronze:Mallet":24,"Boot":16,"Blood Vial":15,"Nunchaku":5,"Centennial Puzzle":15,"Bottled Flame":29,"Kunai":9,"bronze:MakeshiftBattery":11,"Toy Ornithopter":28},{"Ice Cream":0,"Potion Belt":116,"bronze:PlatinumCore":81,"bronze:BronzeCore":0,"downfall:HeartsMalice":0,"downfall:TeleportStone":83,"Omamori":0,"bronze:Mallet":95,"Boot":55,"Blood Vial":50,"Nunchaku":10,"Centennial Puzzle":50,"Bottled Flame":116,"Kunai":23,"bronze:MakeshiftBattery":36,"Toy Ornithopter":113}],"Toy Ornithopter":7},"card_choices":[{"not_picked":["bronze:ChildClass","bronze:Frontload"],"picked":"bronze:DelayedSlice","floor":2},{"not_picked":["bronze:Branch+1","bronze:Deprecate+1"],"picked":"bronze:BugBarrage+1","floor":4},{"not_picked":["bronze:OilSpill","bronze:Terminator"],"picked":"bronze:Format","floor":5},{"not_picked":["bronze:DarkDash","bronze:Branch"],"picked":"bronze:Frontload","floor":6},{"not_picked":["bronze:Frontload","bronze:CutThrough","bronze:ShipIt"],"picked":"SKIP","floor":9},{"not_picked":["bronze:DelayedSlice","bronze:Turbo"],"picked":"bronze:WildBeam","floor":10},{"not_picked":["bronze:BitShift","bronze:Philosophize"],"picked":"bronze:Shield","floor":11},{"not_picked":["bronze:Iterate","bronze:Safeguard","bronze:DelayedSlice"],"picked":"SKIP","floor":12},{"not_picked":["bronze:ChosenStrike","bronze:Constructor"],"picked":"bronze:WhirlingStrike","floor":13},{"not_picked":["bronze:BitShift","bronze:Flail","bronze:SpaghettiCode"],"picked":"SKIP","floor":14},{"not_picked":["bronze:Frontload","bronze:Constructor","bronze:Shield"],"picked":"SKIP","floor":15},{"not_picked":["bronze:Assembly","bronze:Hardcode"],"picked":"bronze:ShipIt","floor":16},{"not_picked":["bronze:ForceShield","bronze:Iterate","bronze:BuggyMess"],"picked":"SKIP","floor":19},{"not_picked":["bronze:Iterate","bronze:Shield"],"picked":"bronze:DelayedSlice+1","floor":20},{"not_picked":["bronze:Overheat+1","bronze:Separator"],"picked":"bronze:BugBarrage+1","floor":21},{"not_picked":["bronze:Separator+1","bronze:BuggyMess","bronze:Branch"],"picked":"SKIP","floor":22},{"not_picked":["bronze:Overheat+1","bronze:Shield","bronze:InfiniteLoop"],"picked":"SKIP","floor":25},{"not_picked":["bronze:GetLatest","bronze:Branch"],"picked":"bronze:FineTuning+1","floor":26},{"not_picked":["bronze:Frontload","bronze:Backtrace","bronze:DelayedGuard"],"picked":"SKIP","floor":27},{"not_picked":["bronze:BuggyMess","bronze:Overload"],"picked":"bronze:MaxOutput+1","floor":28},{"not_picked":["bronze:Constructor","bronze:DelayedGuard"],"picked":"bronze:ItsAFeature","floor":32},{"not_picked":["bronze:DelayedGuard+1","bronze:Shield+1"],"picked":"bronze:Shell+1","floor":36},{"not_picked":["bronze:Invalidate","bronze:GetLatest","bronze:OilSpill"],"picked":"SKIP","floor":38},{"not_picked":["bronze:Overload+1","bronze:OilSpill"],"picked":"bronze:Hardcode","floor":39},{"not_picked":["bronze:DarkDash","bronze:Philosophize+1","bronze:NullPointer+1"],"picked":"SKIP","floor":41},{"not_picked":["bronze:HardenedForm+1","bronze:CleanCode+1"],"picked":"bronze:BurnOut+1","floor":43},{"not_picked":["bronze:Turbo+1","bronze:Branch"],"picked":"bronze:DelayedGuard+1","floor":44},{"not_picked":["bronze:FollowUp","bronze:ShipIt"],"picked":"bronze:ItsAFeature+1","floor":45},{"not_picked":["bronze:BronzeArmor","bronze:Branch+1"],"picked":"bronze:Frontload","floor":46},{"not_picked":["bronze:OilSpill+1","bronze:Overheat+1"],"picked":"bronze:ForLoop","floor":47},{"not_picked":["bronze:Turbo+1","bronze:Constructor+1"],"picked":"bronze:ItsAFeature+1","floor":48}],"player_experience":1870808,"relics_obtained":[{"floor":6,"key":"Ice Cream"},{"floor":7,"key":"Omamori"},{"floor":10,"key":"Nunchaku"},{"floor":24,"key":"Blood Vial"},{"floor":25,"key":"Boot"},{"floor":40,"key":"bronze:Mallet"},{"floor":46,"key":"Toy Ornithopter"}],"event_choices":[{"damage_healed":0,"gold_gain":0,"player_choice":"2","damage_taken":0,"max_hp_gain":0,"max_hp_loss":0,"event_name":"betterMatch:BetterMatch","floor":4,"gold_loss":0,"cards_obtained":["betterMatch:CommonCard"]},{"damage_healed":0,"gold_gain":0,"player_choice":"2","damage_taken":0,"max_hp_gain":0,"max_hp_loss":0,"event_name":"betterMatch:BetterMatch","floor":43,"gold_loss":0,"cards_obtained":["betterMatch:RareCard","betterMatch:ColorlessUncommonCard"]}],"is_beta":false,"boss_relics":[{"not_picked":["Black Star","SlaversCollar"],"picked":"bronze:MakeshiftBattery"},{"not_picked":["expansioncontent:StudyCardRelic","Tiny House"],"picked":"bronze:PlatinumCore"}],"items_purged_floors":[47,47],"is_endless":false,"potions_floor_spawned":[6,10,11,15,16,21,25,26,27,33,38,39,46],"ascension_level":11}}