{"host":"4zvbxxdl6kueq37o","time":1612797402,"event":{"mods":["Act Like it!","BaseMod","Better Third Choice","Downfall","Minty Spire (QoL Compilation)","Replay The Spire","StSLib"],"gold_per_floor":[99,99,99,99,28,61,107,107,122,122,150,164,164,182,201,296,296,296,316,591,60,73,73,73,73,58,58,58,78,88,99,113,215,215,215,132,183,201,201,86,86,86,98,98,98,108,108,140,140,140],"floor_reached":51,"language":"ENG","playtime":3680,"items_purged":["Regret","ReplayTheSpireMod:Restless Dread"],"score":851,"play_id":"62f252fc-71f5-4fc0-96dc-ad1077e202f2","local_time":"20210208161642","is_ascension_mode":true,"campfire_choices":[{"data":"Slimebound:Split","floor":1.0,"key":"SMITH"},{"floor":13.0,"key":"REST"},{"floor":18.0,"key":"DIG"},{"floor":23.0,"key":"REST"},{"floor":25.0,"key":"REST"},{"data":"Slimebound:Recycling","floor":27.0,"key":"SMITH"},{"floor":35.0,"key":"DIG"},{"floor":42.0,"key":"REST"},{"data":"Slimebound:WasteNot","floor":47.0,"key":"SMITH"},{"data":"Slimebound:MegaLick","floor":49.0,"key":"SMITH"}],"circlet_count":0,"master_deck":["Slimebound:Tackle","Slimebound:Defend_Slimebound","Slimebound:Defend_Slimebound","Slimebound:Defend_Slimebound","Slimebound:Defend_Slimebound","Slimebound:Split+1","Slimebound:CorrosiveSpit","Slimebound:MegaLick+1","Slimebound:SplitSpecialist","Slimebound:ForwardTackle","Slimebound:SlimeBrawl+1","Slimebound:Recycling+1","Slimebound:HauntingLick","Slimebound:ProtectTheBoss","Slimebound:Schlurp","Slimebound:Grow","Slimebound:SplitLeeching","Slimebound:MinionMaster+1","Slimebound:MegaLick+1","Slimebound:LeechEnergy+1","Slimebound:LivingWall","Slimebound:AcidTongue","Slimebound:Recycling+1","Slimebound:SamplingLick+1","Slimebound:Recollect+1","Slimebound:TongueLash","Slimebound:SlimeSpikes","Slimebound:WasteNot+1","CommonCold","Slimebound:LevelUp+1","Slimebound:MegaLick","Slimebound:LivingWall+1","Slimebound:SlimeTap+1","Slimebound:Teamwork"],"relics":["Slimebound:AbsorbEndCombat","downfall:HeartsMalice","ReplayFunnel","ReplayTheSpireMod:Lightbulb","Ancient Tea Set","Akabeko","Replay:Drink Me","Pear","Guide Book","Matryoshka","Regal Pillow","Shuriken","ReplayTheSpireMod:Ring of Addiction","SacredBark","White Beast Statue","Ring of Hypnosis","Replay:Ancient Bell","Tiny Chest","Darkstone Periapt","Durian","Art of War","Torii","Omamori","The Courier","Kunai","StrikeDummy"],"acts_visited":["Exordium","TheCity","TheBeyond"],"potions_floor_usage":[50],"damage_taken":[{"damage":0.0,"enemies":"Small Slimes","floor":2.0,"turns":1.0},{"damage":0.0,"enemies":"Cultist","floor":4.0,"turns":1.0},{"damage":0.0,"enemies":"downfall:FleeingMerchant","floor":5.0,"turns":1.0},{"damage":32.0,"enemies":"Gremlin Nob","floor":6.0,"turns":4.0},{"damage":12.0,"enemies":"Jaw Worm","floor":9.0,"turns":3.0},{"damage":11.0,"enemies":"3 Sentries","floor":11.0,"turns":5.0},{"damage":11.0,"enemies":"Gremlin Gang","floor":12.0,"turns":3.0},{"damage":12.0,"enemies":"Blue Slaver","floor":14.0,"turns":4.0},{"damage":12.0,"enemies":"3 Louse","floor":15.0,"turns":5.0},{"damage":35.0,"enemies":"DF_ARCHETYPE_STREAMLINE","floor":16.0,"turns":12.0},{"damage":23.0,"enemies":"Spheric Guardian","floor":19.0,"turns":6.0},{"damage":12.0,"enemies":"downfall:FleeingMerchant","floor":21.0,"turns":4.0},{"damage":35.0,"enemies":"Sentry and Sphere","floor":22.0,"turns":8.0},{"damage":0.0,"enemies":"downfall:FleeingMerchant","floor":26.0,"turns":4.0},{"damage":1.0,"enemies":"3 Cultists","floor":29.0,"turns":5.0},{"damage":25.0,"enemies":"Shelled Parasite and Fungi","floor":30.0,"turns":5.0},{"damage":21.0,"enemies":"Chosen and Byrds","floor":31.0,"turns":5.0},{"damage":0.0,"enemies":"3 Cultists","floor":32.0,"turns":6.0},{"damage":4.0,"enemies":"IC_MUSHROOM_ARCHETYPE","floor":33.0,"turns":12.0},{"damage":14.0,"enemies":"3 Shapes","floor":36.0,"turns":5.0},{"damage":57.0,"enemies":"2 Orb Walkers","floor":37.0,"turns":6.0},{"damage":21.0,"enemies":"3 Darklings","floor":38.0,"turns":8.0},{"damage":0.0,"enemies":"downfall:FleeingMerchant","floor":40.0,"turns":4.0},{"damage":0.0,"enemies":"Jaw Worm Horde","floor":43.0,"turns":4.0},{"damage":22.0,"enemies":"Jaw Worm Horde","floor":45.0,"turns":9.0},{"damage":0.0,"enemies":"Maw","floor":46.0,"turns":8.0},{"damage":0.0,"enemies":"Giant Head","floor":48.0,"turns":8.0},{"damage":10,"enemies":"WA_ARCHETYPE_DIVINITY","floor":50,"turns":11}],"seed_played":"-4966004746309391134","potions_obtained":[{"floor":6.0,"key":"GamblersBrew"},{"floor":11.0,"key":"Explosive Potion"},{"floor":14.0,"key":"Regen Potion"},{"floor":15.0,"key":"Doom Potion"},{"floor":16.0,"key":"BlessingOfTheForge"},{"floor":19.0,"key":"Slimebound:SlimyTonguePotion"},{"floor":28.0,"key":"Energy Potion"},{"floor":29.0,"key":"Fire Potion"},{"floor":30.0,"key":"LiquidBronze"},{"floor":31.0,"key":"Adrenaline Potion"},{"floor":32.0,"key":"Guardian:BlockOnCardUsePotion"},{"floor":33.0,"key":"SkillPotion"},{"floor":36.0,"key":"ColorlessPotion"},{"floor":37.0,"key":"sneckomod:MuddlingPotion"},{"floor":38.0,"key":"SteroidPotion"},{"floor":40.0,"key":"AttackPotion"},{"floor":43.0,"key":"Block Potion"},{"floor":45.0,"key":"Slimebound:SlimedPotion"},{"floor":46.0,"key":"Guardian:BlockOnCardUsePotion"}],"is_trial":false,"path_per_floor":["R","M","?","M","$","E","T","?","M","?","E","M","R","M","M","B",null,"R","M","?","$","M","R","T","R","$","R","?","M","M","M","M","B",null,"R","M","?","M","?","$","T","R","M","T","?","M","R","E","R","B",null],"character_chosen":"SLIMEBOUND","items_purchased":["Slimebound:SlimeBrawl","Guide Book","Matryoshka","Slimebound:LivingWall"],"campfire_rested":4,"item_purchase_floors":[5,21,21,21],"current_hp_per_floor":[65,65,58,58,58,30,30,30,22,22,19,16,35,27,35,8,49,59,40,40,28,1,18,18,50,52,52,52,57,40,23,31,35,82,82,72,23,10,2,8,8,47,55,55,41,47,47,55,55,51],"gold":140,"neow_bonus":"THREE_ENEMY_KILL","is_daily":false,"chose_seed":false,"campfire_upgraded":4,"win_rate":0.0,"timestamp":1612797402,"path_taken":["R","M","?","M","$","E","T","?","M","?","E","M","R","?","M","BOSS","R","M","?","$","M","R","T","R","?","R","?","?","?","M","M","BOSS","R","M","?","M","?","$","T","R","?","?","?","?","R","E","R","BOSS"],"items_purchased_type":["Card","Relic","Relic","Card"],"build_version":"2020-12-22","purchased_purges":2,"victory":true,"max_hp_per_floor":[65,65,65,65,65,65,65,65,65,65,65,65,65,65,65,65,49,59,59,59,59,59,59,59,59,59,59,59,59,59,59,59,59,82,82,82,82,82,82,82,82,82,82,82,82,82,82,82,80,80],"card_choices":[{"not_picked":["Slimebound:BestDefense","Slimebound:SlimeBarrage"],"picked":"Slimebound:MegaLick","floor":2.0},{"not_picked":["Slimebound:SplitBruiser","Slimebound:DivideAndConquer"],"picked":"Slimebound:SplitSpecialist","floor":4.0},{"not_picked":["Slimebound:SplitBruiser","Slimebound:DivideAndConquer"],"picked":"Slimebound:ForwardTackle","floor":5.0},{"not_picked":["Slimebound:TongueLash","Slimebound:SplitLeeching"],"picked":"Slimebound:Recycling","floor":6.0},{"not_picked":["Slimebound:SplitLeeching","Slimebound:LivingWall"],"picked":"Slimebound:HauntingLick","floor":9.0},{"not_picked":["Slimebound:GoopSpray","Slimebound:SamplingLick"],"picked":"Slimebound:ProtectTheBoss","floor":11.0},{"not_picked":["Slimebound:BestDefense","Slimebound:CheckThePlaybook"],"picked":"Slimebound:Schlurp","floor":12.0},{"not_picked":["Slimebound:LeechEnergy","Slimebound:PressTheAttack"],"picked":"Slimebound:Grow","floor":14.0},{"not_picked":["Slimebound:LivingWall","Slimebound:SlimeSpikes"],"picked":"Slimebound:SplitLeeching","floor":15.0},{"not_picked":["Slimebound:RallyTheTroops","Slimebound:OneTwoCombo"],"picked":"Slimebound:MinionMaster","floor":16.0},{"not_picked":["Slimebound:FlameTackle","Slimebound:SplitMire"],"picked":"Slimebound:MegaLick","floor":19.0},{"not_picked":["Slimebound:SpikyOuterGoop","Slimebound:ItLooksTasty"],"picked":"Slimebound:LeechEnergy+1","floor":21.0},{"not_picked":["Slimebound:ServeAndProtect","Slimebound:FlameTackle+1"],"picked":"Slimebound:AcidTongue","floor":22.0},{"not_picked":["Slimebound:SlimeSpikes","Slimebound:Schlurp"],"picked":"Slimebound:Recycling","floor":26.0},{"not_picked":["Slimebound:HauntingLick","Slimebound:SplitLeeching"],"picked":"Slimebound:SamplingLick+1","floor":29.0},{"not_picked":["Slimebound:GoopSpray","Slimebound:PressTheAttack"],"picked":"Slimebound:Recollect+1","floor":30.0},{"not_picked":["Slimebound:LeadByExample","Slimebound:SlimeTap"],"picked":"Slimebound:TongueLash","floor":31.0},{"not_picked":["Slimebound:ForwardTackle","Slimebound:ComboTackle"],"picked":"Slimebound:SlimeSpikes","floor":32.0},{"not_picked":["Slimebound:Darklings","Slimebound:SlimeSlap"],"picked":"Slimebound:WasteNot","floor":33.0},{"not_picked":["ReplayTheSpireMod:Splinters","Doubt"],"picked":"ReplayTheSpireMod:Restless Dread","floor":34.0},{"not_picked":["Decay","downfall:Haunted"],"picked":"ReplayTheSpireMod:IOU","floor":34.0},{"not_picked":["Regret","downfall:Icky"],"picked":"CommonCold","floor":34.0},{"not_picked":["Slimebound:Teamwork","Slimebound:LeadByExample+1"],"picked":"Slimebound:LevelUp+1","floor":36.0},{"not_picked":["Slimebound:Grow","Slimebound:Prepare"],"picked":"Slimebound:MegaLick","floor":38.0},{"not_picked":["Slimebound:FlameTackle","Slimebound:SplitAcid+1"],"picked":"Slimebound:LivingWall+1","floor":40.0},{"not_picked":["Slimebound:HauntingLick+1","Slimebound:SplitAcid+1"],"picked":"Slimebound:SlimeTap+1","floor":43.0},{"not_picked":["Slimebound:LeechingTouch+1","Slimebound:PressTheAttack+1"],"picked":"Slimebound:Teamwork","floor":46.0},{"not_picked":["Slimebound:LeechEnergy+1","Slimebound:ServeAndProtect+1","Slimebound:ComboTackle"],"picked":"SKIP","floor":48.0}],"player_experience":674994,"relics_obtained":[{"floor":6.0,"key":"ReplayTheSpireMod:Lightbulb"},{"floor":7.0,"key":"Ancient Tea Set"},{"floor":11.0,"key":"Akabeko"},{"floor":18.0,"key":"Pear"},{"floor":24.0,"key":"Regal Pillow"},{"floor":24.0,"key":"Shuriken"},{"floor":28.0,"key":"ReplayTheSpireMod:Ring of Addiction"},{"floor":28.0,"key":"SacredBark"},{"floor":28.0,"key":"White Beast Statue"},{"floor":28.0,"key":"Ring of Hypnosis"},{"floor":35.0,"key":"Art of War"},{"floor":37.0,"key":"Torii"},{"floor":41.0,"key":"Omamori"},{"floor":41.0,"key":"The Courier"},{"floor":44.0,"key":"Kunai"},{"floor":48.0,"key":"StrikeDummy"}],"event_choices":[{"damage_healed":0.0,"max_hp_gain":0.0,"max_hp_loss":0.0,"gold_gain":0.0,"event_name":"Scrap Ooze","player_choice":"Success","floor":3.0,"gold_loss":0.0,"damage_taken":7.0,"relics_obtained":["ReplayFunnel"]},{"damage_healed":0.0,"max_hp_gain":0.0,"max_hp_loss":0.0,"gold_gain":0.0,"event_name":"Living Wall","player_choice":"Grow","floor":8.0,"gold_loss":0.0,"damage_taken":0.0,"cards_upgraded":["Slimebound:SlimeBrawl"]},{"damage_healed":0.0,"max_hp_gain":0.0,"max_hp_loss":0.0,"gold_gain":0.0,"event_name":"Mysterious Sphere","player_choice":"Fight","floor":37.0,"gold_loss":0.0,"damage_taken":0.0},{"damage_healed":0.0,"max_hp_gain":0.0,"max_hp_loss":0.0,"gold_gain":0.0,"event_name":"Wheel of Change","player_choice":"Damaged","floor":39.0,"gold_loss":0.0,"damage_taken":8.0}],"is_beta":false,"boss_relics":[{"not_picked":["Slimebound:TarBlob","Fusion Hammer"],"picked":"Replay:Drink Me"},{"not_picked":["ChewingGum","Astrolabe"],"picked":"Replay:Ancient Bell"},{"not_picked":["Smiling Mask","Pen Nib"],"picked":"Tiny Chest"},{"not_picked":["Snack Pack","Replay:Ringing Soul"],"picked":"Darkstone Periapt"},{"not_picked":["Bird Faced Urn","Thread and Needle"],"picked":"Durian"}],"items_purged_floors":[21,40],"is_endless":false,"potions_floor_spawned":[6,11,14,15,16,19,29,30,31,32,33,36,37,38,40,43,45,46,48],"ascension_level":2}}