{"host":"8is2j71l4wmybkoi","time":1612765845,"event":{"mods":["AchievementEnabler","BaseMod","Colored Map","Minty Spire (QoL Compilation)","Rare Cards Sparkle","StSLib","SuperFastMode"],"gold_per_floor":[115,128,128,142,142,142,169,183,229,245,245,273,273,291,291,365,365,377,377,140,140,16,16,35,35,35,35,35,35],"floor_reached":28,"language":"KOR","playtime":1032,"items_purged":["Strike_G","Defend_G"],"score":399,"play_id":"5c42accf-db5e-4b7e-9a72-f8f0752d6e83","local_time":"20210208153045","is_ascension_mode":true,"campfire_choices":[{"data":"Neutralize","floor":6,"key":"SMITH"},{"floor":11,"key":"REST"},{"data":"Sucker Punch","floor":13,"key":"SMITH"},{"data":"Poisoned Stab","floor":15,"key":"SMITH"},{"data":"Footwork","floor":23,"key":"SMITH"},{"data":"Burst","floor":25,"key":"SMITH"}],"circlet_count":0,"master_deck":["AscendersBane","Strike_G","Strike_G","Strike_G","Defend_G","Defend_G+1","Defend_G","Defend_G+1","Survivor","Neutralize+1","Predator","Poisoned Stab+1","Sucker Punch+1","Escape Plan","Dagger Spray","Grand Finale","PiercingWail","Burst+1","Tactician","Footwork+1","Quick Slash"],"relics":["Ring of the Snake","Blue Candle","Oddly Smooth Stone","War Paint","SacredBark","Singing Bowl"],"acts_visited":["Exordium","TheCity"],"potions_floor_usage":[4,4,7,10,16,18,27],"damage_taken":[{"damage":1,"enemies":"Cultist","floor":1,"turns":5},{"damage":3,"enemies":"2 Louse","floor":2,"turns":4},{"damage":0,"enemies":"Small Slimes","floor":4,"turns":3},{"damage":20,"enemies":"Lagavulin","floor":7,"turns":6},{"damage":8,"enemies":"2 Fungi Beasts","floor":8,"turns":4},{"damage":1,"enemies":"Gremlin Gang","floor":10,"turns":5},{"damage":15,"enemies":"3 Sentries","floor":12,"turns":7},{"damage":0,"enemies":"Large Slime","floor":14,"turns":3},{"damage":11,"enemies":"Hexaghost","floor":16,"turns":12},{"damage":9,"enemies":"Chosen","floor":18,"turns":6},{"damage":19,"enemies":"Shell Parasite","floor":24,"turns":9},{"damage":0,"enemies":"3 Cultists","floor":27,"turns":3},{"damage":0,"enemies":"Centurion and Healer","floor":28,"turns":3}],"seed_played":"-4378974424726103987","potions_obtained":[{"floor":2,"key":"EntropicBrew"},{"floor":8,"key":"GhostInAJar"},{"floor":10,"key":"CunningPotion"},{"floor":12,"key":"EssenceOfSteel"},{"floor":24,"key":"SmokeBomb"}],"is_trial":false,"path_per_floor":["M","M","?","M","?","R","E","M","T","M","R","E","R","M","R","B",null,"M","?","$","?","$","R","M","R","T","M","M"],"character_chosen":"THE_SILENT","items_purchased":["Tactician","Footwork","Quick Slash"],"campfire_rested":1,"item_purchase_floors":[20,20,22],"current_hp_per_floor":[55,52,52,52,47,47,27,19,19,18,41,26,26,26,26,15,62,53,53,53,53,53,53,34,34,34,34,34,34],"gold":35,"neow_bonus":"TWENTY_PERCENT_HP_BONUS","is_daily":false,"chose_seed":false,"campfire_upgraded":5,"win_rate":0.0,"timestamp":1612765845,"path_taken":["M","M","?","?","?","R","E","M","T","M","R","E","R","M","R","BOSS","M","?","$","?","$","R","?","R","T","M","M"],"items_purchased_type":["Card","Card","Card"],"build_version":"2020-12-22","purchased_purges":2,"victory":false,"max_hp_per_floor":[78,78,78,78,78,78,78,78,78,78,78,78,78,78,78,78,78,78,78,78,78,78,78,78,78,78,78,78,78],"card_choices":[{"not_picked":["Quick Slash","Outmaneuver"],"picked":"Predator","floor":1},{"not_picked":["Cloak And Dagger","Bane"],"picked":"Poisoned Stab","floor":2},{"not_picked":["Tactician","Bane"],"picked":"Sucker Punch","floor":4},{"not_picked":["Underhanded Strike","Calculated Gamble"],"picked":"Escape Plan","floor":7},{"not_picked":["Outmaneuver","Deflect"],"picked":"Dagger Spray","floor":8},{"not_picked":["Terror","Underhanded Strike"],"picked":"Grand Finale","floor":10},{"not_picked":["Crippling Poison","Sucker Punch"],"picked":"PiercingWail","floor":12},{"not_picked":["Underhanded Strike","Infinite Blades","Dash"],"picked":"SKIP","floor":14},{"not_picked":["Wraith Form v2","Doppelganger"],"picked":"Burst","floor":16},{"not_picked":["Poisoned Stab","PiercingWail","Deadly Poison"],"picked":"SKIP","floor":18},{"not_picked":["Deadly Poison+1","Concentrate","Blade Dance"],"picked":"SKIP","floor":24}],"player_experience":1052801,"relics_obtained":[{"floor":7,"key":"Oddly Smooth Stone"},{"floor":12,"key":"War Paint"},{"floor":26,"key":"Singing Bowl"}],"event_choices":[{"cards_removed":["Strike_G"],"damage_healed":0,"gold_gain":0,"player_choice":"Offered Basic","damage_taken":0,"max_hp_gain":0,"max_hp_loss":0,"event_name":"Bonfire Elementals","floor":3,"gold_loss":0},{"damage_healed":0,"gold_gain":0,"player_choice":"Success","damage_taken":5,"relics_obtained":["Blue Candle"],"max_hp_gain":0,"max_hp_loss":0,"event_name":"Scrap Ooze","floor":5,"gold_loss":0},{"damage_healed":0,"gold_gain":0,"player_choice":"Ignored","damage_taken":0,"max_hp_gain":0,"max_hp_loss":0,"event_name":"Vampires","floor":19,"gold_loss":0},{"damage_healed":0,"gold_gain":0,"player_choice":"0 cards matched","damage_taken":0,"max_hp_gain":0,"max_hp_loss":0,"event_name":"Match and Keep!","floor":21,"gold_loss":0,"cards_obtained":[]}],"is_beta":false,"boss_relics":[{"not_picked":["WristBlade","Tiny House"],"picked":"SacredBark"}],"items_purged_floors":[20,22],"is_endless":false,"potions_floor_spawned":[2,8,10,12,24,27],"killed_by":"Centurion and Healer","ascension_level":15}}