{"host":"tetq3wi5anb97imq","time":1612826051,"event":{"mods":["BaseMod","Block Reminder","Minty Spire (QoL Compilation)","Quick Restart","StSLib","SuperFastMode"],"gold_per_floor":[110,110,110,110,110,110,154,154,202,227,270,286,326,147,147,243,243,261,237,17,32,57,90,90,114,161,161,161,161],"floor_reached":28,"language":"ENG","playtime":580,"items_purged":["Strike_G"],"score":562,"play_id":"2b4f4e1a-e3e7-4c79-91a4-717eb59fb9d9","local_time":"20210208211411","is_ascension_mode":true,"campfire_choices":[{"floor":6,"key":"REST"},{"data":"Wraith Form v2","floor":8,"key":"SMITH"},{"data":"Noxious Fumes","floor":15,"key":"SMITH"},{"data":"Crippling Poison","floor":24,"key":"SMITH"}],"circlet_count":0,"master_deck":["AscendersBane","Defend_G","Defend_G","Defend_G","Defend_G","Defend_G","Survivor","Neutralize","Poisoned Stab+1","Wraith Form v2+1","Deadly Poison","PiercingWail","Crippling Poison+1","Terror","Noxious Fumes+1","Bane","Deflect+1","Dagger Throw+1","Setup+1","Backstab","Deadly Poison","Cloak And Dagger","Backstab","Burst","Flying Knee+1"],"relics":["Ring of the Snake","NeowsBlessing","Regal Pillow","Golden Idol","Singing Bowl","MealTicket","Lantern","Astrolabe","ClockworkSouvenir","Bottled Tornado","Bag of Marbles"],"acts_visited":["Exordium","TheCity"],"potions_floor_usage":[11,13,25,28],"damage_taken":[{"damage":0,"enemies":"Jaw Worm","floor":1,"turns":1},{"damage":0,"enemies":"Gremlin Nob","floor":7,"turns":1},{"damage":0,"enemies":"Small Slimes","floor":10,"turns":1},{"damage":16,"enemies":"Lagavulin","floor":11,"turns":6},{"damage":0,"enemies":"2 Louse","floor":12,"turns":3},{"damage":28,"enemies":"Gremlin Nob","floor":13,"turns":5},{"damage":20,"enemies":"Hexaghost","floor":16,"turns":9},{"damage":7,"enemies":"3 Byrds","floor":18,"turns":5},{"damage":9,"enemies":"2 Thieves","floor":19,"turns":4},{"damage":11,"enemies":"Snake Plant","floor":21,"turns":4},{"damage":10,"enemies":"Sentry and Sphere","floor":22,"turns":5},{"damage":7,"enemies":"Gremlin Leader","floor":23,"turns":7},{"damage":14,"enemies":"Centurion and Healer","floor":25,"turns":6},{"damage":0,"enemies":"Slavers","floor":28,"turns":1}],"seed_played":"8685818616326102383","potions_obtained":[{"floor":7,"key":"Strength Potion"},{"floor":12,"key":"ColorlessPotion"},{"floor":16,"key":"PowerPotion"},{"floor":18,"key":"SteroidPotion"},{"floor":21,"key":"Weak Potion"},{"floor":23,"key":"Swift Potion"}],"is_trial":false,"path_per_floor":["M","?","?","?","?","R","E","R","T","M","E","M","E","$","R","B",null,"M","M","$","M","M","E","R","M","T","?","E"],"character_chosen":"THE_SILENT","items_purchased":["Noxious Fumes","Bane","ClockworkSouvenir","Deadly Poison"],"campfire_rested":1,"item_purchase_floors":[14,14,20,20],"current_hp_per_floor":[59,59,52,41,18,52,52,52,52,52,36,36,8,23,23,5,52,45,38,53,42,32,25,25,11,11,11,11,11],"gold":161,"neow_bonus":"THREE_ENEMY_KILL","is_daily":false,"chose_seed":false,"campfire_upgraded":3,"win_rate":0.0,"timestamp":1612826051,"path_taken":["M","?","?","?","?","R","E","R","T","M","E","M","E","$","R","BOSS","M","M","$","M","M","E","R","M","T","?","E"],"items_purchased_type":["Card","Card","Relic","Card"],"build_version":"2020-12-22","purchased_purges":1,"victory":false,"max_hp_per_floor":[66,66,66,66,66,66,66,66,66,66,66,66,66,66,66,68,68,68,70,70,70,70,70,70,70,70,70,70,70],"card_choices":[{"not_picked":["Dodge and Roll","PiercingWail"],"picked":"Poisoned Stab","floor":1},{"not_picked":["Quick Slash","Endless Agony"],"picked":"Wraith Form v2","floor":7},{"not_picked":["Heel Hook","Slice"],"picked":"Deadly Poison","floor":10},{"not_picked":["Infinite Blades","Heel Hook"],"picked":"PiercingWail","floor":11},{"not_picked":["Riddle With Holes","Reflex"],"picked":"Crippling Poison","floor":12},{"not_picked":["Prepared","Escape Plan"],"picked":"Terror","floor":13},{"not_picked":["Grand Finale","Doppelganger","Tools of the Trade"],"picked":"Singing Bowl","floor":16},{"not_picked":["Endless Agony","Cloak And Dagger"],"picked":"Backstab","floor":18},{"not_picked":["Tactician","Blade Dance","Underhanded Strike"],"picked":"Singing Bowl","floor":19},{"not_picked":["Bane","Dagger Spray"],"picked":"Cloak And Dagger","floor":21},{"not_picked":["Setup","Well Laid Plans"],"picked":"Backstab","floor":22},{"not_picked":["Outmaneuver","Caltrops"],"picked":"Burst","floor":23},{"not_picked":["Backflip","Poisoned Stab"],"picked":"Flying Knee+1","floor":25}],"player_experience":1654064,"relics_obtained":[{"floor":7,"key":"Singing Bowl"},{"floor":11,"key":"MealTicket"},{"floor":13,"key":"Lantern"},{"floor":23,"key":"Bottled Tornado"},{"floor":26,"key":"Bag of Marbles"}],"event_choices":[{"damage_healed":0,"gold_gain":0,"player_choice":"Grow","damage_taken":0,"max_hp_gain":0,"max_hp_loss":0,"event_name":"Living Wall","floor":2,"gold_loss":0,"cards_upgraded":["Poisoned Stab"]},{"cards_removed":["Strike_G"],"damage_healed":0,"gold_gain":0,"player_choice":"Card Removal","damage_taken":7,"max_hp_gain":0,"max_hp_loss":0,"event_name":"Golden Wing","floor":3,"gold_loss":0},{"damage_healed":0,"gold_gain":0,"player_choice":"Success","damage_taken":11,"relics_obtained":["Regal Pillow"],"max_hp_gain":0,"max_hp_loss":0,"event_name":"Scrap Ooze","floor":4,"gold_loss":0},{"damage_healed":0,"gold_gain":0,"player_choice":"Take Damage","damage_taken":23,"relics_obtained":["Golden Idol"],"max_hp_gain":0,"max_hp_loss":0,"event_name":"Golden Idol","floor":5,"gold_loss":0},{"damage_healed":0,"gold_gain":0,"player_choice":"Ignored","damage_taken":0,"max_hp_gain":0,"max_hp_loss":0,"event_name":"Ghosts","floor":27,"gold_loss":0}],"is_beta":false,"boss_relics":[{"not_picked":["Coffee Dripper","Empty Cage"],"picked":"Astrolabe"}],"items_purged_floors":[14],"is_endless":false,"potions_floor_spawned":[7,12,16,18,21,23],"killed_by":"Slavers","ascension_level":20}}