{"host":"m6aaltr68g9tvoay","time":1612744275,"event":{"mods":["AchievementEnabler","BaseMod","Colored Map","Downfall","Minty Spire (QoL Compilation)","Slay the Relics Exporter","StSLib"],"gold_per_floor":[99,114,214,214,226,237,237,137,150,170,205,217,217,217,231,231,231,231],"floor_reached":16,"language":"ENG","playtime":1149,"items_purged":[],"score":151,"play_id":"cd8dd92b-d638-4a3b-96e3-c0e8bb655f23","local_time":"20210207163115","is_ascension_mode":true,"campfire_choices":[{"floor":1.0,"key":"RECALL"},{"data":"bronze:AlphaBuild","floor":8.0,"key":"SMITH"},{"floor":13.0,"key":"REST"}],"circlet_count":0,"master_deck":["bronze:Strike","bronze:Strike","bronze:Strike","bronze:Defend","bronze:Defend","bronze:Defend","bronze:Defend","bronze:Replicate","bronze:Goto","bronze:Iterate","bronze:Iterate","bronze:DelayedSlice","bronze:AlphaBuild+1","bronze:Shield","bronze:ClassDefault","bronze:TinkerersToolbox","bronze:Branch","bronze:Overload"],"relics":["bronze:BronzeCore","Meat on the Bone","downfall:HeartBlessingRed","Turnip"],"acts_visited":["Exordium"],"potions_floor_usage":[16],"damage_taken":[{"damage":0.0,"enemies":"Small Slimes","floor":2.0,"turns":4.0},{"damage":1.0,"enemies":"Cultist","floor":5.0,"turns":4.0},{"damage":0.0,"enemies":"2 Louse","floor":6.0,"turns":3.0},{"damage":1.0,"enemies":"2 Fungi Beasts","floor":9.0,"turns":2.0},{"damage":0.0,"enemies":"Blue Slaver","floor":10.0,"turns":2.0},{"damage":13.0,"enemies":"Lagavulin","floor":11.0,"turns":6.0},{"damage":0.0,"enemies":"Gremlin Gang","floor":12.0,"turns":4.0},{"damage":0.0,"enemies":"Red Slaver","floor":15.0,"turns":1.0},{"damage":71,"enemies":"DF_ARCHETYPE_STREAMLINE","floor":16,"turns":11}],"seed_played":"7170325163703450795","potions_obtained":[{"floor":2.0,"key":"Weak Potion"},{"floor":10.0,"key":"DistilledChaos"},{"floor":15,"key":"SmokeBomb"}],"is_trial":false,"path_per_floor":["R","M","?","?","M","M","T","R","M","M","E","M","R","?","M","B"],"character_chosen":"THE_AUTOMATON","items_purchased":[],"campfire_rested":1,"item_purchase_floors":[],"current_hp_per_floor":[70,70,70,70,69,69,69,69,68,68,55,55,77,77,77,6,6,6],"gold":231,"neow_bonus":"TEN_PERCENT_HP_BONUS","is_daily":false,"chose_seed":false,"campfire_upgraded":1,"win_rate":0.0,"timestamp":1612744275,"path_taken":["R","M","?","?","?","M","T","R","M","M","E","M","R","?","M","BOSS"],"items_purchased_type":[],"build_version":"2020-12-22","purchased_purges":0,"victory":false,"max_hp_per_floor":[77,77,77,77,77,77,77,77,77,77,77,77,77,77,77,77,77,77],"card_choices":[{"not_picked":["bronze:ChildClass","bronze:Turbo"],"picked":"bronze:Iterate","floor":2.0},{"not_picked":["bronze:Constructor","bronze:Iterate"],"picked":"bronze:DelayedSlice","floor":5.0},{"not_picked":["bronze:Turbo","bronze:BugBarrage"],"picked":"bronze:AlphaBuild","floor":6.0},{"not_picked":["bronze:DelayedSlice","bronze:ForceShield"],"picked":"bronze:Shield","floor":9.0},{"not_picked":["bronze:CutThrough","bronze:DelayedGuard"],"picked":"bronze:ClassDefault","floor":10.0},{"not_picked":["bronze:Shell","bronze:Fortify"],"picked":"bronze:TinkerersToolbox","floor":11.0},{"not_picked":["bronze:Frontload","bronze:DigitalCarnage"],"picked":"bronze:Branch","floor":12.0},{"not_picked":["bronze:BuggyMess","bronze:Iterate"],"picked":"bronze:Overload","floor":15}],"player_experience":1854542,"relics_obtained":[{"floor":7.0,"key":"Meat on the Bone"},{"floor":11.0,"key":"Turnip"}],"event_choices":[],"is_beta":false,"boss_relics":[],"items_purged_floors":[],"is_endless":false,"potions_floor_spawned":[2,10,15],"killed_by":"DF_ARCHETYPE_STREAMLINE","ascension_level":9}}