{"host":"2wfkxmfk74kgfdwc","time":1612799066,"event":{"mods":["BaseMod","Colored Map","Colored Powertips","Minty Spire (QoL Compilation)","Permanent Neow","Quick Restart","Relic Filter Mod","Relic Stats","Reliquary","Spire Arcade","StSLib","Wide Potions","óô»ðÖ¸ÄÏ"],"gold_per_floor":[113,85,104,115,115,159,159,203,203,203,128,149,174,213,213,334,334,353,372,137,150,150,178,178,277,277,77,108,127,2,17,17,115,115,126,126,126,478,478,504,504,514,514,218,56,67,67,81,81,81],"floor_reached":51,"language":"ZHS","playtime":1956,"items_purged":["Strike_R","Pain","Strike_R","Injury"],"score":1058,"play_id":"2d4315da-e98a-4334-9858-1792ecf4ebd1","local_time":"20210208234426","is_ascension_mode":true,"campfire_choices":[{"data":"Body Slam","floor":7.0,"key":"SMITH"},{"floor":10.0,"key":"REST"},{"data":"Power Through","floor":15.0,"key":"SMITH"},{"data":"Second Wind","floor":24.0,"key":"SMITH"},{"data":"Offering","floor":32,"key":"SMITH"},{"data":"1","floor":47,"key":"LIFT"},{"data":"2","floor":49,"key":"LIFT"}],"circlet_count":0,"master_deck":["Strike_R","Strike_R","Strike_R","Defend_R","Defend_R","Defend_R","Defend_R","Bash","Second Wind+1","Burning Pact","Body Slam+1","Feed","Power Through+1","True Grit","Offering+1","Apotheosis","Body Slam","Entrench+1","Chrysalis","Barricade","Shrug It Off+1","Parasite"],"relics":["Burning Blood","Pocketwatch","Bloody Idol","reliquary:WeakTea","Ornamental Fan","reliquary:IridiumChain","Anchor","Cursed Key","Sundial","Charon\u0027s Ashes","Juzu Bracelet","Coffee Dripper","Old Coin","PreservedInsect","reliquary:SilkGlove","Girya","Medical Kit"],"acts_visited":["Exordium","TheCity","TheBeyond"],"potions_floor_usage":[],"damage_taken":[{"damage":9.0,"enemies":"Jaw Worm","floor":1.0,"turns":3.0},{"damage":0.0,"enemies":"Small Slimes","floor":3.0,"turns":3.0},{"damage":10.0,"enemies":"2 Louse","floor":4.0,"turns":3.0},{"damage":19.0,"enemies":"Gremlin Nob","floor":6.0,"turns":5.0},{"damage":50.0,"enemies":"Lagavulin","floor":8.0,"turns":8.0},{"damage":22.0,"enemies":"Lots of Slimes","floor":12.0,"turns":7.0},{"damage":3.0,"enemies":"Blue Slaver","floor":13.0,"turns":4.0},{"damage":0.0,"enemies":"3 Sentries","floor":14.0,"turns":5.0},{"damage":0.0,"enemies":"Slime Boss","floor":16.0,"turns":4.0},{"damage":8.0,"enemies":"Shell Parasite","floor":18.0,"turns":5.0},{"damage":6.0,"enemies":"3 Byrds","floor":19.0,"turns":4.0},{"damage":7.0,"enemies":"Snecko","floor":21.0,"turns":3.0},{"damage":18.0,"enemies":"Book of Stabbing","floor":23.0,"turns":5.0},{"damage":20,"enemies":"Gremlin Leader","floor":28,"turns":5},{"damage":6,"enemies":"Sentry and Sphere","floor":29,"turns":2},{"damage":13,"enemies":"Centurion and Healer","floor":31,"turns":5},{"damage":31,"enemies":"Collector","floor":33,"turns":4},{"damage":6,"enemies":"3 Darklings","floor":35,"turns":4},{"damage":6,"enemies":"2 Orb Walkers","floor":38,"turns":3},{"damage":23,"enemies":"Reptomancer","floor":40,"turns":4},{"damage":6,"enemies":"3 Shapes","floor":42,"turns":3},{"damage":6,"enemies":"Spire Growth","floor":46,"turns":2},{"damage":12,"enemies":"Writhing Mass","floor":48,"turns":4},{"damage":6,"enemies":"Donu and Deca","floor":50,"turns":6}],"seed_played":"7642036447986594100","potions_obtained":[{"floor":4.0,"key":"Weak Potion"},{"floor":8.0,"key":"SpeedPotion"},{"floor":12.0,"key":"FearPotion"},{"floor":14.0,"key":"BlessingOfTheForge"},{"floor":28,"key":"Swift Potion"},{"floor":29,"key":"Energy Potion"},{"floor":42,"key":"EntropicBrew"},{"floor":46,"key":"Energy Potion"}],"is_trial":false,"path_per_floor":["M","?","M","M","?","E","R","E","T","R","$","M","M","E","R","B",null,"M","M","$","M","?","E","R","?","T","$","E","M","$","M","R","B",null,"M","?","$","?","?","E","?","M","T","R","$","M","R","M","R","B",null],"character_chosen":"IRONCLAD","items_purchased":["Apotheosis","Body Slam","FairyPotion","Medical Kit","Barricade"],"campfire_rested":1,"item_purchase_floors":[20,20,27,44,45],"current_hp_per_floor":[69,69,72,68,67,54,54,10,10,30,30,17,23,32,32,38,76,74,74,74,77,77,70,70,75,75,75,66,75,75,77,77,57,88,88,88,88,88,88,76,76,85,85,85,85,90,90,93,93,93],"gold":81,"neow_bonus":"ONE_RARE_RELIC","is_daily":false,"chose_seed":false,"campfire_upgraded":4,"win_rate":0.0,"timestamp":1612799066,"path_taken":["M","?","M","M","?","E","R","E","T","R","$","M","M","E","R","BOSS","M","M","$","M","?","E","R","?","T","?","E","M","$","M","R","BOSS","M","?","$","?","?","E","?","M","T","R","$","M","R","M","R","BOSS"],"items_purchased_type":["Card","Card","Potion","Relic","Card"],"build_version":"2020-12-22","purchased_purges":4,"victory":true,"max_hp_per_floor":[72,72,72,72,67,67,67,67,67,67,67,70,73,76,76,76,76,76,76,76,80,80,80,80,80,80,80,80,84,84,88,88,88,88,88,88,88,88,88,88,88,92,92,92,92,92,92,96,96,96],"relic_stats":{"counters":[24,101],"Ornamental Fan":[56],"Sundial":[6],"Bloody Idol":50,"Charon\u0027s Ashes":[564],"PreservedInsect":0,"Juzu Bracelet":0,"Cursed Key":2,"Medical Kit":[9],"obtain_stats":[{"Girya":43,"reliquary:SilkGlove":41,"Golden Idol":5,"Charon\u0027s Ashes":26,"PreservedInsect":40,"Juzu Bracelet":28,"reliquary:WeakTea":6,"Cursed Key":17,"Medical Kit":44,"Burning Blood":0,"reliquary:IridiumChain":9,"Old Coin":38,"Anchor":14,"Ornamental Fan":8,"Sundial":23,"Bloody Idol":22,"Coffee Dripper":34,"Pocketwatch":0},{"Girya":21,"reliquary:SilkGlove":20,"Golden Idol":3,"Charon\u0027s Ashes":13,"PreservedInsect":20,"Juzu Bracelet":14,"reliquary:WeakTea":4,"Cursed Key":9,"Medical Kit":21,"Burning Blood":0,"reliquary:IridiumChain":5,"Old Coin":19,"Anchor":8,"Ornamental Fan":5,"Sundial":13,"Bloody Idol":12,"Coffee Dripper":17,"Pocketwatch":0},{"Girya":89,"reliquary:SilkGlove":86,"Golden Idol":9,"Charon\u0027s Ashes":59,"PreservedInsect":86,"Juzu Bracelet":64,"reliquary:WeakTea":14,"Cursed Key":42,"Medical Kit":89,"Burning Blood":0,"reliquary:IridiumChain":22,"Old Coin":82,"Anchor":38,"Ornamental Fan":22,"Sundial":59,"Bloody Idol":54,"Coffee Dripper":75,"Pocketwatch":0}],"Burning Blood":141,"Pocketwatch":[104]},"card_choices":[{"not_picked":["True Grit","Armaments"],"picked":"Second Wind","floor":1.0},{"not_picked":["Anger","Pommel Strike"],"picked":"Fire Breathing","floor":3.0},{"not_picked":["Headbutt","Clash"],"picked":"Burning Pact","floor":4.0},{"not_picked":["Sword Boomerang","Anger"],"picked":"Body Slam","floor":6.0},{"not_picked":["Sword Boomerang","Rupture"],"picked":"Feed","floor":8.0},{"not_picked":["Dual Wield","Blood for Blood","Spot Weakness"],"picked":"SKIP","floor":12.0},{"not_picked":["Blood for Blood","Dark Embrace"],"picked":"Power Through","floor":13.0},{"not_picked":["Shockwave","Armaments"],"picked":"True Grit","floor":14.0},{"not_picked":["Impervious","Reaper"],"picked":"Offering","floor":16.0},{"not_picked":["Heavy Blade","Flex+1","Clothesline"],"picked":"SKIP","floor":18.0},{"not_picked":["Infernal Blade","Impervious","Disarm"],"picked":"SKIP","floor":19.0},{"not_picked":["Combust","Perfected Strike"],"picked":"Entrench+1","floor":21.0},{"not_picked":["Heavy Blade+1","Flex","Iron Wave"],"picked":"SKIP","floor":23.0},{"not_picked":["Disarm","Flame Barrier","True Grit"],"picked":"SKIP","floor":28},{"not_picked":["Pommel Strike","Whirlwind","Flex"],"picked":"SKIP","floor":29},{"not_picked":["Pommel Strike","Whirlwind","Flex"],"picked":"SKIP","floor":29},{"not_picked":["Perfected Strike","Spot Weakness","Wild Strike"],"picked":"SKIP","floor":31},{"not_picked":["Cleave+1","Pummel","Wild Strike"],"picked":"SKIP","floor":35},{"not_picked":["Forethought","Metamorphosis"],"picked":"Chrysalis","floor":36},{"not_picked":["Searing Blow+1","Perfected Strike+1","Ghostly Armor"],"picked":"SKIP","floor":40},{"not_picked":["Rage+1","Rampage","Uppercut"],"picked":"SKIP","floor":42},{"not_picked":["Seeing Red","Iron Wave"],"picked":"Shrug It Off+1","floor":46},{"not_picked":["Wild Strike","Rupture","Whirlwind+1"],"picked":"SKIP","floor":48}],"player_experience":6359,"relics_obtained":[{"floor":6.0,"key":"reliquary:WeakTea"},{"floor":8.0,"key":"Ornamental Fan"},{"floor":9.0,"key":"reliquary:IridiumChain"},{"floor":14.0,"key":"Anchor"},{"floor":23.0,"key":"Sundial"},{"floor":26.0,"key":"Charon\u0027s Ashes"},{"floor":28,"key":"Juzu Bracelet"},{"floor":38,"key":"Old Coin"},{"floor":40,"key":"PreservedInsect"},{"floor":43,"key":"Girya"}],"event_choices":[{"damage_healed":0.0,"max_hp_gain":0.0,"max_hp_loss":0.0,"gold_gain":0.0,"event_name":"World of Goop","player_choice":"Left Gold","floor":2.0,"gold_loss":28.0,"damage_taken":0.0},{"damage_healed":0.0,"max_hp_gain":0.0,"max_hp_loss":5.0,"gold_gain":0.0,"event_name":"Golden Idol","player_choice":"Lose Max HP","floor":5.0,"gold_loss":0.0,"damage_taken":0.0,"relics_obtained":["Golden Idol"]},{"damage_healed":0.0,"max_hp_gain":0.0,"max_hp_loss":0.0,"gold_gain":0.0,"event_name":"Forgotten Altar","player_choice":"Gave Idol","floor":22.0,"relics_lost":["Golden Idol"],"gold_loss":0.0,"damage_taken":0.0,"relics_obtained":["Bloody Idol"]},{"damage_healed":0.0,"max_hp_gain":0.0,"max_hp_loss":0.0,"gold_gain":99.0,"event_name":"Nest","player_choice":"Stole From Cult","floor":25.0,"gold_loss":0.0,"damage_taken":0.0},{"damage_healed":0,"gold_gain":0,"player_choice":"Memory 1","damage_taken":0,"max_hp_gain":0,"max_hp_loss":0,"event_name":"SensoryStone","floor":36,"gold_loss":0},{"damage_healed":0,"gold_gain":0,"player_choice":"Fight","damage_taken":0,"max_hp_gain":0,"max_hp_loss":0,"event_name":"Mysterious Sphere","floor":38,"gold_loss":0},{"cards_removed":["Fire Breathing"],"damage_healed":0,"gold_gain":0,"player_choice":"Removed Power","damage_taken":0,"max_hp_gain":0,"max_hp_loss":0,"event_name":"Falling","floor":39,"gold_loss":0},{"damage_healed":0,"gold_gain":0,"player_choice":"Gave Potion","damage_taken":0,"relics_obtained":["reliquary:SilkGlove"],"max_hp_gain":0,"max_hp_loss":0,"event_name":"WeMeetAgain","floor":41,"gold_loss":0}],"is_beta":false,"boss_relics":[{"not_picked":["Philosopher\u0027s Stone","SacredBark"],"picked":"Cursed Key"},{"not_picked":["Runic Pyramid","Snecko Eye"],"picked":"Coffee Dripper"}],"items_purged_floors":[11,27,30,44],"is_endless":false,"potions_floor_spawned":[4,8,12,14,28,29,31,35,42,46],"ascension_level":3}}