{"host":"y3h3n3f7seyagppx","time":1612753995,"event":{"mods":["AlwaysNeverKeys","BaseMod","Better Vampires","Colored Powertips","DeckTracker","Emptier Cage","Minty Spire (QoL Compilation)","Permanent Neow","Quick Restart","Rare Cards Sparkle","Relic Sorter","Relic Stats","StSLib","Transform Curses"],"gold_per_floor":[118,135,135,149,163,190,190,222,222,222,251,269,288,288,288,361,361,380,380,390,410,436,436,464,464,490,57,84,95,95,95,95,172,172,185,185,200,33,45,45,72,122,122,72,347,363,377,414,414,414,414,414,414,155,186,186],"floor_reached":57,"language":"ENG","playtime":6999,"items_purged":["Strike_R","Parasite","Strike_R"],"score":2665,"play_id":"daba206f-e9b7-495c-95e6-8a3f1e47400a","local_time":"20210207221315","is_ascension_mode":true,"campfire_choices":[{"data":"Perfected Strike","floor":7.0,"key":"SMITH"},{"data":"Rage","floor":15.0,"key":"SMITH"},{"data":"Bash","floor":23.0,"key":"SMITH"},{"data":"Spot Weakness","floor":25.0,"key":"SMITH"},{"data":"Impervious","floor":32.0,"key":"SMITH"},{"data":"Power Through","floor":40.0,"key":"SMITH"},{"data":"Second Wind","floor":49.0,"key":"SMITH"},{"data":"Brutality","floor":53.0,"key":"SMITH"}],"circlet_count":0,"master_deck":["AscendersBane","Strike_R","Strike_R","Defend_R","Defend_R","Defend_R","Bash+1","Ghostly Armor","Perfected Strike+1","Sentinel","Twin Strike","Immolate+1","Pommel Strike+1","Rage+1","Impervious+1","Spot Weakness+1","Evolve","Clothesline+1","Ghostly Armor","Reaper+1","Shrug It Off","Necronomicurse","Barricade","Dark Shackles","Violence","Flame Barrier+1","Power Through+1","Brutality+1","Reaper+1","Disarm","Dark Embrace+1","Second Wind+1","Impervious+1"],"relics":["Burning Blood","Strawberry","Molten Egg 2","Smiling Mask","InkBottle","StoneCalendar","Runic Dome","Red Mask","Bag of Preparation","Red Skull","Bag of Marbles","Frozen Eye","Orichalcum","Necronomicon","Velvet Choker","ClockworkSouvenir","Blue Candle","Champion Belt","Omamori","CeramicFish","DollysMirror","Vajra"],"acts_visited":["Exordium","TheCity","TheBeyond","TheEnding"],"potions_floor_usage":[56],"damage_taken":[{"damage":2.0,"enemies":"2 Louse","floor":1.0,"turns":4.0},{"damage":1.0,"enemies":"Cultist","floor":2.0,"turns":4.0},{"damage":0.0,"enemies":"Small Slimes","floor":4.0,"turns":4.0},{"damage":10.0,"enemies":"Exordium Wildlife","floor":5.0,"turns":6.0},{"damage":46.0,"enemies":"Lagavulin","floor":6.0,"turns":9.0},{"damage":10.0,"enemies":"3 Sentries","floor":8.0,"turns":11.0},{"damage":8.0,"enemies":"Gremlin Nob","floor":11.0,"turns":3.0},{"damage":2.0,"enemies":"2 Fungi Beasts","floor":12.0,"turns":3.0},{"damage":5.0,"enemies":"Large Slime","floor":13.0,"turns":5.0},{"damage":33.0,"enemies":"The Guardian","floor":16.0,"turns":13.0},{"damage":0.0,"enemies":"Spheric Guardian","floor":18.0,"turns":3.0},{"damage":12.0,"enemies":"Chosen","floor":20.0,"turns":3.0},{"damage":3.0,"enemies":"Snecko","floor":21.0,"turns":5.0},{"damage":0.0,"enemies":"Masked Bandits","floor":22.0,"turns":2.0},{"damage":14.0,"enemies":"Book of Stabbing","floor":24.0,"turns":4.0},{"damage":17.0,"enemies":"Gremlin Leader","floor":28.0,"turns":7.0},{"damage":6.0,"enemies":"Centurion and Healer","floor":29.0,"turns":7.0},{"damage":23.0,"enemies":"Collector","floor":33.0,"turns":6.0},{"damage":8.0,"enemies":"3 Darklings","floor":35.0,"turns":4.0},{"damage":0.0,"enemies":"3 Shapes","floor":37.0,"turns":1.0},{"damage":29.0,"enemies":"Writhing Mass","floor":39.0,"turns":5.0},{"damage":24.0,"enemies":"Reptomancer","floor":41.0,"turns":6.0},{"damage":0.0,"enemies":"2 Orb Walkers","floor":42.0,"turns":3.0},{"damage":14.0,"enemies":"Transient","floor":46.0,"turns":6.0},{"damage":8.0,"enemies":"Maw","floor":47.0,"turns":7.0},{"damage":22.0,"enemies":"Nemesis","floor":48.0,"turns":7.0},{"damage":48.0,"enemies":"Awakened One","floor":50.0,"turns":11.0},{"damage":67.0,"enemies":"Donu and Deca","floor":51.0,"turns":12.0},{"damage":28.0,"enemies":"Shield and Spear","floor":55.0,"turns":6.0},{"damage":40,"enemies":"The Heart","floor":56,"turns":10}],"seed_played":"9128820837747528121","potions_obtained":[{"floor":1.0,"key":"LiquidBronze"},{"floor":4.0,"key":"Swift Potion"},{"floor":5.0,"key":"Weak Potion"},{"floor":6.0,"key":"SkillPotion"},{"floor":20.0,"key":"Explosive Potion"},{"floor":22.0,"key":"SkillPotion"},{"floor":28.0,"key":"ElixirPotion"},{"floor":35.0,"key":"Swift Potion"},{"floor":42.0,"key":"FairyPotion"},{"floor":46.0,"key":"Dexterity Potion"},{"floor":48.0,"key":"Swift Potion"}],"is_trial":false,"path_per_floor":["M","M","?","M","M","E","R","E","T","?","E","M","M","?","R","B",null,"M","?","M","M","?","R","E","R","T","$","E","M","?","?","R","B",null,"M","?","M","$","M","R","E","?","T","$","?","M","M","E","R","B","B",null,"R","$","E","B",null],"character_chosen":"IRONCLAD","items_purchased":["Bag of Marbles","Frozen Eye","PowerPotion","ClockworkSouvenir","DollysMirror","SpeedPotion"],"campfire_rested":0,"item_purchase_floors":[27,27,27,38,54,54],"current_hp_per_floor":[79,82,82,82,78,38,38,34,34,34,32,36,37,37,37,10,64,70,70,64,67,73,73,65,65,65,65,54,54,33,33,33,27,68,80,70,76,76,53,53,35,65,65,65,65,79,77,61,61,79,79,79,79,79,64,79],"gold":186,"neow_bonus":"RANDOM_COMMON_RELIC","is_daily":false,"chose_seed":false,"campfire_upgraded":8,"win_rate":0.0,"timestamp":1612753995,"path_taken":["M","M","?","M","M","E","R","E","T","?","E","?","M","?","R","BOSS","M","?","M","M","?","R","E","R","T","$","E","M","?","?","R","BOSS","M","?","M","$","M","R","E","?","T","?","?","M","?","E","R","BOSS","BOSS","R","$","E","BOSS"],"items_purchased_type":["Relic","Relic","Potion","Relic","Relic","Potion"],"build_version":"2020-12-22","purchased_purges":3,"victory":true,"max_hp_per_floor":[82,82,82,82,82,82,82,82,82,82,82,82,82,82,82,82,82,82,82,82,82,82,82,82,82,82,82,82,82,82,82,82,82,82,82,82,82,82,82,82,82,82,82,79,79,79,79,79,79,79,79,79,79,79,79,79],"relic_stats":{"counters":[30,177],"Blue Candle":[5],"CeramicFish":18,"StoneCalendar":[221],"Bag of Preparation":[30],"Necronomicon":[60],"Champion Belt":[23],"Orichalcum":[90],"Smiling Mask":150,"obtain_stats":[{"Blue Candle":41,"CeramicFish":48,"Velvet Choker":34,"Vajra":55,"StoneCalendar":11,"Bag of Preparation":24,"Omamori":43,"Orichalcum":28,"Smiling Mask":8,"Burning Blood":0,"ClockworkSouvenir":38,"Runic Dome":17,"Frozen Eye":27,"DollysMirror":54,"Strawberry":0,"Molten Egg 2":6,"Red Mask":22,"Bag of Marbles":27,"Necronomicon":30,"Champion Belt":42,"InkBottle":9,"Red Skull":26},{"Blue Candle":22,"CeramicFish":26,"Velvet Choker":18,"Vajra":29,"StoneCalendar":7,"Bag of Preparation":15,"Omamori":23,"Orichalcum":16,"Smiling Mask":6,"Burning Blood":0,"ClockworkSouvenir":20,"Runic Dome":10,"Frozen Eye":15,"DollysMirror":28,"Strawberry":0,"Molten Egg 2":5,"Red Mask":14,"Bag of Marbles":15,"Necronomicon":17,"Champion Belt":23,"InkBottle":6,"Red Skull":15},{"Blue Candle":115,"CeramicFish":138,"Velvet Choker":99,"Vajra":167,"StoneCalendar":41,"Bag of Preparation":79,"Omamori":118,"Orichalcum":86,"Smiling Mask":38,"Burning Blood":0,"ClockworkSouvenir":104,"Runic Dome":62,"Frozen Eye":79,"DollysMirror":161,"Strawberry":0,"Molten Egg 2":27,"Red Mask":75,"Bag of Marbles":79,"Necronomicon":93,"Champion Belt":118,"InkBottle":38,"Red Skull":79}],"Burning Blood":162,"InkBottle":[53]},"card_choices":[{"not_picked":["Flex","Wild Strike"],"picked":"Ghostly Armor","floor":1.0},{"not_picked":["Second Wind","Flame Barrier"],"picked":"Perfected Strike","floor":2.0},{"not_picked":["Armaments","Wild Strike"],"picked":"Twin Strike","floor":4.0},{"not_picked":["Thunderclap","Cleave","Ghostly Armor"],"picked":"SKIP","floor":5.0},{"not_picked":["Havoc","Rampage+1","Warcry"],"picked":"SKIP","floor":6.0},{"not_picked":["Havoc","Pummel+1"],"picked":"Immolate+1","floor":8.0},{"not_picked":["Flex","Body Slam+1"],"picked":"Pommel Strike+1","floor":11.0},{"not_picked":["Ghostly Armor","Clash+1"],"picked":"Rage","floor":12.0},{"not_picked":["Headbutt+1","Iron Wave+1","Dual Wield"],"picked":"SKIP","floor":13.0},{"not_picked":["Headbutt+1","Iron Wave+1","Dual Wield"],"picked":"SKIP","floor":13.0},{"not_picked":["Headbutt+1","Iron Wave+1","Dual Wield"],"picked":"SKIP","floor":13.0},{"not_picked":["Limit Break","Juggernaut"],"picked":"Impervious","floor":16.0},{"not_picked":["Sentinel+1","Thunderclap+1"],"picked":"Spot Weakness","floor":18.0},{"not_picked":["Clash+1","Searing Blow+1"],"picked":"Clothesline+1","floor":20.0},{"not_picked":["True Grit","Heavy Blade+1","Perfected Strike+1"],"picked":"SKIP","floor":21.0},{"not_picked":["Carnage+1","Twin Strike+1"],"picked":"Ghostly Armor","floor":24.0},{"not_picked":["Power Through","True Grit"],"picked":"Reaper+1","floor":28.0},{"not_picked":["Intimidate","Rampage+1"],"picked":"Shrug It Off","floor":29.0},{"not_picked":["Demon Form","Juggernaut"],"picked":"Barricade","floor":33.0},{"not_picked":["Havoc","Thunderclap+1","Armaments"],"picked":"SKIP","floor":35.0},{"not_picked":["Impatience","Forethought"],"picked":"Dark Shackles","floor":36.0},{"not_picked":["Good Instincts","Mind Blast+1"],"picked":"Violence","floor":36.0},{"not_picked":["Clothesline+1","Blood for Blood+1"],"picked":"Flame Barrier+1","floor":37.0},{"not_picked":["Clash+1","Flex+1"],"picked":"Power Through","floor":39.0},{"not_picked":["Anger+1","Intimidate+1"],"picked":"Brutality","floor":41.0},{"not_picked":["True Grit","Headbutt+1"],"picked":"Reaper+1","floor":42.0},{"not_picked":["Headbutt+1","Rage"],"picked":"Disarm","floor":46.0},{"not_picked":["Rupture","True Grit+1"],"picked":"Dark Embrace+1","floor":47.0},{"not_picked":["Reckless Charge+1","Burning Pact"],"picked":"Second Wind","floor":48.0},{"not_picked":["Feed+1","Cleave+1","Thunderclap+1"],"picked":"SKIP","floor":55.0}],"player_experience":21954346,"relics_obtained":[{"floor":6.0,"key":"Molten Egg 2"},{"floor":8.0,"key":"Smiling Mask"},{"floor":9.0,"key":"InkBottle"},{"floor":11.0,"key":"StoneCalendar"},{"floor":22.0,"key":"Red Mask"},{"floor":24.0,"key":"Bag of Preparation"},{"floor":26.0,"key":"Red Skull"},{"floor":28.0,"key":"Orichalcum"},{"floor":30.0,"key":"Necronomicon"},{"floor":41.0,"key":"Blue Candle"},{"floor":42.0,"key":"Champion Belt"},{"floor":43.0,"key":"Omamori"},{"floor":48.0,"key":"CeramicFish"},{"floor":55.0,"key":"Vajra"}],"event_choices":[{"damage_healed":0.0,"max_hp_gain":0.0,"max_hp_loss":0.0,"gold_gain":0.0,"cards_transformed":["Defend_R"],"event_name":"Living Wall","player_choice":"Change","floor":3.0,"gold_loss":0.0,"damage_taken":0.0,"cards_obtained":["Sentinel"]},{"cards_removed":["Strike_R"],"damage_healed":0.0,"max_hp_gain":0.0,"max_hp_loss":0.0,"gold_gain":0.0,"event_name":"Purifier","player_choice":"Purged","floor":10.0,"gold_loss":0.0,"damage_taken":0.0},{"damage_healed":0.0,"max_hp_gain":0.0,"max_hp_loss":0.0,"gold_gain":0.0,"event_name":"Liars Game","player_choice":"Ignored","floor":14.0,"gold_loss":0.0,"damage_taken":0.0},{"damage_healed":0.0,"max_hp_gain":0.0,"max_hp_loss":0.0,"gold_gain":0.0,"event_name":"The Library","player_choice":"Read","floor":19.0,"gold_loss":0.0,"damage_taken":0.0,"cards_obtained":["Evolve"]},{"damage_healed":0.0,"max_hp_gain":0.0,"max_hp_loss":0.0,"gold_gain":0.0,"event_name":"Masked Bandits","player_choice":"Fought Bandits","floor":22.0,"gold_loss":0.0,"damage_taken":0.0},{"damage_healed":0.0,"max_hp_gain":0.0,"max_hp_loss":0.0,"gold_gain":0.0,"event_name":"Cursed Tome","player_choice":"Obtained Book","floor":30.0,"gold_loss":0.0,"damage_taken":21.0},{"damage_healed":0.0,"max_hp_gain":0.0,"max_hp_loss":0.0,"gold_gain":0.0,"event_name":"Ghosts","player_choice":"Ignored","floor":31.0,"gold_loss":0.0,"damage_taken":0.0},{"damage_healed":0.0,"max_hp_gain":0.0,"max_hp_loss":0.0,"gold_gain":0.0,"event_name":"SensoryStone","player_choice":"Memory 3","floor":36.0,"gold_loss":0.0,"damage_taken":10.0},{"damage_healed":0.0,"max_hp_gain":0.0,"max_hp_loss":0.0,"gold_gain":0.0,"event_name":"Mysterious Sphere","player_choice":"Fight","floor":42.0,"gold_loss":0.0,"damage_taken":0.0},{"damage_healed":0.0,"max_hp_gain":0.0,"max_hp_loss":0.0,"gold_gain":275.0,"event_name":"Golden Shrine","player_choice":"Desecrate","floor":45.0,"gold_loss":0.0,"damage_taken":0.0,"cards_obtained":["Regret"]}],"is_beta":false,"boss_relics":[{"not_picked":["Calling Bell","Runic Cube"],"picked":"Runic Dome"},{"not_picked":["SacredBark","Pandora\u0027s Box"],"picked":"Velvet Choker"}],"items_purged_floors":[27,44,54],"is_endless":false,"potions_floor_spawned":[1,4,5,6,20,22,28,35,42,46,47,48],"ascension_level":20}}