{"host":"81vb4cbob60wa1na","time":1612824521,"event":{"mods":["AchievementEnabler","BaseMod","Bestiary","Colored Map","Colored Powertips","Downfall","Highlight Path","Minty Spire (QoL Compilation)","Quick Restart","Rare Cards Sparkle","StSLib"],"gold_per_floor":[113,113,288,300,318,348,348,39,90,90,107,55,72,90,90,90,90],"floor_reached":16,"language":"ENG","playtime":494,"items_purged":[],"score":117,"play_id":"ddbcc47f-1e6e-48c2-af00-438ee119218b","local_time":"20210208174841","is_ascension_mode":true,"campfire_choices":[{"floor":7,"key":"REST"},{"data":"Gash","floor":10,"key":"SMITH"},{"floor":15,"key":"REST"}],"circlet_count":0,"master_deck":["Strike_B","Strike_B","Strike_B","Defend_B","Defend_B","Defend_B","Defend_B","Zap+1","Dualcast","Conserve Battery","Doubt","Gash+1","Go for the Eyes","Steam","Genetic Algorithm","Gash","Gash"],"relics":["Cracked Core","Bag of Marbles","MealTicket","Strawberry","PreservedInsect"],"acts_visited":["Exordium"],"potions_floor_usage":[16],"damage_taken":[{"damage":7,"enemies":"Small Slimes","floor":1,"turns":3},{"damage":0,"enemies":"Jaw Worm","floor":4,"turns":3},{"damage":1,"enemies":"2 Louse","floor":5,"turns":3},{"damage":40,"enemies":"3 Sentries","floor":6,"turns":10},{"damage":37,"enemies":"Gremlin Gang","floor":11,"turns":6},{"damage":3,"enemies":"3 Louse","floor":13,"turns":4},{"damage":6,"enemies":"Looter","floor":14,"turns":2},{"damage":42,"enemies":"Slime Boss","floor":16,"turns":5}],"seed_played":"-8960270294206188965","potions_obtained":[{"floor":1,"key":"Ancient Potion"},{"floor":5,"key":"CultistPotion"}],"is_trial":false,"path_per_floor":["M","?","?","M","M","E","R","$","T","R","M","$","M","M","R","B"],"character_chosen":"DEFECT","items_purchased":["MealTicket","Strawberry","Gash"],"campfire_rested":2,"item_purchase_floors":[8,8,12],"current_hp_per_floor":[68,61,61,61,60,20,42,49,49,49,12,27,24,18,42,0,0],"gold":90,"neow_bonus":"UPGRADE_CARD","is_daily":false,"chose_seed":false,"campfire_upgraded":1,"win_rate":0.0,"timestamp":1612824521,"path_taken":["M","?","?","M","M","E","R","?","T","R","?","$","M","M","R","BOSS"],"items_purchased_type":["Relic","Relic","Card"],"build_version":"2020-12-22","purchased_purges":0,"victory":false,"max_hp_per_floor":[75,75,75,75,75,75,75,82,82,82,82,82,82,82,82,82,82],"card_choices":[{"not_picked":["Hello World","Aggregate"],"picked":"Conserve Battery","floor":1},{"not_picked":["Stack","Leap"],"picked":"Gash","floor":4},{"not_picked":["Doom and Gloom","Tempest"],"picked":"Go for the Eyes","floor":5},{"not_picked":["Turbo","Streamline"],"picked":"Steam","floor":6},{"not_picked":["Chaos","Redo"],"picked":"Genetic Algorithm","floor":11},{"not_picked":["Go for the Eyes","Compile Driver"],"picked":"Gash","floor":13},{"not_picked":["Biased Cognition","Stack","Redo"],"picked":"SKIP","floor":14}],"player_experience":231513,"relics_obtained":[{"floor":6,"key":"Bag of Marbles"},{"floor":9,"key":"PreservedInsect"}],"event_choices":[{"cards_removed":["Strike_B"],"damage_healed":0,"gold_gain":0,"player_choice":"Card Removal","damage_taken":7,"max_hp_gain":0,"max_hp_loss":0,"event_name":"Golden Wing","floor":2,"gold_loss":0},{"damage_healed":0,"gold_gain":175,"player_choice":"AGREE","damage_taken":0,"max_hp_gain":0,"max_hp_loss":0,"event_name":"Liars Game","floor":3,"gold_loss":0,"cards_obtained":["Doubt"]}],"is_beta":false,"boss_relics":[],"items_purged_floors":[],"is_endless":false,"potions_floor_spawned":[1,5],"killed_by":"Slime Boss","ascension_level":3}}