{"host":"0ma1l65sntb3rtgl","time":1612766651,"event":{"mods":["AchievementEnabler","BaseMod","Better Note","Better Third Choice","Colored Map","Colored Powertips","Curses Come First","Highlight Path","Minty Spire (QoL Compilation)","Rare Cards Sparkle","Relic Stats","StSLib"],"gold_per_floor":[113,127,127,202,217,251,251,283,283,283,18,50,23,23,23,126,126,139,139,139,64,64,64,94,19,19,37,37,37,50,83,83,187,187,206,63,63,63,63,63,63,89,89,89,119,44,69,69,69,164,164,184,6,6,6,6,6,38,38,61,93,93,13,13,13,13,114,114,131,6,6,6,6,37,37,37,62,62,62,162,192,212,212,313,313,326,326,326,101,101,101,101,101,127,127,127,37,37,37,37,140,140,158,12,26,26,26,26,55,55,83,108,108,108,133,149,149,149,149],"floor_reached":118,"language":"ENG","playtime":4467,"items_purged":["Strike_B","Strike_B+1","Defend_B"],"score":2835,"play_id":"02ed0230-0903-44f8-a61e-f0f1d01c7d8d","local_time":"20210208004411","daily_mods":["Flight"],"is_ascension_mode":false,"campfire_choices":[{"floor":7,"key":"REST"},{"data":"White Noise","floor":15,"key":"SMITH"},{"data":"Genetic Algorithm","floor":23,"key":"SMITH"},{"data":"Defragment","floor":29,"key":"SMITH"},{"floor":32,"key":"REST"},{"data":"Defragment","floor":40,"key":"SMITH"},{"data":"Creative AI","floor":41,"key":"SMITH"},{"data":"Strike_B","floor":44,"key":"SMITH"},{"floor":49,"key":"REST"},{"data":"1","floor":57,"key":"LIFT"},{"floor":59,"key":"REST"},{"data":"2","floor":62,"key":"LIFT"},{"data":"3","floor":64,"key":"LIFT"},{"data":"Madness","floor":66,"key":"SMITH"},{"data":"Storm","floor":75,"key":"SMITH"},{"data":"Skim","floor":78,"key":"SMITH"},{"data":"Barrage","floor":79,"key":"SMITH"},{"floor":83,"key":"REST"},{"data":"Amplify","floor":91,"key":"SMITH"},{"data":"Consume","floor":92,"key":"SMITH"},{"data":"Steam Power","floor":93,"key":"SMITH"},{"data":"Glacier","floor":95,"key":"SMITH"},{"data":"Hologram","floor":98,"key":"SMITH"},{"floor":100,"key":"REST"},{"data":"Stack","floor":108,"key":"SMITH"},{"data":"Machine Learning","floor":110,"key":"SMITH"},{"data":"Stack","floor":113,"key":"SMITH"},{"data":"FTL","floor":117,"key":"SMITH"}],"circlet_count":0,"master_deck":["Dualcast","Conserve Battery","Barrage+1","Cold Snap","Hologram+1","White Noise+1","Capacitor","Storm+1","Self Repair","Machine Learning+1","Melter+1","Defragment+1","Glacier+1","Genetic Algorithm+1","Defragment+1","FTL+1","FTL+1","Stack+1","Creative AI+1","Madness+1","Madness+1","Blizzard+1","Skim+1","Buffer+1","CurseOfTheBell","Cold Snap","Stack+1","Cold Snap+1","Creative AI+1","Biased Cognition+1","Defragment+1","Biased Cognition+1","Turbo","Necronomicurse","White Noise+1","Defragment+1","Steam Power+1","Consume+1","Amplify+1","Electrodynamics+1","Buffer+1","Defragment+1","Glacier"],"relics":["Cracked Core","MealTicket","Prayer Wheel","Ornamental Fan","Dead Branch","TheAbacus","MawBank","Inserter","CaptainsWheel","White Beast Statue","Singing Bowl","Calipers","Black Star","Juzu Bracelet","Gremlin Horn","Potion Belt","FossilizedHelix","Boot","Bottled Tornado","Whetstone","Frozen Egg 2","Thread and Needle","Calling Bell","Oddly Smooth Stone","StrikeDummy","Girya","Bronze Scales","Mercury Hourglass","StoneCalendar","Lantern","Philosopher\u0027s Stone","Necronomicon","Ginger","Darkstone Periapt","SlaversCollar","DollysMirror","Runic Dome","PreservedInsect","Odd Mushroom","Golden Idol"],"acts_visited":["Exordium","TheCity","TheBeyond","Exordium","TheCity","TheBeyond","Exordium"],"potions_floor_usage":[8,18,31,45,47,50],"damage_taken":[{"damage":0,"enemies":"Cultist","floor":1,"turns":3},{"damage":0,"enemies":"2 Louse","floor":2,"turns":3},{"damage":0,"enemies":"Small Slimes","floor":5,"turns":3},{"damage":30,"enemies":"Lagavulin","floor":6,"turns":7},{"damage":17,"enemies":"Gremlin Nob","floor":8,"turns":4},{"damage":13,"enemies":"3 Sentries","floor":12,"turns":6},{"damage":28,"enemies":"Slime Boss","floor":16,"turns":8},{"damage":14,"enemies":"3 Byrds","floor":18,"turns":5},{"damage":27,"enemies":"Book of Stabbing","floor":24,"turns":8},{"damage":20,"enemies":"2 Thieves","floor":25,"turns":5},{"damage":6,"enemies":"Chosen and Byrds","floor":27,"turns":7},{"damage":4,"enemies":"Sentry and Sphere","floor":30,"turns":7},{"damage":33,"enemies":"Gremlin Leader","floor":31,"turns":5},{"damage":0,"enemies":"Champ","floor":33,"turns":19},{"damage":0,"enemies":"Orb Walker","floor":35,"turns":6},{"damage":0,"enemies":"Reptomancer","floor":42,"turns":5},{"damage":49,"enemies":"Nemesis","floor":45,"turns":9},{"damage":67,"enemies":"Reptomancer","floor":47,"turns":8},{"damage":77,"enemies":"Donu and Deca","floor":50,"turns":11},{"damage":0,"enemies":"Jaw Worm","floor":52,"turns":5},{"damage":20,"enemies":"3 Sentries","floor":58,"turns":6},{"damage":0,"enemies":"Lagavulin","floor":61,"turns":6},{"damage":0,"enemies":"Slime Boss","floor":67,"turns":7},{"damage":0,"enemies":"Spheric Guardian","floor":69,"turns":3},{"damage":13,"enemies":"Book of Stabbing","floor":74,"turns":4},{"damage":0,"enemies":"Gremlin Leader","floor":77,"turns":3},{"damage":27,"enemies":"Colosseum Slavers","floor":80,"turns":3},{"damage":0,"enemies":"Colosseum Nobs","floor":80,"turns":6},{"damage":13,"enemies":"Book of Stabbing","floor":81,"turns":3},{"damage":21,"enemies":"2 Thieves","floor":82,"turns":2},{"damage":0,"enemies":"Champ","floor":84,"turns":6},{"damage":35,"enemies":"3 Darklings","floor":86,"turns":4},{"damage":48,"enemies":"Reptomancer","floor":94,"turns":4},{"damage":49,"enemies":"Time Eater","floor":101,"turns":8},{"damage":0,"enemies":"Jaw Worm","floor":103,"turns":3},{"damage":0,"enemies":"Cultist","floor":105,"turns":3},{"damage":0,"enemies":"Lagavulin","floor":109,"turns":3},{"damage":0,"enemies":"3 Sentries","floor":111,"turns":3},{"damage":17,"enemies":"The Mushroom Lair","floor":112,"turns":3},{"damage":0,"enemies":"2 Louse","floor":115,"turns":2},{"damage":0,"enemies":"Large Slime","floor":116,"turns":2},{"damage":125,"enemies":"Hexaghost","floor":118,"turns":2}],"seed_played":"6484737234891948676","potions_obtained":[{"floor":2,"key":"Swift Potion"},{"floor":6,"key":"DistilledChaos"},{"floor":16,"key":"SkillPotion"},{"floor":25,"key":"LiquidBronze"},{"floor":27,"key":"Weak Potion"},{"floor":30,"key":"FairyPotion"},{"floor":31,"key":"LiquidBronze"},{"floor":33,"key":"Block Potion"},{"floor":42,"key":"FairyPotion"},{"floor":45,"key":"EssenceOfSteel"},{"floor":47,"key":"FearPotion"},{"floor":50,"key":"Ancient Potion"},{"floor":52,"key":"LiquidMemories"},{"floor":58,"key":"Regen Potion"},{"floor":61,"key":"Ancient Potion"},{"floor":67,"key":"Explosive Potion"},{"floor":80,"key":"PowerPotion"},{"floor":94,"key":"Strength Potion"}],"is_trial":true,"path_per_floor":["M","M","?","?","M","E","R","E","T","?","$","E","$","$","R","B",null,"M","?","?","?","T","R","E","M","T","M","$","R","M","E","R","B",null,"M","$","?","?","T","R","R","E","T","R","E","$","E","$","R","B",null,"M","$","?","?","?","R","E","R","T","E","R","$","R","?","R","B",null,"M","$","?","?","?","E","R","?","E","R","R","?","E","M","R","B",null,"M","?","?","$","?","R","R","R","E","R","$","?","R","?","R","B",null,"M","$","M","?","?","R","E","R","E","?","R","?","M","M","R","B"],"character_chosen":"DEFECT","items_purchased":["White Noise","Capacitor","TheAbacus","Self Repair","Juzu Bracelet","Stack","Cold Snap","Defragment+1","Electrodynamics+1","DollysMirror","PreservedInsect"],"campfire_rested":6,"item_purchase_floors":[11,11,11,13,36,53,53,63,89,89,104],"current_hp_per_floor":[75,75,68,57,57,27,49,32,32,32,47,34,49,64,64,43,75,68,68,68,68,68,68,48,35,35,40,55,55,58,32,55,62,79,83,83,73,73,73,73,73,80,80,80,47,62,32,47,72,32,85,87,87,66,66,66,66,46,72,72,81,81,89,89,82,82,82,89,91,91,75,75,75,71,71,71,71,71,71,51,47,28,57,64,97,66,66,66,81,81,81,81,81,42,42,57,57,57,57,86,39,100,102,102,106,99,99,99,108,108,108,93,93,93,97,101,101,0,0],"gold":149,"neow_bonus":"","is_daily":false,"chose_seed":false,"campfire_upgraded":19,"win_rate":0.0,"timestamp":1612766651,"path_taken":["M","?","?","?","M","E","R","E","T","?","$","E","$","$","R","BOSS","M","?","?","?","?","R","E","M","T","?","$","R","?","E","R","BOSS","M","?","?","?","?","R","R","E","T","R","E","$","E","$","R","BOSS","M","$","?","?","?","R","E","R","T","E","R","?","R","?","R","BOSS","M","$","?","?","?","E","R","?","E","R","R","?","E","M","R","BOSS","M","?","?","$","?","R","R","R","E","R","$","?","R","?","R","BOSS","M","$","M","?","?","R","E","R","E","?","R","?","M","M","R","BOSS"],"items_purchased_type":["Card","Card","Relic","Card","Relic","Card","Card","Card","Card","Relic","Relic"],"build_version":"2020-12-22","purchased_purges":3,"victory":false,"max_hp_per_floor":[75,75,75,75,75,75,75,75,75,75,75,75,75,75,75,75,75,75,75,75,75,75,75,75,75,75,79,79,79,79,79,79,79,79,83,83,83,83,83,83,83,83,83,83,85,85,85,85,85,85,85,87,87,87,87,87,87,87,87,87,89,89,89,89,89,89,89,89,91,91,91,91,91,93,93,93,93,93,93,93,95,97,97,97,97,101,96,96,96,96,96,96,96,98,98,98,98,98,98,98,100,100,102,102,106,106,106,106,108,108,108,110,110,102,106,110,110,110,110],"relic_stats":{"Darkstone Periapt":0,"Inserter":[89],"Singing Bowl":48,"Gremlin Horn":[29,29],"counters":[42,220],"Golden Idol":8,"Dead Branch":[132],"StoneCalendar":[52],"PreservedInsect":116,"Juzu Bracelet":7,"Whetstone":["Lockon","Melter"],"Ginger":[3],"MawBank":12,"Boot":[31],"Mercury Hourglass":[370],"TheAbacus":[150],"Ornamental Fan":[92],"Bronze Scales":[246],"MealTicket":128,"Prayer Wheel":13,"Black Star":11,"Necronomicon":[1],"obtain_stats":[{"Darkstone Periapt":80,"Lantern":60,"Calipers":31,"Singing Bowl":26,"Gremlin Horn":39,"StoneCalendar":56,"Juzu Bracelet":36,"Whetstone":45,"Ginger":80,"Bottled Tornado":45,"Boot":43,"TheAbacus":11,"DollysMirror":89,"MealTicket":6,"Prayer Wheel":8,"Philosopher\u0027s Stone":68,"Necronomicon":71,"Cracked Core":0,"Potion Belt":42,"Girya":51,"Inserter":17,"Golden Idol":114,"Dead Branch":10,"Oddly Smooth Stone":51,"Thread and Needle":47,"PreservedInsect":104,"Frozen Egg 2":47,"Odd Mushroom":112,"MawBank":12,"White Beast Statue":24,"Mercury Hourglass":54,"Calling Bell":51,"SlaversCollar":85,"Runic Dome":102,"CaptainsWheel":22,"Ornamental Fan":9,"Bronze Scales":54,"Black Star":34,"StrikeDummy":51,"FossilizedHelix":42},{"Darkstone Periapt":28,"Lantern":21,"Calipers":13,"Singing Bowl":10,"Gremlin Horn":15,"StoneCalendar":20,"Juzu Bracelet":15,"Whetstone":17,"Ginger":28,"Bottled Tornado":17,"Boot":16,"TheAbacus":5,"DollysMirror":32,"MealTicket":4,"Prayer Wheel":5,"Philosopher\u0027s Stone":23,"Necronomicon":24,"Cracked Core":0,"Potion Belt":16,"Girya":19,"Inserter":7,"Golden Idol":39,"Dead Branch":5,"Oddly Smooth Stone":19,"Thread and Needle":18,"PreservedInsect":35,"Frozen Egg 2":18,"Odd Mushroom":39,"MawBank":6,"White Beast Statue":9,"Mercury Hourglass":20,"Calling Bell":19,"SlaversCollar":31,"Runic Dome":34,"CaptainsWheel":8,"Ornamental Fan":5,"Bronze Scales":20,"Black Star":14,"StrikeDummy":19,"FossilizedHelix":16},{"Darkstone Periapt":172,"Lantern":140,"Calipers":71,"Singing Bowl":52,"Gremlin Horn":96,"StoneCalendar":134,"Juzu Bracelet":96,"Whetstone":110,"Ginger":172,"Bottled Tornado":110,"Boot":101,"TheAbacus":20,"DollysMirror":187,"MealTicket":16,"Prayer Wheel":20,"Philosopher\u0027s Stone":153,"Necronomicon":156,"Cracked Core":0,"Potion Belt":101,"Girya":129,"Inserter":34,"Golden Idol":214,"Dead Branch":20,"Oddly Smooth Stone":129,"Thread and Needle":118,"PreservedInsect":202,"Frozen Egg 2":118,"Odd Mushroom":214,"MawBank":26,"White Beast Statue":47,"Mercury Hourglass":134,"Calling Bell":129,"SlaversCollar":183,"Runic Dome":199,"CaptainsWheel":39,"Ornamental Fan":20,"Bronze Scales":134,"Black Star":90,"StrikeDummy":129,"FossilizedHelix":101}]},"card_choices":[{"not_picked":["Hologram","Streamline"],"picked":"Conserve Battery","floor":1},{"not_picked":["Streamline","Leap"],"picked":"Barrage","floor":2},{"not_picked":["Rip and Tear","Redo"],"picked":"Cold Snap","floor":5},{"not_picked":["Steam","Hyperbeam"],"picked":"Lockon","floor":6},{"not_picked":["Turbo","BootSequence"],"picked":"Hologram","floor":8},{"not_picked":["Steam","Turbo"],"picked":"Storm","floor":12},{"not_picked":["Hyperbeam","Reboot"],"picked":"Machine Learning","floor":16},{"not_picked":["Redo","Compile Driver"],"picked":"Melter","floor":18},{"not_picked":["Stack","Barrage"],"picked":"Defragment","floor":18},{"not_picked":["Redo","Rebound","Sunder"],"picked":"SKIP","floor":24},{"not_picked":["Gash","Aggregate"],"picked":"Defragment","floor":25},{"not_picked":["Thunder Strike","Go for the Eyes"],"picked":"FTL+1","floor":25},{"not_picked":["Melter+1","Lockon+1","Hello World"],"picked":"Singing Bowl","floor":27},{"not_picked":["Hello World","Compile Driver","Hologram"],"picked":"Singing Bowl","floor":27},{"not_picked":["Coolheaded","Static Discharge"],"picked":"FTL","floor":30},{"not_picked":["Steam","Sweeping Beam"],"picked":"Stack","floor":30},{"not_picked":["Leap+1","Genetic Algorithm"],"picked":"Conserve Battery","floor":31},{"not_picked":["Multi-Cast","Core Surge"],"picked":"Creative AI","floor":33},{"not_picked":["Streamline","Melter+1","Gash+1"],"picked":"Singing Bowl","floor":35},{"not_picked":["Rip and Tear","Sweeping Beam+1","Capacitor+1"],"picked":"Singing Bowl","floor":35},{"not_picked":["Beam Cell","Compile Driver+1"],"picked":"Blizzard+1","floor":42},{"not_picked":["Go for the Eyes","Rebound+1","Heatsinks"],"picked":"Singing Bowl","floor":45},{"not_picked":["Multi-Cast","Heatsinks+1"],"picked":"Skim","floor":47},{"not_picked":["Fission","Creative AI+1"],"picked":"Buffer+1","floor":50},{"not_picked":["Stack","Redo","Genetic Algorithm"],"picked":"Singing Bowl","floor":52},{"not_picked":["Go for the Eyes","Beam Cell"],"picked":"Cold Snap","floor":52},{"not_picked":["Ball Lightning","Stack"],"picked":"Biased Cognition+1","floor":58},{"not_picked":["Turbo","Rebound","Steam"],"picked":"Singing Bowl","floor":61},{"not_picked":["Thunder Strike","Fission"],"picked":"Biased Cognition+1","floor":67},{"not_picked":["Redo","Stack","Compile Driver"],"picked":"Singing Bowl","floor":69},{"not_picked":["FTL","Beam Cell"],"picked":"Turbo","floor":69},{"not_picked":["Sunder","Turbo+1","Meteor Strike"],"picked":"Singing Bowl","floor":74},{"not_picked":["Gash","Chill+1"],"picked":"Defragment+1","floor":77},{"not_picked":["Beam Cell+1","Stack"],"picked":"Steam Power","floor":80},{"not_picked":["Turbo","Leap","Static Discharge+1"],"picked":"Singing Bowl","floor":81},{"not_picked":["Steam+1","Compile Driver"],"picked":"Consume","floor":82},{"not_picked":["Meteor Strike","Streamline","Conserve Battery"],"picked":"Singing Bowl","floor":82},{"not_picked":["Reboot","Echo Form+1"],"picked":"Amplify","floor":84},{"not_picked":["Gash","Hello World+1","Conserve Battery"],"picked":"Singing Bowl","floor":86},{"not_picked":["Consume","Skim","Redo"],"picked":"Singing Bowl","floor":86},{"not_picked":["Self Repair+1","Streamline+1","Static Discharge+1"],"picked":"Singing Bowl","floor":94},{"not_picked":["Meteor Strike","Seek","Reboot"],"picked":"Singing Bowl","floor":101},{"not_picked":["Compile Driver","Steam"],"picked":"Defragment+1","floor":103},{"not_picked":["Hello World+1","Conserve Battery","Rebound"],"picked":"Singing Bowl","floor":103},{"not_picked":["Self Repair+1","Ball Lightning","Redo"],"picked":"Singing Bowl","floor":105},{"not_picked":["Leap","Streamline","Ball Lightning"],"picked":"Singing Bowl","floor":105},{"not_picked":["Hologram","Steam","White Noise"],"picked":"Singing Bowl","floor":109},{"not_picked":["Blizzard","Turbo"],"picked":"Glacier","floor":111},{"not_picked":["Conserve Battery","Sunder","BootSequence"],"picked":"Singing Bowl","floor":112},{"not_picked":["Ball Lightning","Stack","Cold Snap"],"picked":"Singing Bowl","floor":115},{"not_picked":["Storm+1","Stack","Streamline"],"picked":"Singing Bowl","floor":115},{"not_picked":["Turbo","Blizzard","Barrage"],"picked":"Singing Bowl","floor":116},{"not_picked":["Biased Cognition+1","Capacitor+1","Reinforced Body"],"picked":"Singing Bowl","floor":116}],"player_experience":372713,"relics_obtained":[{"floor":6,"key":"MealTicket"},{"floor":8,"key":"Prayer Wheel"},{"floor":9,"key":"Ornamental Fan"},{"floor":12,"key":"MawBank"},{"floor":22,"key":"CaptainsWheel"},{"floor":24,"key":"White Beast Statue"},{"floor":26,"key":"Singing Bowl"},{"floor":31,"key":"Calipers"},{"floor":39,"key":"Gremlin Horn"},{"floor":42,"key":"Potion Belt"},{"floor":42,"key":"FossilizedHelix"},{"floor":43,"key":"Boot"},{"floor":45,"key":"Bottled Tornado"},{"floor":45,"key":"Whetstone"},{"floor":47,"key":"Frozen Egg 2"},{"floor":47,"key":"Thread and Needle"},{"floor":51,"key":"Oddly Smooth Stone"},{"floor":51,"key":"StrikeDummy"},{"floor":51,"key":"Girya"},{"floor":60,"key":"Lantern"},{"floor":71,"key":"Necronomicon"},{"floor":80,"key":"Ginger"},{"floor":80,"key":"Darkstone Periapt"},{"floor":112,"key":"Odd Mushroom"}],"event_choices":[{"cards_removed":["Strike_B"],"damage_healed":0,"gold_gain":0,"player_choice":"Card Removal","damage_taken":7,"max_hp_gain":0,"max_hp_loss":0,"event_name":"Golden Wing","floor":3,"gold_loss":0},{"damage_healed":0,"gold_gain":75,"player_choice":"Gold","damage_taken":11,"max_hp_gain":0,"max_hp_loss":0,"event_name":"betterThird:BetterGoop","floor":4,"gold_loss":0},{"damage_healed":0,"gold_gain":0,"player_choice":"Searched \u00271\u0027 times","damage_taken":0,"relics_obtained":["Dead Branch"],"max_hp_gain":0,"max_hp_loss":0,"event_name":"Dead Adventurer","floor":10,"gold_loss":0},{"damage_healed":0,"gold_gain":0,"player_choice":"Searched \u00271\u0027 times","damage_taken":0,"relics_obtained":["Dead Branch"],"max_hp_gain":0,"max_hp_loss":0,"event_name":"Dead Adventurer","floor":10,"gold_loss":0},{"cards_removed":["White Noise"],"damage_healed":0,"gold_gain":0,"player_choice":"Take \u0026 Give","damage_taken":0,"max_hp_gain":0,"max_hp_loss":0,"event_name":"betterNote:BetterNote","floor":19,"gold_loss":0,"cards_obtained":["Glacier"]},{"damage_healed":0,"gold_gain":0,"player_choice":"Read","damage_taken":0,"max_hp_gain":0,"max_hp_loss":0,"event_name":"The Library","floor":20,"gold_loss":0,"cards_obtained":["Genetic Algorithm"]},{"cards_removed":["Strike_B"],"damage_healed":0,"gold_gain":0,"player_choice":"Gave Gold","damage_taken":0,"max_hp_gain":0,"max_hp_loss":0,"event_name":"Beggar","floor":21,"gold_loss":75},{"damage_healed":0,"gold_gain":0,"player_choice":"Embrace Madness","damage_taken":10,"max_hp_gain":0,"max_hp_loss":0,"event_name":"Winding Halls","floor":37,"gold_loss":0,"cards_obtained":["Madness","Madness"]},{"cards_removed":["Conserve Battery"],"damage_healed":0,"gold_gain":0,"player_choice":"Removed Skill","damage_taken":0,"max_hp_gain":0,"max_hp_loss":0,"event_name":"Falling","floor":38,"gold_loss":0},{"damage_healed":0,"gold_gain":1,"player_choice":"Relic Relic ","damage_taken":21,"max_hp_gain":0,"max_hp_loss":0,"event_name":"betterThird:BetterScrap","floor":54,"gold_loss":0,"cards_obtained":["SignatureMove"]},{"damage_healed":0,"gold_gain":0,"player_choice":"1 cards matched","damage_taken":0,"max_hp_gain":0,"max_hp_loss":0,"event_name":"Match and Keep!","floor":55,"gold_loss":0,"cards_obtained":["Creative AI"]},{"damage_healed":0,"gold_gain":0,"player_choice":"Gave Potion","damage_taken":0,"relics_obtained":["StoneCalendar"],"max_hp_gain":0,"max_hp_loss":0,"event_name":"WeMeetAgain","floor":56,"gold_loss":0},{"cards_removed":["Defend_B"],"damage_healed":0,"gold_gain":0,"player_choice":"Card Removal","damage_taken":7,"max_hp_gain":0,"max_hp_loss":0,"event_name":"Golden Wing","floor":65,"gold_loss":0},{"damage_healed":0,"gold_gain":0,"player_choice":"Obtained Book","damage_taken":16,"max_hp_gain":0,"max_hp_loss":0,"event_name":"Cursed Tome","floor":71,"gold_loss":0},{"damage_healed":0,"gold_gain":0,"player_choice":"Ignored","damage_taken":0,"max_hp_gain":0,"max_hp_loss":0,"event_name":"Ghosts","floor":72,"gold_loss":0},{"cards_removed":["White Noise"],"damage_healed":0,"gold_gain":0,"player_choice":"Take \u0026 Give","damage_taken":0,"max_hp_gain":0,"max_hp_loss":0,"event_name":"betterNote:BetterNote","floor":73,"gold_loss":0,"cards_obtained":["White Noise"]},{"damage_healed":0,"gold_gain":0,"player_choice":"Forge","damage_taken":0,"max_hp_gain":0,"max_hp_loss":0,"event_name":"Accursed Blacksmith","floor":76,"gold_loss":0,"cards_upgraded":["Madness"]},{"damage_healed":0,"gold_gain":0,"player_choice":"Fight","damage_taken":0,"max_hp_gain":0,"max_hp_loss":0,"event_name":"Colosseum","floor":80,"gold_loss":0},{"damage_healed":0,"gold_gain":0,"player_choice":"Fought Nobs","damage_taken":0,"max_hp_gain":0,"max_hp_loss":0,"event_name":"Colosseum","floor":80,"gold_loss":0},{"damage_healed":0,"gold_gain":0,"player_choice":"Max HP","damage_taken":0,"max_hp_gain":0,"max_hp_loss":5,"event_name":"Winding Halls","floor":87,"gold_loss":0},{"damage_healed":0,"gold_gain":0,"player_choice":"Ignored","damage_taken":0,"max_hp_gain":0,"max_hp_loss":0,"event_name":"Tomb of Lord Red Mask","floor":88,"gold_loss":0},{"damage_healed":0,"gold_gain":0,"player_choice":"Bought 0 Potions","damage_taken":0,"max_hp_gain":0,"max_hp_loss":0,"event_name":"The Woman in Blue","floor":90,"gold_loss":0},{"cards_removed":["Defend_B"],"damage_healed":0,"gold_gain":0,"player_choice":"Upgrade and Remove","damage_taken":0,"max_hp_gain":0,"max_hp_loss":0,"event_name":"Designer","floor":97,"gold_loss":90,"cards_upgraded":["Cold Snap"]},{"cards_removed":["Lockon"],"damage_healed":0,"gold_gain":0,"player_choice":"Removed Attack","damage_taken":0,"max_hp_gain":0,"max_hp_loss":0,"event_name":"Falling","floor":99,"gold_loss":0},{"cards_removed":["Defend_B"],"damage_healed":0,"gold_gain":0,"player_choice":"Card Removal","damage_taken":7,"max_hp_gain":0,"max_hp_loss":0,"event_name":"Golden Wing","floor":106,"gold_loss":0},{"cards_removed":["Zap"],"damage_healed":0,"gold_gain":0,"player_choice":"Offered Basic","damage_taken":0,"max_hp_gain":0,"max_hp_loss":0,"event_name":"Bonfire Elementals","floor":107,"gold_loss":0},{"damage_healed":0,"gold_gain":0,"player_choice":"Fought Mushrooms","damage_taken":0,"max_hp_gain":0,"max_hp_loss":0,"event_name":"Mushrooms","floor":112,"gold_loss":0},{"damage_healed":0,"gold_gain":0,"player_choice":"Lose Max HP","damage_taken":0,"relics_obtained":["Golden Idol"],"max_hp_gain":0,"max_hp_loss":8,"event_name":"Golden Idol","floor":114,"gold_loss":0}],"is_beta":false,"boss_relics":[{"not_picked":["Runic Dome","FrozenCore"],"picked":"Inserter"},{"not_picked":["Cursed Key","Coffee Dripper"],"picked":"Black Star"},{"not_picked":["Fusion Hammer","Busted Crown"],"picked":"Calling Bell"},{"not_picked":["Empty Cage","Cursed Key"],"picked":"Philosopher\u0027s Stone"},{"not_picked":["Tiny House","Coffee Dripper"],"picked":"SlaversCollar"},{"not_picked":["Velvet Choker","FrozenCore"],"picked":"Runic Dome"}],"items_purged_floors":[46,53,70],"is_endless":true,"potions_floor_spawned":[2,6,16,25,27,30,31,33,35,42,45,47,50,52,58,61,67,69,74,77,80,80,81,82,84,86,94,101,103,105,109,111,112,115,116],"killed_by":"Hexaghost","ascension_level":0}}