{"host":"7wi4qgm5yw4j7oz0","time":1612804938,"event":{"mods":["AchievementEnabler","BaseMod","Block Reminder","Colored Map","Colored Powertips","Highlight Path","Minty Spire (QoL Compilation)","Permanent Neow","Random Character Button","Rare Cards Sparkle","StSLib","everything is the same but u backflip on backflip"],"gold_per_floor":[112,123,223,236,249,249,261,294,294,294,313,325,382,253,253,253,253],"floor_reached":16,"language":"KOR","playtime":888,"items_purged":["Strike_R"],"score":140,"play_id":"81b384a9-b0a8-4002-a1fa-e795df11d6e6","local_time":"20210209022218","is_ascension_mode":true,"campfire_choices":[{"data":"Dark Embrace","floor":6,"key":"SMITH"},{"floor":10,"key":"REST"},{"floor":15,"key":"REST"}],"circlet_count":0,"master_deck":["Strike_R","Strike_R","Strike_R","Strike_R","Defend_R","Defend_R","Defend_R","Defend_R","Sever Soul","Dark Embrace+1","Wild Strike","Second Wind","Bloodletting","Cleave","True Grit","Battle Trance","Shrug It Off","Double Tap","Shrug It Off"],"relics":["Burning Blood","Tiny Chest","Ancient Tea Set","Bronze Scales"],"acts_visited":["Exordium"],"potions_floor_usage":[13,13],"damage_taken":[{"damage":2.0,"enemies":"Small Slimes","floor":1.0,"turns":4.0},{"damage":6.0,"enemies":"Cultist","floor":2.0,"turns":3.0},{"damage":8,"enemies":"Jaw Worm","floor":4,"turns":4},{"damage":7,"enemies":"Looter","floor":5,"turns":3},{"damage":17,"enemies":"Large Slime","floor":7,"turns":7},{"damage":33,"enemies":"3 Sentries","floor":8,"turns":7},{"damage":8,"enemies":"Gremlin Gang","floor":11,"turns":6},{"damage":15,"enemies":"Blue Slaver","floor":12,"turns":4},{"damage":38,"enemies":"Lagavulin Event","floor":13,"turns":8},{"damage":56,"enemies":"The Guardian","floor":16,"turns":14}],"seed_played":"-7842975512075888149","potions_obtained":[{"floor":1.0,"key":"DuplicationPotion"},{"floor":4,"key":"Dexterity Potion"},{"floor":12,"key":"LiquidMemories"},{"floor":13,"key":"BloodPotion"}],"is_trial":false,"path_per_floor":["M","M","?","M","M","R","M","E","T","R","M","M","?","$","R","B"],"character_chosen":"IRONCLAD","items_purchased":["Shrug It Off"],"campfire_rested":2,"item_purchase_floors":[14],"current_hp_per_floor":[76,76,76,74,73,73,62,35,35,59,57,48,32,32,56,0,0],"gold":253,"neow_bonus":"TRANSFORM_CARD","is_daily":false,"chose_seed":false,"campfire_upgraded":1,"win_rate":0.0,"timestamp":1612804938,"path_taken":["M","M","?","M","M","R","M","E","T","R","M","?","?","$","R","BOSS"],"items_purchased_type":["Card"],"build_version":"2020-12-22","purchased_purges":1,"victory":false,"max_hp_per_floor":[80,80,80,80,80,80,80,80,80,80,80,80,80,80,80,80,80],"card_choices":[{"not_picked":["Sever Soul","Pummel"],"picked":"Dark Embrace","floor":1.0},{"not_picked":["Body Slam","Clothesline"],"picked":"Wild Strike","floor":2.0},{"not_picked":["Clothesline","Twin Strike"],"picked":"Second Wind","floor":4},{"not_picked":["Sword Boomerang","Havoc"],"picked":"Bloodletting","floor":5},{"not_picked":["Iron Wave","Warcry"],"picked":"Cleave","floor":7},{"not_picked":["Infernal Blade","Uppercut"],"picked":"True Grit","floor":8},{"not_picked":["Dual Wield","Metallicize"],"picked":"Battle Trance","floor":11},{"not_picked":["Rupture","Warcry"],"picked":"Shrug It Off","floor":12},{"not_picked":["Iron Wave","True Grit"],"picked":"Double Tap","floor":13}],"player_experience":270296,"relics_obtained":[{"floor":8,"key":"Tiny Chest"},{"floor":9,"key":"Ancient Tea Set"},{"floor":13,"key":"Bronze Scales"}],"event_choices":[{"damage_healed":0.0,"max_hp_gain":0.0,"max_hp_loss":0.0,"gold_gain":100.0,"event_name":"Wheel of Change","player_choice":"Gold","floor":3.0,"gold_loss":0.0,"damage_taken":0.0},{"damage_healed":0,"gold_gain":0,"player_choice":"Searched \u00271\u0027 times","damage_taken":0,"max_hp_gain":0,"max_hp_loss":0,"event_name":"Dead Adventurer","floor":13,"gold_loss":0}],"is_beta":false,"boss_relics":[],"items_purged_floors":[14],"is_endless":false,"potions_floor_spawned":[1,4,12,13],"killed_by":"The Guardian","ascension_level":7}}