{"host":"y087t2reloz9bi43","time":1612798038,"event":{"mods":["2.2 Compatiblity","AchievementEnabler","Aspiration","BaseMod","Beaked The Cultist","Bestiary","Better Note","Better Vampires","BetterRewards","ChefMod","Clockwork Mod","Colored Map","Colored Powertips","Conspire","Downfall","Ekko","Fireblade Mod","Friendly Minions","GifTheSpireLib","Gold Saver","Gremlin Mod","Halation","Hermit","Hubris","Infinite Spire","Jedi Mod","JesterMod","Jorbs\u0027s Wanderer Trilogy","Mad Scientist","Marisa????????","Mimic Mod","Minty Spire (QoL Compilation)","Permanent Neow","Potionbrewer","Rare Cards Sparkle","Relic Stats","Reliquary","Replay The Spire","Robot Space Explorer","Shade Mod","Shop Mod","StSLib","The Alterego","The Blackbeard","The Bug Knight","The Construct","The Cursed","The Disciple","The Exalted","The Hierophant","The Jungle","The Marked","The Mystic","The Necromancer","The Runesmith","The Senshi","The Servant 0.9.4","TheBandit","TheFirefly","TheHero","TheVacant","Transform Curses","Uncapped","everything is the same but u backflip on backflip","thorton"],"gold_per_floor":[112,112,126,140,150,181,181,181,181,195,225,235,268,285,285,380,380,396,407,417,343,358,371,371,387,387,402,430,442,469,160,160,259,259,275,275,294,312,323,351,351,377,408,419,430,444,497,497,497],"floor_reached":48,"language":"ENG","playtime":4567,"items_purged":["hermit:Defend_Hermit"],"score":618,"play_id":"84813369-ce08-47d8-a441-098ac4ca42f3","local_time":"20210208152718","is_ascension_mode":true,"campfire_choices":[{"data":"hermit:Desperado","floor":7,"key":"SMITH"},{"data":"hermit:Maintenance","floor":15,"key":"SMITH"},{"data":"hermit:HighNoon","floor":24,"key":"SMITH"},{"floor":32,"key":"REST"},{"floor":32,"key":"DIG"},{"floor":41,"key":"REST"},{"data":"hermit:HeroicBravado","floor":41,"key":"SMITH"}],"circlet_count":0,"master_deck":["hermit:Strike_Hermit","hermit:Strike_Hermit","hermit:Strike_Hermit","hermit:Strike_Hermit","hermit:Defend_Hermit","hermit:Defend_Hermit","hermit:Defend_Hermit","hermit:Snapshot","hermit:Covet","hermit:Desperado+1","hermit:Enervate","hermit:HoleUp","hermit:Snipe","hermit:HeroicBravado+1","hermit:Horror","hermit:Maintenance+1","hermit:HighNoon+1","hermit:Feint+1","hermit:FullyLoaded+1","hermit:Showdown","hermit:LowProfile+1","hermit:Gambit","hermit:Gestalt","hermit:Headshot+1"],"relics":["hermit:Momento","Ring of Chaos","Bottled Flame","Akabeko","Toy Ornithopter","hexamod:BolsterEngine","Bromod:ArcaneEnergize","infinitespire:Magic Flask","Replay:Multitool","jedi:shrinkray","Membership Card","Bag of Preparation","Replay:Mystery Machine","theSenshi:MoonKaleidoScopeRelic","Frozen Egg 2","Bromod:ArcaneNullifier","reliquary:OuijaBoard","infinitespire:Golems Mask"],"acts_visited":["Exordium","TheCity","TheBeyond"],"potions_floor_usage":[11,16,16,23,25,28,28,30,33,33,33,40,40,42,46,46,46],"damage_taken":[{"damage":0,"enemies":"2 Louse","floor":1,"turns":1},{"damage":0,"enemies":"Cultist","floor":3,"turns":2},{"damage":0,"enemies":"Jaw Worm","floor":4,"turns":2},{"damage":0,"enemies":"Gremlin Gang","floor":5,"turns":5},{"damage":28,"enemies":"Lagavulin","floor":6,"turns":6},{"damage":0,"enemies":"3 Louse","floor":10,"turns":2},{"damage":0,"enemies":"Replay:BlueRogue","floor":11,"turns":1},{"damage":0,"enemies":"Red Slaver","floor":12,"turns":1},{"damage":7,"enemies":"Lagavulin","floor":13,"turns":5},{"damage":0,"enemies":"Exordium Wildlife","floor":14,"turns":2},{"damage":30,"enemies":"Fading Forest","floor":16,"turns":11},{"damage":0,"enemies":"Spheric Guardian","floor":18,"turns":1},{"damage":1,"enemies":"2 Thieves","floor":19,"turns":4},{"damage":15,"enemies":"Snake Plant","floor":20,"turns":4},{"damage":15,"enemies":"Shelled Parasite and Fungi","floor":22,"turns":4},{"damage":17,"enemies":"Centurion and Healer","floor":23,"turns":4},{"damage":1,"enemies":"Snecko","floor":25,"turns":4},{"damage":1,"enemies":"Sentry and Sphere","floor":27,"turns":5},{"damage":10,"enemies":"HollowMod:Nosk","floor":28,"turns":5},{"damage":10,"enemies":"3 Cultists","floor":29,"turns":5},{"damage":29,"enemies":"Book of Stabbing","floor":30,"turns":6},{"damage":2,"enemies":"Automaton","floor":33,"turns":8},{"damage":3,"enemies":"3 Darklings","floor":35,"turns":5},{"damage":2,"enemies":"3 Shapes","floor":37,"turns":3},{"damage":2,"enemies":"3 Darklings","floor":38,"turns":4},{"damage":0,"enemies":"Jaw Worm Horde","floor":39,"turns":3},{"damage":23,"enemies":"Giant Head","floor":40,"turns":9},{"damage":66,"enemies":"Reptomancer","floor":42,"turns":6},{"damage":0,"enemies":"Spire Growth","floor":43,"turns":4},{"damage":12,"enemies":"Spire Growth","floor":44,"turns":3},{"damage":18,"enemies":"Sphere and 2 Shapes","floor":45,"turns":6},{"damage":15,"enemies":"Writhing Mass","floor":46,"turns":7},{"damage":15,"enemies":"2 Orb Walkers","floor":47,"turns":4},{"damage":11,"enemies":"Nemesis","floor":48,"turns":2}],"seed_played":"-6202087089942837884","potions_obtained":[{"floor":3,"key":"Languid Potion"},{"floor":4,"key":"Adrenaline Potion"},{"floor":6,"key":"Swift Potion"},{"floor":8,"key":"Adrenaline Potion"},{"floor":8,"key":"LiquidMemories"},{"floor":12,"key":"SteroidPotion"},{"floor":19,"key":"hermit:Tonic"},{"floor":22,"key":"ColorlessPotion"},{"floor":27,"key":"SteroidPotion"},{"floor":29,"key":"Swift Potion"},{"floor":30,"key":"champ:CounterPotion"},{"floor":33,"key":"LifebloodPotion"},{"floor":37,"key":"conspire:TimeTravelPotion"},{"floor":38,"key":"jedi:tentaclejuice"},{"floor":40,"key":"Elixir"},{"floor":44,"key":"Swift Potion"},{"floor":45,"key":"DistilledChaos"},{"floor":47,"key":"potionbrewer:NoxiousPotion"}],"is_trial":true,"path_per_floor":["M","?","M","M","M","E","R","?","T","M","E","M","E","M","R","B",null,"M","M","M","$","M","M","R","M","T","M","E","M","E","$","R","B",null,"M","?","M","M","M","E","R","E","MIM","M","M","M","?","E"],"character_chosen":"HERMIT","items_purchased":["hermit:Showdown","Membership Card","Bag of Preparation","hermit:Tonic","Swift Potion"],"campfire_rested":2,"item_purchase_floors":[21,31,31,31,31],"current_hp_per_floor":[75,75,75,75,75,47,47,47,47,47,47,47,40,40,40,30,75,75,74,59,59,44,32,32,36,36,35,35,25,1,1,23,36,75,72,72,70,68,68,52,74,48,48,36,18,18,3,0,0],"gold":497,"neow_bonus":"","is_daily":false,"chose_seed":false,"campfire_upgraded":4,"win_rate":0.0,"timestamp":1612798038,"path_taken":["M","?","M","?","M","E","R","?","T","M","E","M","E","M","R","BOSS","M","M","M","$","M","?","R","M","T","M","E","M","E","$","R","BOSS","M","?","?","M","M","E","R","E","MIM","M","M","M","?","E"],"items_purchased_type":["Card","Relic","Relic","Potion","Potion"],"build_version":"2020-12-22","purchased_purges":1,"victory":false,"max_hp_per_floor":[75,75,75,75,75,75,75,75,75,75,75,75,75,75,75,75,75,75,75,75,75,75,75,75,75,75,75,75,75,75,75,75,75,75,75,75,75,75,75,75,75,75,75,75,75,75,75,75,75],"relic_stats":{"counters":[34,144],"Bag of Preparation":[26],"obtain_stats":[{"reliquary:OuijaBoard":43,"Bromod:ArcaneNullifier":42,"theSenshi:MoonKaleidoScopeRelic":34,"Ring of Chaos":0,"Replay:Multitool":28,"Bag of Preparation":31,"infinitespire:Magic Flask":26,"Replay:Mystery Machine":32,"Frozen Egg 2":40,"Akabeko":9,"jedi:shrinkray":30,"Bottled Flame":6,"Bromod:ArcaneEnergize":17,"infinitespire:Golems Mask":47,"Membership Card":31,"hexamod:BolsterEngine":13,"hermit:Momento":0,"Toy Ornithopter":11},{"reliquary:OuijaBoard":29,"Bromod:ArcaneNullifier":28,"theSenshi:MoonKaleidoScopeRelic":22,"Ring of Chaos":0,"Replay:Multitool":19,"Bag of Preparation":21,"infinitespire:Magic Flask":17,"Replay:Mystery Machine":21,"Frozen Egg 2":27,"Akabeko":5,"jedi:shrinkray":21,"Bottled Flame":5,"Bromod:ArcaneEnergize":11,"infinitespire:Golems Mask":33,"Membership Card":21,"hexamod:BolsterEngine":9,"hermit:Momento":0,"Toy Ornithopter":7},{"reliquary:OuijaBoard":122,"Bromod:ArcaneNullifier":118,"theSenshi:MoonKaleidoScopeRelic":88,"Ring of Chaos":0,"Replay:Multitool":69,"Bag of Preparation":80,"infinitespire:Magic Flask":59,"Replay:Mystery Machine":80,"Frozen Egg 2":112,"Akabeko":16,"jedi:shrinkray":80,"Bottled Flame":16,"Bromod:ArcaneEnergize":38,"infinitespire:Golems Mask":142,"Membership Card":80,"hexamod:BolsterEngine":25,"hermit:Momento":0,"Toy Ornithopter":19}],"Toy Ornithopter":73},"card_choices":[{"not_picked":["hermit:PistolWhip","hermit:HoleUp"],"picked":"hermit:Desperado","floor":1},{"not_picked":["hermit:Coalescence","hermit:Snipe"],"picked":"hermit:Enervate","floor":3},{"not_picked":["hermit:Virtue","hermit:LowProfile"],"picked":"hermit:HoleUp","floor":4},{"not_picked":["hermit:Snipe","hermit:Deadeye","hermit:SprayPray"],"picked":"SKIP","floor":5},{"not_picked":["hermit:Showdown","hermit:Virtue"],"picked":"hermit:Snipe","floor":6},{"not_picked":["hermit:Snipe","hermit:EyeOfTheStorm"],"picked":"hermit:HeroicBravado","floor":10},{"not_picked":["hermit:Ricochet","hermit:HighCaliber","hermit:Dive"],"picked":"SKIP","floor":11},{"not_picked":["hermit:Brawl","hermit:Ricochet"],"picked":"hermit:Horror","floor":12},{"not_picked":["hermit:EyeOfTheStorm","hermit:SprayPray","hermit:Snipe"],"picked":"SKIP","floor":13},{"not_picked":["hermit:WideOpen","hermit:HoleUp"],"picked":"hermit:Maintenance","floor":14},{"not_picked":["hermit:Adapt","hermit:FinalCanter"],"picked":"hermit:HighNoon","floor":16},{"not_picked":["hermit:CursedWeapon","hermit:Scavenge"],"picked":"hermit:Feint+1","floor":18},{"not_picked":["hermit:FlashPowder","hermit:Quickdraw+1"],"picked":"hermit:FullyLoaded+1","floor":19},{"not_picked":["hermit:WideOpen","hermit:PistolWhip","hermit:CalledShot"],"picked":"SKIP","floor":20},{"not_picked":["hermit:Desperado","hermit:Coalescence+1","hermit:Vantage"],"picked":"SKIP","floor":22},{"not_picked":["hermit:Spite","hermit:Quickdraw","hermit:LowProfile"],"picked":"SKIP","floor":23},{"not_picked":["hermit:Shortfuse","hermit:LoneWolf+1","hermit:Midnight"],"picked":"SKIP","floor":25},{"not_picked":["hermit:Combo","hermit:Quickdraw","hermit:CalledShot"],"picked":"SKIP","floor":27},{"not_picked":["hermit:RoundhouseKick","hermit:CursedWeapon","hermit:HoleUp"],"picked":"SKIP","floor":28},{"not_picked":["hermit:BodyArmor","hermit:Brawl","hermit:Headshot+1"],"picked":"SKIP","floor":29},{"not_picked":["hermit:Gestalt","hermit:Horror"],"picked":"hermit:LowProfile+1","floor":30},{"not_picked":["hermit:Reprieve","hermit:EternalForm"],"picked":"hermit:Gambit","floor":33},{"not_picked":["hermit:SprayPray+1","hermit:CalledShot"],"picked":"hermit:Gestalt","floor":35},{"not_picked":["hermit:Quickdraw+1","hermit:SprayPray","hermit:FullyLoaded+1"],"picked":"SKIP","floor":37},{"not_picked":["hermit:Grudge+1","hermit:Desperado+1","hermit:Dive+1"],"picked":"SKIP","floor":38},{"not_picked":["hermit:Desperado+1","hermit:SprayPray+1"],"picked":"hermit:Headshot+1","floor":39},{"not_picked":["hermit:WideOpen","hermit:Coalescence","hermit:NoHoldsBarred+1"],"picked":"SKIP","floor":40},{"not_picked":["hermit:Gestalt+1","hermit:Feint+1","hermit:Midnight"],"picked":"SKIP","floor":42},{"not_picked":["hermit:Snipe","hermit:HoleUp+1","hermit:ShadowCloak+1"],"picked":"SKIP","floor":44},{"not_picked":["hermit:Deadeye","hermit:NoHoldsBarred","hermit:Coalescence"],"picked":"SKIP","floor":45},{"not_picked":["hermit:PistolWhip","hermit:WideOpen","hermit:CursedWeapon+1"],"picked":"SKIP","floor":46}],"player_experience":473045,"relics_obtained":[{"floor":6,"key":"Bottled Flame"},{"floor":9,"key":"Akabeko"},{"floor":11,"key":"Toy Ornithopter"},{"floor":13,"key":"hexamod:BolsterEngine"},{"floor":26,"key":"infinitespire:Magic Flask"},{"floor":28,"key":"Replay:Multitool"},{"floor":30,"key":"jedi:shrinkray"},{"floor":32,"key":"Replay:Mystery Machine"},{"floor":40,"key":"Frozen Egg 2"},{"floor":42,"key":"Bromod:ArcaneNullifier"},{"floor":43,"key":"reliquary:OuijaBoard"},{"floor":47,"key":"infinitespire:Golems Mask"}],"event_choices":[{"damage_healed":0,"gold_gain":0,"player_choice":"Got Potions","damage_taken":0,"max_hp_gain":0,"max_hp_loss":0,"event_name":"Lab","floor":8,"gold_loss":0},{"damage_healed":0,"gold_gain":0,"player_choice":"Fight","damage_taken":0,"max_hp_gain":0,"max_hp_loss":0,"event_name":"Mysterious Sphere","floor":47,"gold_loss":0}],"is_beta":false,"boss_relics":[{"not_picked":["hermit:DentedPlate","halation:LoveArrow"],"picked":"Bromod:ArcaneEnergize"},{"not_picked":["halation:Yufonium","Pandora\u0027s Box"],"picked":"theSenshi:MoonKaleidoScopeRelic"}],"items_purged_floors":[31],"is_endless":false,"potions_floor_spawned":[3,4,6,12,13,14,19,22,27,29,30,33,37,38,40,44,45,47],"killed_by":"Nemesis","ascension_level":1}}