{"host":"1bzbl1adcbkdzqlf","time":1612821922,"event":{"mods":["BaseMod","Minty Spire (QoL Compilation)","Slay the Relics Exporter"],"gold_per_floor":[111,111,36,49,49,49,78,78,78,103,116,116,126,26,26,126,126,145,145,145,20,31,31,31,31],"floor_reached":24,"language":"ENG","playtime":2534,"items_purged":["Regret","Writhe","Defend_B"],"score":253,"play_id":"ec5f4faa-4446-4aa6-a9b3-f189217415cc","local_time":"20210208160522","is_ascension_mode":true,"campfire_choices":[{"data":"Jack Of All Trades","floor":6,"key":"SMITH"},{"data":"Zap","floor":8,"key":"SMITH"},{"floor":12,"key":"REST"},{"data":"Storm","floor":15,"key":"SMITH"},{"floor":23,"key":"REST"}],"circlet_count":0,"master_deck":["Strike_B","Strike_B","Defend_B","Defend_B","Defend_B","Zap+1","Dualcast","Cold Snap","Leap","Jack Of All Trades+1","Turbo","Coolheaded","Echo Form","Storm+1","Doom and Gloom","Core Surge","Coolheaded","Go for the Eyes"],"relics":["Empty Cage","Potion Belt","Bird Faced Urn","Lantern","Boot","Inserter","Nilry\u0027s Codex"],"acts_visited":["Exordium","TheCity"],"potions_floor_usage":[7,11,16,24],"damage_taken":[{"damage":3,"enemies":"Jaw Worm","floor":1,"turns":5},{"damage":1,"enemies":"Small Slimes","floor":4,"turns":4},{"damage":13,"enemies":"Lagavulin","floor":7,"turns":7},{"damage":50,"enemies":"Gremlin Nob","floor":10,"turns":6},{"damage":0,"enemies":"Cultist","floor":11,"turns":2},{"damage":5,"enemies":"Blue Slaver","floor":13,"turns":5},{"damage":16,"enemies":"Hexaghost","floor":16,"turns":13},{"damage":27,"enemies":"Shell Parasite","floor":18,"turns":6},{"damage":17,"enemies":"Chosen","floor":22,"turns":7},{"damage":59,"enemies":"Slavers","floor":24,"turns":4}],"seed_played":"3229186152606946563","potions_obtained":[{"floor":4,"key":"AttackPotion"},{"floor":10,"key":"SkillPotion"},{"floor":11,"key":"FairyPotion"},{"floor":13,"key":"BlessingOfTheForge"},{"floor":22,"key":"Strength Potion"}],"is_trial":false,"path_per_floor":["M","?","$","M","?","R","E","R","T","E","M","R","M","$","R","B",null,"M","?","?","$","M","R","E"],"character_chosen":"DEFECT","items_purchased":[],"campfire_rested":2,"item_purchase_floors":[],"current_hp_per_floor":[72,72,72,71,71,71,58,58,58,8,8,30,27,27,27,15,60,41,27,11,11,24,48,0,0],"gold":31,"neow_bonus":"BOSS_RELIC","is_daily":false,"chose_seed":false,"campfire_upgraded":3,"win_rate":0.0,"timestamp":1612821922,"path_taken":["M","?","$","M","?","R","E","R","T","E","M","R","?","$","R","BOSS","M","?","?","?","M","R","E"],"items_purchased_type":[],"build_version":"2020-12-22","purchased_purges":3,"victory":false,"max_hp_per_floor":[75,75,75,75,75,75,75,75,75,75,75,75,75,75,75,75,75,75,80,80,80,80,80,80,80],"card_choices":[{"not_picked":["Rebound","Barrage"],"picked":"Cold Snap","floor":1},{"not_picked":["Redo","Scrape"],"picked":"Leap","floor":4},{"not_picked":["Lockon","Redo"],"picked":"Coolheaded","floor":7},{"not_picked":["Rebound","Chaos"],"picked":"Echo Form","floor":10},{"not_picked":["Steam","Compile Driver"],"picked":"Storm","floor":11},{"not_picked":["Coolheaded","Ball Lightning"],"picked":"Doom and Gloom","floor":13},{"not_picked":["Thunder Strike","Fission"],"picked":"Core Surge","floor":16},{"not_picked":["Force Field+1","Redo"],"picked":"Coolheaded","floor":18},{"not_picked":["Streamline","Stack"],"picked":"Go for the Eyes","floor":22}],"player_experience":366900,"relics_obtained":[{"floor":7,"key":"Bird Faced Urn"},{"floor":9,"key":"Lantern"},{"floor":10,"key":"Boot"},{"floor":20,"key":"Nilry\u0027s Codex"}],"event_choices":[{"damage_healed":0,"gold_gain":0,"player_choice":"Box","damage_taken":0,"relics_obtained":["Potion Belt"],"max_hp_gain":0,"max_hp_loss":0,"event_name":"Big Fish","floor":2,"gold_loss":0,"cards_obtained":["Regret"]},{"damage_healed":0,"gold_gain":0,"player_choice":"3 cards matched","damage_taken":0,"max_hp_gain":0,"max_hp_loss":0,"event_name":"Match and Keep!","floor":5,"gold_loss":0,"cards_obtained":["Jack Of All Trades","Writhe","Turbo"]},{"damage_healed":0,"gold_gain":0,"player_choice":"3 cards matched","damage_taken":0,"max_hp_gain":0,"max_hp_loss":0,"event_name":"Match and Keep!","floor":5,"gold_loss":0,"cards_obtained":["Jack Of All Trades","Writhe","Turbo"]},{"damage_healed":0,"gold_gain":0,"player_choice":"3 cards matched","damage_taken":0,"max_hp_gain":0,"max_hp_loss":0,"event_name":"Match and Keep!","floor":5,"gold_loss":0,"cards_obtained":["Jack Of All Trades","Writhe","Turbo"]},{"damage_healed":0,"gold_gain":0,"player_choice":"Shed Blood","damage_taken":19,"max_hp_gain":5,"max_hp_loss":0,"event_name":"Forgotten Altar","floor":19,"gold_loss":0},{"damage_healed":0,"gold_gain":0,"player_choice":"Obtained Book","damage_taken":16,"max_hp_gain":0,"max_hp_loss":0,"event_name":"Cursed Tome","floor":20,"gold_loss":0}],"is_beta":false,"boss_relics":[{"not_picked":["Nuclear Battery","Snecko Eye"],"picked":"Inserter"}],"items_purged_floors":[3,14,21],"is_endless":false,"potions_floor_spawned":[4,10,11,13,22],"killed_by":"Slavers","ascension_level":5}}