{"host":"y76clbnovzmw9ubx","time":1612826945,"event":{"mods":["AchievementEnabler","BaseMod","Minty Spire (QoL Compilation)","Permanent Neow","Relic Stats"],"gold_per_floor":[158,215,254,254,46,46,125,125,125,125,187,246,59,96,96,199,199,242,85,104,104,23,76,91,147,200,200,200],"floor_reached":27,"language":"ENG","playtime":1476,"items_purged":["Strike_G","Strike_G"],"score":522,"play_id":"61a20b6e-633f-4622-98ea-b64c35cff2d9","local_time":"20210208182905","is_ascension_mode":true,"campfire_choices":[{"data":"Caltrops","floor":6.0,"key":"SMITH"},{"floor":8,"key":"REST"},{"floor":10,"key":"REST"},{"floor":15,"key":"REST"}],"circlet_count":0,"master_deck":["AscendersBane","Strike_G","Strike_G","Defend_G","Defend_G","Defend_G","Defend_G","Defend_G","Survivor","Neutralize","HandOfGreed+1","Dagger Spray","Deadly Poison","Slice","Caltrops+1","Well Laid Plans+1","Poisoned Stab","Leg Sweep","After Image+1","Bouncing Flask","Noxious Fumes+1","Backflip","Blur","PiercingWail"],"relics":["Ring of the Snake","Frozen Egg 2","Pantograph","MawBank","MealTicket","Coffee Dripper","Akabeko","The Courier"],"acts_visited":["Exordium","TheCity"],"potions_floor_usage":[7,12,12,16,23,23,25,27],"damage_taken":[{"damage":4.0,"enemies":"Small Slimes","floor":1.0,"turns":6.0},{"damage":3.0,"enemies":"2 Louse","floor":2.0,"turns":4.0},{"damage":3.0,"enemies":"Cultist","floor":3.0,"turns":4.0},{"damage":20,"enemies":"3 Sentries","floor":7,"turns":10},{"damage":18,"enemies":"Exordium Thugs","floor":11,"turns":5},{"damage":13,"enemies":"Lagavulin","floor":12,"turns":8},{"damage":14,"enemies":"Exordium Wildlife","floor":14,"turns":5},{"damage":44,"enemies":"Hexaghost","floor":16,"turns":8},{"damage":9,"enemies":"3 Byrds","floor":18,"turns":2},{"damage":8,"enemies":"Shell Parasite","floor":20,"turns":5},{"damage":45,"enemies":"Slavers","floor":23,"turns":6},{"damage":5,"enemies":"Snake Plant","floor":24,"turns":5},{"damage":1,"enemies":"Book of Stabbing","floor":25,"turns":5},{"damage":13,"enemies":"Gremlin Leader","floor":27,"turns":2}],"seed_played":"-5528775588107423294","potions_obtained":[{"floor":3.0,"key":"SkillPotion"},{"floor":11,"key":"GamblersBrew"},{"floor":12,"key":"Poison Potion"},{"floor":18,"key":"LiquidMemories"},{"floor":23,"key":"Block Potion"},{"floor":24,"key":"ColorlessPotion"}],"is_trial":false,"path_per_floor":["M","M","M","?","$","R","E","R","T","R","M","E","$","M","R","B",null,"M","$","M","?","$","E","M","E","T","E"],"character_chosen":"THE_SILENT","items_purchased":["Caltrops","Explosive Potion","MealTicket","Leg Sweep","Block Potion","Noxious Fumes+1"],"campfire_rested":3,"item_purchase_floors":[5,5,13,13,19,22],"current_hp_per_floor":[40,37,34,34,34,34,14,33,33,52,34,21,21,7,26,7,51,42,57,49,49,64,19,14,13,13,0,0],"gold":200,"neow_bonus":"RANDOM_COLORLESS_2","is_daily":false,"chose_seed":false,"campfire_upgraded":1,"win_rate":0.0,"timestamp":1612826945,"path_taken":["M","M","M","?","$","R","E","R","T","R","M","E","$","M","R","BOSS","M","$","M","?","$","E","M","E","T","E"],"items_purchased_type":["Card","Potion","Relic","Card","Potion","Card"],"build_version":"2020-12-22","purchased_purges":2,"victory":false,"max_hp_per_floor":[66,66,66,66,66,66,66,66,66,66,66,66,66,66,66,66,66,66,66,66,66,66,66,66,66,66,66,66],"relic_stats":{"counters":[14,75],"Pantograph":25,"MealTicket":30,"MawBank":12,"obtain_stats":[{"Pantograph":9,"MealTicket":13,"The Courier":25,"Coffee Dripper":17,"Frozen Egg 2":7,"MawBank":12,"Akabeko":23,"Ring of the Snake":0},{"Pantograph":4,"MealTicket":6,"The Courier":13,"Coffee Dripper":8,"Frozen Egg 2":4,"MawBank":6,"Akabeko":11,"Ring of the Snake":0},{"Pantograph":24,"MealTicket":37,"The Courier":73,"Coffee Dripper":50,"Frozen Egg 2":24,"MawBank":37,"Akabeko":63,"Ring of the Snake":0}],"Ring of the Snake":[28]},"card_choices":[{"not_picked":["Secret Technique","Thinking Ahead"],"picked":"HandOfGreed","floor":0.0},{"not_picked":["Dagger Throw","Catalyst"],"picked":"Dagger Spray","floor":1.0},{"not_picked":["Bane","Dagger Spray"],"picked":"Deadly Poison","floor":2.0},{"not_picked":["Heel Hook","Flying Knee"],"picked":"Slice","floor":3.0},{"not_picked":["Sucker Punch","Deflect"],"picked":"Well Laid Plans+1","floor":7},{"not_picked":["Outmaneuver","Dagger Spray","Dagger Throw"],"picked":"SKIP","floor":11},{"not_picked":["Grand Finale","Slice"],"picked":"Poisoned Stab","floor":12},{"not_picked":["Outmaneuver","Poisoned Stab","Dagger Throw"],"picked":"SKIP","floor":14},{"not_picked":["Bullet Time","Venomology"],"picked":"After Image+1","floor":16},{"not_picked":["Accuracy+1","Poisoned Stab","Infinite Blades+1"],"picked":"SKIP","floor":18},{"not_picked":["Backflip","Sucker Punch"],"picked":"Bouncing Flask","floor":20},{"not_picked":["Phantasmal Killer","Underhanded Strike+1"],"picked":"Backflip","floor":23},{"not_picked":["Backstab","Escape Plan"],"picked":"Blur","floor":24},{"not_picked":["Deflect","Dodge and Roll"],"picked":"PiercingWail","floor":25}],"player_experience":3213575,"relics_obtained":[{"floor":7,"key":"Frozen Egg 2"},{"floor":9,"key":"Pantograph"},{"floor":12,"key":"MawBank"},{"floor":23,"key":"Akabeko"},{"floor":25,"key":"The Courier"}],"event_choices":[{"damage_healed":0.0,"max_hp_gain":0.0,"max_hp_loss":0.0,"gold_gain":0.0,"event_name":"Living Wall","player_choice":"Grow","floor":4.0,"gold_loss":0.0,"damage_taken":0.0,"cards_upgraded":["HandOfGreed"]},{"cards_removed":["Strike_G"],"damage_healed":0,"gold_gain":0,"player_choice":"Offered Basic","damage_taken":0,"max_hp_gain":0,"max_hp_loss":0,"event_name":"Bonfire Elementals","floor":21,"gold_loss":0}],"is_beta":false,"boss_relics":[{"not_picked":["Sozu","Calling Bell"],"picked":"Coffee Dripper"}],"items_purged_floors":[5,19],"is_endless":false,"potions_floor_spawned":[3,11,12,18,23,24],"killed_by":"Gremlin Leader","ascension_level":20}}