{"host":"c6xy0a74zz7y4nf6","time":1612761613,"event":{"mods":["BaseMod","Colored Map","Hermit","Minty Spire (QoL Compilation)","Replay The Spire","Spire Arcade","StSLib","The Cursed","The Death Knight","The Exalted","The Servant 0.9.4","The Wild Card"],"gold_per_floor":[112,124,124,124,136,152,152,169,179,179,179,198,233,233,259,259,259,356,356,375,375,393,404,404,404],"floor_reached":24,"language":"ENG","playtime":1076,"items_purged":[],"score":225,"play_id":"96e2f1d9-e011-42b8-84e2-419f7f7c80bf","local_time":"20210207232013","daily_mods":["Specialized"],"is_ascension_mode":false,"campfire_choices":[{"floor":10,"key":"REST"},{"floor":14,"key":"REST"},{"floor":17,"key":"REST"}],"circlet_count":0,"master_deck":["Bromod:Strike_Bro","Bromod:Strike_Bro","Bromod:Defend_Bro","Bromod:Defend_Bro","Bromod:Defend_Bro","Bromod:SlashDash","Bromod:SlashDash","Bromod:SlashDash","Bromod:ContagiousSpread","Bromod:ContagiousSpread","Bromod:ContagiousSpread","Bromod:ContagiousSpread","Bromod:ContagiousSpread","Bromod:HeatedCharge","Bromod:Stretch+1","Bromod:FinishingTouch+1","Bromod:BulletJump","Bromod:Blaze","Bromod:NorthWind"],"relics":["Bromod:Ordis","Bromod:AscarisDevice","Bromod:ArcaneAwakening","Bromod:ArcanePulse","ReplayTheSpireMod:Lightbulb","Fusion Hammer"],"acts_visited":["Exordium","TheCity"],"potions_floor_usage":[13,13],"damage_taken":[{"damage":6,"enemies":"Cultist","floor":1,"turns":3},{"damage":8,"enemies":"2 Louse","floor":2,"turns":3},{"damage":6,"enemies":"Jaw Worm","floor":5,"turns":3},{"damage":12,"enemies":"2 Fungi Beasts","floor":6,"turns":4},{"damage":9,"enemies":"Exordium Wildlife","floor":8,"turns":3},{"damage":6,"enemies":"Lots of Slimes","floor":9,"turns":2},{"damage":19,"enemies":"Blue Slaver","floor":12,"turns":3},{"damage":17,"enemies":"Gremlin Nob","floor":13,"turns":4},{"damage":14,"enemies":"Slime Boss","floor":18,"turns":7},{"damage":37,"enemies":"2 Thieves","floor":20,"turns":4},{"damage":0,"enemies":"Spheric Guardian","floor":22,"turns":2},{"damage":25,"enemies":"3 Cultists","floor":23,"turns":4},{"damage":17,"enemies":"Chosen and Byrds","floor":24,"turns":4}],"seed_played":"4004489676913699243","potions_obtained":[{"floor":5,"key":"Doom Potion"},{"floor":6,"key":"Explosive Potion"},{"floor":9,"key":"SteroidPotion"},{"floor":12,"key":"Adrenaline Potion"},{"floor":22,"key":"SpeedPotion"}],"is_trial":true,"path_per_floor":["M","M","PTL","PTL","M","M","?","M","M","R","T","M","E","R","T","?","R","B",null,"M","?","M","M","M"],"character_chosen":"THE_EXALTED","items_purchased":[],"campfire_rested":3,"item_purchase_floors":[],"current_hp_per_floor":[69,61,61,61,55,43,43,34,28,50,50,31,14,37,37,30,53,39,75,38,38,38,13,0,0],"gold":404,"neow_bonus":"","is_daily":false,"chose_seed":false,"campfire_upgraded":0,"win_rate":0.0,"timestamp":1612761613,"path_taken":["M","?","PTL","PTL","?","M","?","M","M","R","T","M","E","R","?","?","R","BOSS","M","?","M","M","?"],"items_purchased_type":[],"build_version":"2020-12-22","purchased_purges":0,"victory":false,"max_hp_per_floor":[75,75,75,75,75,75,75,75,75,75,75,75,75,75,75,75,75,75,75,75,75,75,75,75,75],"card_choices":[{"not_picked":["Bromod:FastHands","Bromod:ArchwingLauncher"],"picked":"Bromod:HeatedCharge","floor":1},{"not_picked":["Bromod:Fury","Bromod:Rejuvenation","Bromod:Reflection"],"picked":"SKIP","floor":2},{"not_picked":["Bromod:ShatteringImpact","Bromod:Redirection","Bromod:Reflection"],"picked":"SKIP","floor":5},{"not_picked":["Bromod:Reflection","Bromod:Provoked"],"picked":"Bromod:Stretch","floor":6},{"not_picked":["Bromod:SlashDash","Bromod:VitalSense"],"picked":"Bromod:BulletJump","floor":8},{"not_picked":["Bromod:SlashDash","Bromod:Serration","Bromod:Redirection"],"picked":"SKIP","floor":9},{"not_picked":["Bromod:Vitality","Bromod:BodyCount","Bromod:FastHands"],"picked":"SKIP","floor":12},{"not_picked":["Bromod:Fury","Bromod:Redirection","Bromod:Reflection"],"picked":"SKIP","floor":13},{"not_picked":["Bromod:ToxicBarrage","Bromod:DriftingContact"],"picked":"Bromod:Blaze","floor":18},{"not_picked":["Bromod:ShatteringImpact","Bromod:Patagium","Bromod:SteelFiber"],"picked":"SKIP","floor":20},{"not_picked":["Bromod:Redirection","Bromod:BriefRespite"],"picked":"Bromod:NorthWind","floor":22},{"not_picked":["Bromod:Reflection","Bromod:Redirection+1","Bromod:HornetStrike"],"picked":"SKIP","floor":23}],"player_experience":116238,"relics_obtained":[{"floor":11,"key":"Bromod:ArcaneAwakening"},{"floor":13,"key":"Bromod:ArcanePulse"},{"floor":15,"key":"ReplayTheSpireMod:Lightbulb"}],"event_choices":[{"cards_removed":["Bromod:Defend_Bro"],"damage_healed":0,"gold_gain":0,"player_choice":"Card Removal","damage_taken":7,"max_hp_gain":0,"max_hp_loss":0,"event_name":"Golden Wing","floor":16,"gold_loss":0}],"is_beta":false,"boss_relics":[{"not_picked":["Ectoplasm","ChewingGum"],"picked":"Fusion Hammer"}],"items_purged_floors":[],"is_endless":false,"potions_floor_spawned":[5,6,9,12,22],"killed_by":"Chosen and Byrds","ascension_level":0}}