{"host":"dn025qx6yu0j7rqc","time":1612765438,"event":{"mods":["BaseMod","Colored Map","Minty Spire (QoL Compilation)","Relic Stats","StSLib"],"gold_per_floor":[113,133,53,53,53,78,89,89,89,117,117,38,38,38,38,115,115,135,153,153,171,221,251,267,267,267,292,310,329,329,329,329,403,403,413,439,93,113,113,138,150,184,263,263,263,263,290,321,321,321,321],"floor_reached":52,"language":"ENG","playtime":4776,"items_purged":["Strike_G"],"score":2068,"play_id":"f58d6a00-7e90-4bde-a928-7363ca9bcae2","local_time":"20210207222358","is_ascension_mode":true,"campfire_choices":[{"data":"Blade Dance","floor":8.0,"key":"SMITH"},{"data":"Malaise","floor":11.0,"key":"SMITH"},{"data":"Well Laid Plans","floor":15.0,"key":"SMITH"},{"data":"Calculated Gamble","floor":25.0,"key":"SMITH"},{"data":"Wraith Form v2","floor":30.0,"key":"SMITH"},{"data":"Calculated Gamble","floor":32.0,"key":"SMITH"},{"data":"Bouncing Flask","floor":45,"key":"SMITH"},{"data":"Noxious Fumes","floor":49,"key":"SMITH"}],"circlet_count":0,"master_deck":["AscendersBane","Strike_G","Strike_G","Defend_G","Defend_G","Defend_G","Defend_G","Defend_G","Survivor","Neutralize","Calculated Gamble+1","Terror+1","Well Laid Plans+1","Blade Dance+1","Backflip+1","Malaise+1","Noxious Fumes+1","After Image","Calculated Gamble+1","PiercingWail","Escape Plan","Bouncing Flask+1","Wraith Form v2+1","Backflip","Underhanded Strike","Reflex","Envenom","Acrobatics","Caltrops","Prepared+1","Backflip+1","Backflip+1","After Image"],"relics":["Ring of the Snake","NeowsBlessing","Blue Candle","Bag of Marbles","Orichalcum","Tiny Chest","SlaversCollar","Sundial","CaptainsWheel","Paper Crane","Boot","Philosopher\u0027s Stone","Ancient Tea Set","Pantograph","Question Card","War Paint","Molten Egg 2","HornCleat","Juzu Bracelet","Thread and Needle"],"acts_visited":["Exordium","TheCity","TheBeyond"],"potions_floor_usage":[42,42],"damage_taken":[{"damage":0.0,"enemies":"2 Louse","floor":1.0,"turns":1.0},{"damage":0.0,"enemies":"Cultist","floor":2.0,"turns":1.0},{"damage":0.0,"enemies":"Gremlin Nob","floor":6.0,"turns":1.0},{"damage":0.0,"enemies":"Jaw Worm","floor":7.0,"turns":3.0},{"damage":18.0,"enemies":"3 Sentries","floor":10.0,"turns":12.0},{"damage":11.0,"enemies":"The Guardian","floor":16.0,"turns":14.0},{"damage":4.0,"enemies":"Spheric Guardian","floor":18.0,"turns":7.0},{"damage":5.0,"enemies":"Shell Parasite","floor":19.0,"turns":6.0},{"damage":1.0,"enemies":"Snecko","floor":21.0,"turns":8.0},{"damage":12.0,"enemies":"Gremlin Leader","floor":23.0,"turns":9.0},{"damage":1.0,"enemies":"Chosen and Byrds","floor":24.0,"turns":7.0},{"damage":0.0,"enemies":"Book of Stabbing","floor":27.0,"turns":7.0},{"damage":1.0,"enemies":"Cultist and Chosen","floor":28.0,"turns":8.0},{"damage":18.0,"enemies":"3 Cultists","floor":29.0,"turns":7.0},{"damage":8.0,"enemies":"Collector","floor":33.0,"turns":9.0},{"damage":4,"enemies":"Orb Walker","floor":35,"turns":6},{"damage":2,"enemies":"3 Shapes","floor":38,"turns":10},{"damage":5,"enemies":"Giant Head","floor":40,"turns":7},{"damage":15,"enemies":"Spire Growth","floor":41,"turns":8},{"damage":7,"enemies":"Reptomancer","floor":42,"turns":7},{"damage":2,"enemies":"Giant Head","floor":48,"turns":7},{"damage":28,"enemies":"Time Eater","floor":50,"turns":17},{"damage":9,"enemies":"Awakened One","floor":51,"turns":15}],"seed_played":"-7304977432080883267","potions_obtained":[{"floor":1.0,"key":"AttackPotion"},{"floor":2.0,"key":"Fire Potion"},{"floor":21.0,"key":"Block Potion"},{"floor":23.0,"key":"LiquidMemories"},{"floor":29.0,"key":"PowerPotion"},{"floor":35,"key":"GhostInAJar"},{"floor":40,"key":"SteroidPotion"},{"floor":48,"key":"SteroidPotion"}],"is_trial":false,"path_per_floor":["M","M","$","?","?","E","M","R","T","E","R","$","?","T","R","B",null,"M","M","T","M","?","E","M","R","T","E","M","M","R","?","R","B",null,"M","T","$","M","?","E","M","E","T","?","R","T","T","E","R","B","B",null],"character_chosen":"THE_SILENT","items_purchased":["Well Laid Plans","Noxious Fumes","Pantograph"],"campfire_rested":0,"item_purchase_floors":[3,12,37],"current_hp_per_floor":[59,59,59,54,54,54,54,54,54,36,36,36,41,41,41,30,61,57,52,52,51,51,39,38,38,38,38,37,19,19,19,19,11,56,52,52,52,50,50,45,30,23,23,58,58,58,58,56,56,30,46],"gold":321,"neow_bonus":"THREE_ENEMY_KILL","is_daily":false,"chose_seed":false,"campfire_upgraded":8,"win_rate":0.0,"timestamp":1612765438,"path_taken":["M","M","$","?","?","E","?","R","T","E","R","$","?","?","R","BOSS","M","?","?","M","?","E","M","R","T","E","M","?","R","?","R","BOSS","M","?","$","M","?","E","M","E","T","?","R","?","?","E","R","BOSS","BOSS"],"items_purchased_type":["Card","Card","Relic"],"build_version":"2020-12-22","purchased_purges":1,"victory":true,"max_hp_per_floor":[66,66,66,66,66,66,66,66,66,66,66,66,71,71,71,71,71,71,71,71,71,71,71,71,71,71,71,71,71,71,71,71,71,71,71,71,71,71,71,71,71,71,71,58,58,58,58,58,58,58,58],"relic_stats":{"counters":[23,177],"Sundial":[36],"Blue Candle":[0],"Pantograph":27,"Tiny Chest":3,"Juzu Bracelet":0,"Orichalcum":[120],"War Paint":["Terror","Backflip"],"Boot":[129],"Question Card":3,"obtain_stats":[{"NeowsBlessing":0,"Blue Candle":4,"Thread and Needle":48,"Juzu Bracelet":47,"Orichalcum":9,"Paper Crane":26,"War Paint":42,"Boot":27,"Ancient Tea Set":36,"Question Card":40,"SlaversCollar":17,"CaptainsWheel":23,"HornCleat":46,"Sundial":20,"Pantograph":37,"Tiny Chest":10,"Philosopher\u0027s Stone":34,"Molten Egg 2":43,"Bag of Marbles":6,"Ring of the Snake":0},{"NeowsBlessing":0,"Blue Candle":2,"Thread and Needle":21,"Juzu Bracelet":20,"Orichalcum":4,"Paper Crane":11,"War Paint":20,"Boot":12,"Ancient Tea Set":16,"Question Card":18,"SlaversCollar":6,"CaptainsWheel":10,"HornCleat":20,"Sundial":8,"Pantograph":16,"Tiny Chest":5,"Philosopher\u0027s Stone":15,"Molten Egg 2":20,"Bag of Marbles":3,"Ring of the Snake":0},{"NeowsBlessing":0,"Blue Candle":2,"Thread and Needle":145,"Juzu Bracelet":138,"Orichalcum":6,"Paper Crane":69,"War Paint":138,"Boot":76,"Ancient Tea Set":106,"Question Card":123,"SlaversCollar":32,"CaptainsWheel":62,"HornCleat":138,"Sundial":45,"Pantograph":106,"Tiny Chest":18,"Philosopher\u0027s Stone":100,"Molten Egg 2":138,"Bag of Marbles":3,"Ring of the Snake":0}],"Ring of the Snake":[46]},"card_choices":[{"not_picked":["Predator","Terror"],"picked":"Calculated Gamble","floor":1.0},{"not_picked":["Slice","Blur"],"picked":"Terror","floor":2.0},{"not_picked":["Distraction","Skewer"],"picked":"Blade Dance","floor":6.0},{"not_picked":["Blade Dance","Terror"],"picked":"Backflip","floor":7.0},{"not_picked":["Accuracy","Crippling Poison"],"picked":"Malaise","floor":10.0},{"not_picked":["Corpse Explosion","Adrenaline"],"picked":"After Image","floor":16.0},{"not_picked":["Acrobatics","Poisoned Stab"],"picked":"Calculated Gamble","floor":18.0},{"not_picked":["Acrobatics","Bane"],"picked":"PiercingWail","floor":19.0},{"not_picked":["Blade Dance","Outmaneuver"],"picked":"Escape Plan","floor":21.0},{"not_picked":["Flying Knee","Dagger Spray"],"picked":"Bouncing Flask","floor":23.0},{"not_picked":["Deflect","Endless Agony","Crippling Poison"],"picked":"SKIP","floor":24.0},{"not_picked":["Outmaneuver","Caltrops"],"picked":"Wraith Form v2","floor":27.0},{"not_picked":["All Out Attack","Sucker Punch"],"picked":"Backflip","floor":28.0},{"not_picked":["Leg Sweep","Distraction"],"picked":"Underhanded Strike","floor":29.0},{"not_picked":["Bullet Time","Corpse Explosion"],"picked":"Envenom","floor":33.0},{"not_picked":["Prepared","Finisher"],"picked":"Acrobatics","floor":35},{"not_picked":["Concentrate","Outmaneuver"],"picked":"Caltrops","floor":38},{"not_picked":["Predator+1","Acrobatics"],"picked":"Prepared+1","floor":40},{"not_picked":["Escape Plan","Expertise","Dodge and Roll"],"picked":"Backflip+1","floor":41},{"not_picked":["Crippling Poison","Infinite Blades","Finisher"],"picked":"Backflip+1","floor":42},{"not_picked":["Heel Hook+1","Escape Plan","Deflect"],"picked":"After Image","floor":48}],"player_experience":1092030,"relics_obtained":[{"floor":6.0,"key":"Bag of Marbles"},{"floor":9.0,"key":"Orichalcum"},{"floor":10.0,"key":"Tiny Chest"},{"floor":20.0,"key":"Sundial"},{"floor":23.0,"key":"CaptainsWheel"},{"floor":26.0,"key":"Paper Crane"},{"floor":27.0,"key":"Boot"},{"floor":36,"key":"Ancient Tea Set"},{"floor":40,"key":"Question Card"},{"floor":42,"key":"War Paint"},{"floor":43,"key":"Molten Egg 2"},{"floor":46,"key":"HornCleat"},{"floor":47,"key":"Juzu Bracelet"},{"floor":48,"key":"Thread and Needle"}],"event_choices":[{"damage_healed":0.0,"max_hp_gain":0.0,"max_hp_loss":0.0,"gold_gain":0.0,"event_name":"Scrap Ooze","player_choice":"Success","floor":4.0,"gold_loss":0.0,"damage_taken":5.0,"relics_obtained":["Blue Candle"]},{"cards_removed":["Strike_G"],"damage_healed":0.0,"max_hp_gain":0.0,"max_hp_loss":0.0,"gold_gain":0.0,"event_name":"Purifier","player_choice":"Purged","floor":5.0,"gold_loss":0.0,"damage_taken":0.0},{"damage_healed":0.0,"max_hp_gain":5.0,"max_hp_loss":0.0,"gold_gain":0.0,"event_name":"Big Fish","player_choice":"Donut","floor":13.0,"gold_loss":0.0,"damage_taken":0.0},{"damage_healed":0.0,"max_hp_gain":0.0,"max_hp_loss":0.0,"gold_gain":100.0,"event_name":"The Joust","player_choice":"Bet on Murderer","floor":22.0,"gold_loss":50.0,"damage_taken":0.0},{"damage_healed":0.0,"max_hp_gain":0.0,"max_hp_loss":0.0,"gold_gain":0.0,"event_name":"The Library","player_choice":"Read","floor":31.0,"gold_loss":0.0,"damage_taken":0.0,"cards_obtained":["Reflex"]},{"cards_removed":["Strike_G"],"damage_healed":0,"gold_gain":0,"player_choice":"Removed Attack","damage_taken":0,"max_hp_gain":0,"max_hp_loss":0,"event_name":"Falling","floor":39,"gold_loss":0},{"damage_healed":58,"gold_gain":0,"player_choice":"Heal","damage_taken":0,"max_hp_gain":0,"max_hp_loss":13,"event_name":"The Moai Head","floor":44,"gold_loss":0}],"is_beta":false,"boss_relics":[{"not_picked":["SacredBark","Busted Crown"],"picked":"SlaversCollar"},{"not_picked":["Ring of the Serpent","Runic Dome"],"picked":"Philosopher\u0027s Stone"}],"items_purged_floors":[37],"is_endless":false,"potions_floor_spawned":[1,2,10,21,23,27,28,29,35,40,48],"ascension_level":20}}