{"host":"q349ucdsdrgdzjwk","time":1612746494,"event":{"mods":["2.2 Compatiblity","A Penny For Your Troubles","AchievementEnabler","BaseMod","Beaked The Cultist","Better Altar","Better Match","Better Note","Better Skull","Better Third Choice","BetterRewards","Displayed Cursed Tome","Downfall","Friendly Minions","Googly Eyes","Gremlin Mod","Hermit","Hubris","Marisa????????","Minty Spire (QoL Compilation)","Permanent Neow","Relic Filter Mod","Reliquary","Robot Space Explorer","Shop Mod","Spire Arcade","StSLib","The Construct","The Cursed","The Disciple","The Marked","The Necromancer","The Servant 0.9.4","TheVacant","Transform Curses"],"gold_per_floor":[119,129,129,140,140,140,176,201,227,227,73,73,93,93,93,224,224,249,249,249,23,36,36,36,36],"floor_reached":24,"language":"ENG","playtime":788,"items_purged":[],"score":397,"play_id":"f38be142-a13f-4456-a157-5a7da94cf4a4","local_time":"20210208010814","is_ascension_mode":true,"campfire_choices":[{"data":"Body Slam","floor":6,"key":"SMITH"},{"data":"Rage","floor":10,"key":"SMITH"},{"data":"Bash","floor":12,"key":"SMITH"},{"data":"Pommel Strike","floor":15,"key":"SMITH"},{"data":"Clash","floor":23,"key":"SMITH"}],"circlet_count":0,"master_deck":["Strike_R","Strike_R","Strike_R","Strike_R","Strike_R","Defend_R+1","Defend_R","Defend_R+1","Defend_R+1","Bash+1","Body Slam+1","Rage+1","Twin Strike+1","Clash+1","Pommel Strike+1","Double Tap+1","Anger","Thunderclap"],"relics":["Burning Blood","Gambling Chip","reliquary:Knoch","Magic Flower","Brimstone","hubris:GlazedTorus","MerchantsRug","reliquary:JackalopeAntler","Golden Idol","hubris:BottledRain","reliquary:TatteredRug","reliquary:BrokenClock","Black Star","War Paint","reliquary:Stiletto","reliquary:Firecrackers"],"acts_visited":["Exordium","TheCity"],"potions_floor_usage":[24],"damage_taken":[{"damage":0,"enemies":"Cultist","floor":1,"turns":2},{"damage":8,"enemies":"2 Louse","floor":2,"turns":2},{"damage":8,"enemies":"Jaw Worm","floor":4,"turns":3},{"damage":18,"enemies":"3 Sentries","floor":7,"turns":6},{"damage":0,"enemies":"Exordium Wildlife","floor":8,"turns":3},{"damage":0,"enemies":"2 Fungi Beasts","floor":13,"turns":1},{"damage":18,"enemies":"Slime Boss","floor":16,"turns":4},{"damage":8,"enemies":"Chosen","floor":18,"turns":3},{"damage":18,"enemies":"2 Thieves","floor":22,"turns":3},{"damage":30,"enemies":"Book of Stabbing","floor":24,"turns":2}],"seed_played":"-3195028546744687104","potions_obtained":[{"floor":1,"key":"Block Potion"},{"floor":4,"key":"sneckomod:MuddlingPotion"},{"floor":13,"key":"BlessingOfTheForge"},{"floor":18,"key":"LiquidBronze"},{"floor":22,"key":"LiquidMemories"}],"is_trial":false,"path_per_floor":["M","M","T","M","?","R","E","M","T","R","$","R","M","?","R","B",null,"M","?","?","$","M","R","E"],"character_chosen":"IRONCLAD","items_purchased":["reliquary:Knoch","Brimstone","hubris:GlazedTorus","MerchantsRug","reliquary:BrokenClock","reliquary:Firecrackers"],"campfire_rested":0,"item_purchase_floors":[0,0,0,0,11,21],"current_hp_per_floor":[80,80,80,80,60,60,51,60,60,60,60,60,69,53,53,44,71,72,37,37,37,28,28,0,0],"gold":36,"neow_bonus":"","is_daily":false,"chose_seed":false,"campfire_upgraded":5,"win_rate":0.0,"timestamp":1612746494,"path_taken":["M","M","?","M","?","R","E","M","T","R","$","R","M","?","R","BOSS","M","?","?","$","M","R","E"],"items_purchased_type":["Relic","Relic","Relic","Relic","Relic","Relic"],"build_version":"2020-12-22","purchased_purges":0,"victory":false,"max_hp_per_floor":[80,80,80,80,80,80,80,80,80,80,80,80,80,80,80,80,80,80,80,80,80,80,80,80,80],"card_choices":[{"not_picked":["Searing Blow","Twin Strike"],"picked":"Body Slam","floor":1},{"not_picked":["Cleave","Twin Strike","Rampage"],"picked":"SKIP","floor":2},{"not_picked":["Body Slam","Inflame"],"picked":"Rage","floor":4},{"not_picked":["Corruption","Feel No Pain"],"picked":"Twin Strike","floor":7},{"not_picked":["Armaments","Dropkick"],"picked":"Clash","floor":8},{"not_picked":["True Grit","hubris:SharpeningStone"],"picked":"Pommel Strike","floor":13},{"not_picked":["Feed","hubris:StunningStrike"],"picked":"Double Tap","floor":16},{"not_picked":["Clothesline+1","Infernal Blade"],"picked":"Anger","floor":18},{"not_picked":["Perfected Strike","Hemokinesis"],"picked":"Thunderclap","floor":22}],"player_experience":454759,"relics_obtained":[{"floor":3,"key":"reliquary:JackalopeAntler"},{"floor":7,"key":"hubris:BottledRain"},{"floor":9,"key":"reliquary:TatteredRug"}],"event_choices":[{"damage_healed":0,"gold_gain":0,"player_choice":"Take Damage","damage_taken":20,"relics_obtained":["Golden Idol"],"max_hp_gain":0,"max_hp_loss":0,"event_name":"Golden Idol","floor":5,"gold_loss":0},{"damage_healed":69,"gold_gain":0,"player_choice":"Upgrade","damage_taken":16,"max_hp_gain":0,"max_hp_loss":80,"event_name":"betterThird:BetterShining","floor":14,"gold_loss":0,"cards_upgraded":["Twin Strike","Defend_R"]},{"damage_healed":0,"gold_gain":0,"player_choice":"RE RE ","damage_taken":39,"relics_obtained":["War Paint","reliquary:Stiletto"],"max_hp_gain":0,"max_hp_loss":0,"event_name":"betterSkull:BetterSkull","floor":19,"gold_loss":0,"cards_upgraded":[]},{"damage_healed":0,"gold_gain":0,"player_choice":"Upgraded","damage_taken":0,"max_hp_gain":0,"max_hp_loss":0,"event_name":"Upgrade Shrine","floor":20,"gold_loss":0,"cards_upgraded":["Double Tap"]}],"is_beta":false,"boss_relics":[{"not_picked":["beaked:MawFillet","Astrolabe"],"picked":"Black Star"}],"items_purged_floors":[],"is_endless":false,"potions_floor_spawned":[1,4,13,18,22],"killed_by":"Book of Stabbing","ascension_level":7}}