{"host":"8is2j71l4wmybkoi","time":1612779596,"event":{"mods":["AchievementEnabler","BaseMod","Colored Map","Minty Spire (QoL Compilation)","Rare Cards Sparkle","StSLib","SuperFastMode"],"gold_per_floor":[115,126,144,155,171,171,200,200,278,308,308,2,2,17,17,94,94,111,128,128,128,142,142,142],"floor_reached":23,"language":"KOR","playtime":1052,"items_purged":["Strike_R"],"score":443,"play_id":"49182012-6710-4484-b647-8679fcd414e1","local_time":"20210208191956","is_ascension_mode":true,"campfire_choices":[{"data":"Flex","floor":6,"key":"SMITH"},{"data":"Sword Boomerang","floor":8,"key":"SMITH"},{"data":"Disarm","floor":11,"key":"SMITH"},{"data":"Clothesline","floor":15,"key":"SMITH"}],"circlet_count":0,"master_deck":["AscendersBane","Strike_R","Strike_R","Strike_R","Defend_R","Defend_R","Defend_R","Defend_R","Bash","Sword Boomerang+1","Metallicize","Clothesline+1","Flex+1","Disarm+1","Pummel","Offering","Carnage","Impervious","Shockwave","Intimidate"],"relics":["Burning Blood","Strawberry","Frozen Egg 2","Dead Branch","Toy Ornithopter","Letter Opener","Coffee Dripper"],"acts_visited":["Exordium","TheCity"],"potions_floor_usage":[7,10,14,22,23],"damage_taken":[{"damage":1,"enemies":"Cultist","floor":1,"turns":3},{"damage":5,"enemies":"Small Slimes","floor":2,"turns":3},{"damage":9,"enemies":"Jaw Worm","floor":3,"turns":4},{"damage":22,"enemies":"Gremlin Gang","floor":4,"turns":8},{"damage":6,"enemies":"Blue Slaver","floor":5,"turns":4},{"damage":35,"enemies":"Lagavulin","floor":7,"turns":8},{"damage":33,"enemies":"3 Sentries","floor":10,"turns":9},{"damage":14,"enemies":"Exordium Thugs","floor":14,"turns":4},{"damage":14,"enemies":"The Guardian","floor":16,"turns":14},{"damage":8,"enemies":"3 Byrds","floor":18,"turns":4},{"damage":12,"enemies":"Spheric Guardian","floor":19,"turns":2},{"damage":17,"enemies":"Snake Plant","floor":22,"turns":3},{"damage":56,"enemies":"Gremlin Leader","floor":23,"turns":7}],"seed_played":"-1171790671528001658","potions_obtained":[{"floor":2,"key":"ElixirPotion"},{"floor":4,"key":"Fruit Juice"},{"floor":7,"key":"Energy Potion"},{"floor":16,"key":"ColorlessPotion"},{"floor":18,"key":"Ancient Potion"}],"is_trial":false,"path_per_floor":["M","M","M","M","M","R","E","R","T","E","R","$","T","M","R","B",null,"M","M","?","?","M","E"],"character_chosen":"IRONCLAD","items_purchased":["Toy Ornithopter","DuplicationPotion"],"campfire_rested":0,"item_purchase_floors":[12,12],"current_hp_per_floor":[80,81,78,62,62,62,45,45,45,18,18,18,18,15,15,7,72,70,64,64,64,58,7,7],"gold":142,"neow_bonus":"TEN_PERCENT_HP_BONUS","is_daily":false,"chose_seed":false,"campfire_upgraded":4,"win_rate":0.0,"timestamp":1612779596,"path_taken":["M","M","?","M","M","R","E","R","T","E","R","$","?","M","R","BOSS","M","M","?","?","?","E"],"items_purchased_type":["Relic","Potion"],"build_version":"2020-12-22","purchased_purges":1,"victory":false,"max_hp_per_floor":[82,82,82,82,82,82,94,94,94,94,94,94,94,94,94,94,94,94,94,94,94,94,94,94],"card_choices":[{"not_picked":["Anger","Clash"],"picked":"Sword Boomerang","floor":1},{"not_picked":["Perfected Strike","Iron Wave"],"picked":"Metallicize","floor":2},{"not_picked":["Dark Embrace","Metallicize"],"picked":"Clothesline","floor":3},{"not_picked":["Wild Strike","Headbutt"],"picked":"Flex","floor":4},{"not_picked":["Battle Trance","Pommel Strike"],"picked":"Disarm","floor":5},{"not_picked":["Perfected Strike","Warcry"],"picked":"Pummel","floor":7},{"not_picked":["Reaper","Power Through"],"picked":"Offering","floor":10},{"not_picked":["Twin Strike","True Grit"],"picked":"Carnage","floor":14},{"not_picked":["Fiend Fire","Limit Break"],"picked":"Impervious","floor":16},{"not_picked":["Reckless Charge","Pommel Strike"],"picked":"Shockwave","floor":18},{"not_picked":["Whirlwind","Rupture+1","Iron Wave"],"picked":"SKIP","floor":19},{"not_picked":["Pommel Strike","Armaments"],"picked":"Intimidate","floor":22}],"player_experience":1065078,"relics_obtained":[{"floor":7,"key":"Strawberry"},{"floor":9,"key":"Frozen Egg 2"},{"floor":10,"key":"Dead Branch"},{"floor":13,"key":"Letter Opener"}],"event_choices":[{"damage_healed":0,"gold_gain":0,"player_choice":"Ignored","damage_taken":0,"max_hp_gain":0,"max_hp_loss":0,"event_name":"The Mausoleum","floor":20,"gold_loss":0},{"cards_removed":["Strike_R"],"damage_healed":0,"gold_gain":0,"player_choice":"Offered Basic","damage_taken":0,"max_hp_gain":0,"max_hp_loss":0,"event_name":"Bonfire Elementals","floor":21,"gold_loss":0}],"is_beta":false,"boss_relics":[{"not_picked":["Runic Pyramid","Pandora\u0027s Box"],"picked":"Coffee Dripper"}],"items_purged_floors":[12],"is_endless":false,"potions_floor_spawned":[2,4,7,16,18],"killed_by":"Gremlin Leader","ascension_level":15}}