{"host":"4zvbxxdl6kueq37o","time":1612789050,"event":{"mods":["Act Like it!","BaseMod","Better Third Choice","Downfall","Minty Spire (QoL Compilation)","Replay The Spire","StSLib"],"gold_per_floor":[99,110,126,144,144,174,201,201,221,221,238,264,264,281,296,392,392,392,403,217,227,64,64,112,112,112,112,112,140,158,158,178,278,328,228,245,3,22,39,67,122,151,51,69,69,86,98,111,128,128],"floor_reached":51,"language":"ENG","playtime":3726,"items_purged":["champ:Taunt"],"score":816,"play_id":"b2f612be-73ea-4a61-a6c1-c5f6ec6dc81a","local_time":"20210208135730","is_ascension_mode":false,"campfire_choices":[{"data":"champ:RisingSlash","floor":8.0,"key":"SMITH"},{"data":"champ:TornadoPunch","floor":10.0,"key":"SMITH"},{"data":"champ:ShieldWall","floor":26.0,"key":"SMITH"},{"floor":35.0,"key":"RECALL"},{"data":"Apotheosis","floor":43.0,"key":"SMITH"}],"circlet_count":0,"master_deck":["champ:Strike+1","champ:Strike+1","champ:Strike","champ:Defend","champ:Defend","champ:Defend","champ:Defend+1","champ:Execute+1","champ:CheapShot+1","champ:Duel+1","champ:FocusedDefense+1","champ:RisingSlash+1","champ:DefensiveShout","champ:TornadoPunch+1","champ:ArenaPreparation","champ:FlashCut","champ:Circumvent","Reaper+1","champ:Circumvent","champ:ShieldWall+1","champ:BringItOn+1","champ:FocusedDefense+1","champ:FalseCounter","champ:IgnorePain","champ:RapidStrikes","champ:Circumvent+1","champ:StanceDance+1","Apotheosis+1","champ:Lariat","champ:LastStand","champ:EnGarde","expansioncontent:QuickStudy"],"relics":["Blue Doll","War Paint","ReplayTheSpireMod:TigerMarble","m_IronCrown","Sozu","Chemical X","Nilry\u0027s Codex","Bronze Scales","Ring of Searing","Ring of Hypnosis","Pet Ghost","Tiny House","downfall:HeartBlessingGreen","Replay:Baseball","HornCleat","champ:DefensiveTrainingManual","downfall:HeartBlessingBlue","Simple Rune"],"acts_visited":["Exordium","TheCity","TheBeyond"],"potions_floor_usage":[50],"damage_taken":[{"damage":10.0,"enemies":"Small Slimes","floor":2.0,"turns":3.0},{"damage":10.0,"enemies":"Cultist","floor":3.0,"turns":3.0},{"damage":10.0,"enemies":"Jaw Worm","floor":4.0,"turns":2.0},{"damage":46.0,"enemies":"3 Sentries","floor":6.0,"turns":10.0},{"damage":5.0,"enemies":"3 Louse","floor":9.0,"turns":3.0},{"damage":0.0,"enemies":"2 Fungi Beasts","floor":11.0,"turns":2.0},{"damage":0.0,"enemies":"Gremlin Nob","floor":12.0,"turns":4.0},{"damage":10.0,"enemies":"Exordium Wildlife","floor":14.0,"turns":3.0},{"damage":0.0,"enemies":"2 Fungi Beasts","floor":15.0,"turns":2.0},{"damage":8.0,"enemies":"DF_ARCHETYPE_STREAMLINE","floor":16.0,"turns":8.0},{"damage":0.0,"enemies":"Shell Parasite","floor":19.0,"turns":2.0},{"damage":65.0,"enemies":"downfall:FleeingMerchant","floor":20.0,"turns":5.0},{"damage":37.0,"enemies":"Centurion and Healer","floor":21.0,"turns":5.0},{"damage":0.0,"enemies":"downfall:FleeingMerchant","floor":22.0,"turns":5.0},{"damage":43.0,"enemies":"Slavers","floor":29.0,"turns":3.0},{"damage":53.0,"enemies":"Sentry and Sphere","floor":30.0,"turns":5.0},{"damage":0.0,"enemies":"Snecko","floor":32.0,"turns":4.0},{"damage":20.0,"enemies":"WA_ARCHETYPE_CALM","floor":33.0,"turns":8.0},{"damage":56.0,"enemies":"3 Shapes","floor":36.0,"turns":5.0},{"damage":20.0,"enemies":"downfall:FleeingMerchant","floor":37.0,"turns":5.0},{"damage":5.0,"enemies":"Orb Walker","floor":38.0,"turns":2.0},{"damage":15.0,"enemies":"Sphere and 2 Shapes","floor":39.0,"turns":6.0},{"damage":11.0,"enemies":"Reptomancer","floor":40.0,"turns":6.0},{"damage":20.0,"enemies":"Nemesis","floor":42.0,"turns":8.0},{"damage":10.0,"enemies":"downfall:FleeingMerchant","floor":44.0,"turns":1.0},{"damage":21.0,"enemies":"Jaw Worm Horde","floor":46.0,"turns":5.0},{"damage":5.0,"enemies":"Writhing Mass","floor":47.0,"turns":4.0},{"damage":5.0,"enemies":"Transient","floor":48.0,"turns":5.0},{"damage":5.0,"enemies":"Maw","floor":49.0,"turns":5.0},{"damage":77,"enemies":"IC_BLOCK_ARCHETYPE","floor":50,"turns":8}],"seed_played":"-2278499811898397839","potions_obtained":[{"floor":3.0,"key":"Fire Potion"},{"floor":9.0,"key":"SteroidPotion"},{"floor":12.0,"key":"Weak Potion"},{"floor":16.0,"key":"SkillPotion"}],"is_trial":false,"path_per_floor":["R","M","M","M","?","E","T","R","M","R","M","E","?","M","M","B",null,"R","M","$","M","$","?","T","?","R","?","?","E","M","?","M","B",null,"R","M","$","M","M","E","T","E","R","?","?","M","M","M","M","B",null],"character_chosen":"THE_CHAMP","items_purchased":["champ:ShieldWall","champ:BringItOn+1","Chemical X","Apotheosis","Replay:Baseball","expansioncontent:QuickStudy","Simple Rune"],"campfire_rested":0,"item_purchase_floors":[20,20,22,37,37,44,44],"current_hp_per_floor":[90,90,90,90,90,74,74,74,74,74,74,74,74,80,86,84,90,90,90,90,89,90,74,74,74,74,74,74,37,30,30,41,48,95,95,72,73,74,75,80,80,76,86,92,92,81,82,83,84,68],"gold":128,"neow_bonus":"THREE_RARE_CARDS","is_daily":false,"chose_seed":false,"campfire_upgraded":4,"win_rate":0.0,"timestamp":1612789050,"path_taken":["R","M","M","M","?","E","T","R","M","R","?","E","?","M","M","BOSS","R","M","$","M","$","?","T","?","R","?","?","E","?","?","M","BOSS","R","M","$","M","M","E","T","E","R","?","?","?","M","M","M","BOSS"],"items_purchased_type":["Card","Card","Relic","Card","Relic","Card","Relic"],"build_version":"2020-12-22","purchased_purges":1,"victory":true,"max_hp_per_floor":[90,90,90,90,90,90,90,90,90,90,90,90,90,90,90,90,90,90,90,90,90,90,90,90,90,90,90,90,90,90,90,90,90,95,95,95,95,95,95,95,95,95,105,105,105,105,105,105,105,105],"card_choices":[{"not_picked":["champ:SteelEdge","champ:HeavySlash"],"picked":"champ:CheapShot","floor":0.0},{"not_picked":["champ:TornadoPunch","champ:RecklessLeap"],"picked":"champ:Duel","floor":2.0},{"not_picked":["champ:RecklessLeap","champ:Backstep"],"picked":"champ:FocusedDefense","floor":3.0},{"not_picked":["champ:BladeFlurry","champ:ShieldSlam"],"picked":"champ:RisingSlash","floor":4.0},{"not_picked":["champ:RapidStrikes","champ:SetATrap"],"picked":"champ:DefensiveShout","floor":6.0},{"not_picked":["champ:CalledShot","champ:PerfectedStrike"],"picked":"champ:TornadoPunch","floor":9.0},{"not_picked":["champ:DefensiveShout","champ:BringItOn","champ:FaceSlap"],"picked":"SKIP","floor":11.0},{"not_picked":["champ:Backstep","champ:GutPunch"],"picked":"champ:ArenaPreparation","floor":12.0},{"not_picked":["champ:FancyFootwork","champ:PreciseThrust"],"picked":"champ:FlashCut","floor":14.0},{"not_picked":["champ:CrookedStrike","champ:CrownThrow"],"picked":"champ:Circumvent","floor":15.0},{"not_picked":["champ:VampiricStrike","champ:SteelEdge"],"picked":"Reaper","floor":16.0},{"not_picked":["champ:BladeFlurry","champ:EnGarde"],"picked":"champ:Circumvent","floor":19.0},{"not_picked":["champ:FanOfKnives","champ:BerserkersShout","champ:Encircle"],"picked":"SKIP","floor":20.0},{"not_picked":["champ:DefensiveShout","champ:FanOfKnives"],"picked":"champ:FocusedDefense+1","floor":21.0},{"not_picked":["champ:HeartStrike","champ:BerserkersShout","champ:IronFortress"],"picked":"SKIP","floor":22.0},{"not_picked":["champ:EndlessRage","champ:AdrenalArmor"],"picked":"champ:FalseCounter","floor":29.0},{"not_picked":["champ:BladeFlurry+1","champ:FanOfKnives","champ:FocusedDefense"],"picked":"SKIP","floor":30.0},{"not_picked":["champ:RapidStrikes","champ:Devastate","champ:PerfectedStrike"],"picked":"SKIP","floor":32.0},{"not_picked":["champ:Devastate","champ:DancingMaster"],"picked":"champ:IgnorePain","floor":33.0},{"not_picked":["champ:ShieldSlam+1","champ:FanOfKnives+1"],"picked":"champ:RapidStrikes","floor":34.0},{"not_picked":["champ:ShieldSlam+1","champ:BringItOn+1"],"picked":"champ:Circumvent+1","floor":36.0},{"not_picked":["champ:AdrenalArmor","champ:Lariat+1"],"picked":"champ:StanceDance+1","floor":37.0},{"not_picked":["champ:Haymaker","champ:AdrenalArmor"],"picked":"champ:Lariat","floor":38.0},{"not_picked":["champ:BringItOn+1","champ:Backstep+1","champ:BerserkersShout+1"],"picked":"SKIP","floor":39.0},{"not_picked":["champ:EnGarde+1","champ:Backstep+1"],"picked":"champ:LastStand","floor":40.0},{"not_picked":["champ:CrownThrow+1","champ:EnragedBash"],"picked":"champ:EnGarde","floor":42.0},{"not_picked":["champ:BerserkersShout+1","champ:EnGarde","champ:Haymaker"],"picked":"SKIP","floor":44.0},{"not_picked":["champ:DeathBlow","champ:Shatter","champ:GutPunch+1"],"picked":"SKIP","floor":46.0},{"not_picked":["champ:Haymaker","champ:TornadoPunch+1","champ:EndlessRage"],"picked":"SKIP","floor":47.0},{"not_picked":["champ:SkillfulDodge+1","champ:CheapShot","champ:TornadoPunch+1"],"picked":"SKIP","floor":48.0},{"not_picked":["champ:EnragedBash","champ:BringItOn","champ:FalseCounter+1"],"picked":"SKIP","floor":49.0}],"player_experience":670037,"relics_obtained":[{"floor":6.0,"key":"Blue Doll"},{"floor":7.0,"key":"War Paint"},{"floor":12.0,"key":"ReplayTheSpireMod:TigerMarble"},{"floor":23.0,"key":"Nilry\u0027s Codex"},{"floor":24.0,"key":"Bronze Scales"},{"floor":28.0,"key":"Ring of Searing"},{"floor":28.0,"key":"Ring of Hypnosis"},{"floor":29.0,"key":"Pet Ghost"},{"floor":40.0,"key":"HornCleat"},{"floor":42.0,"key":"champ:DefensiveTrainingManual"}],"event_choices":[{"damage_healed":0.0,"max_hp_gain":0.0,"max_hp_loss":0.0,"gold_gain":0.0,"event_name":"Accursed Blacksmith","player_choice":"Forge","floor":5.0,"gold_loss":0.0,"damage_taken":0.0,"cards_upgraded":["champ:Duel"]},{"damage_healed":0.0,"max_hp_gain":0.0,"max_hp_loss":0.0,"gold_gain":0.0,"event_name":"Vampires","player_choice":"Ignored","floor":27.0,"gold_loss":0.0,"damage_taken":0.0}],"is_beta":false,"boss_relics":[{"not_picked":["Velvet Choker","Cursed Key"],"picked":"Sozu"},{"not_picked":["Philosopher\u0027s Stone","Painkiller Herb"],"picked":"Tiny House"}],"items_purged_floors":[20],"is_endless":false,"potions_floor_spawned":[3,9,12,16,29,30,33,40,42,46,47,48],"ascension_level":0}}