{"host":"Ringo","time":1612783987,"event":{"mods":["BaseMod","Colored Map","Conspire","Dota2Spire","Hubris","Minty Spire (QoL Compilation)","Replay The Spire","StSLib","The Construct","[IsaacMod]ÒÔÈö¼âËþ","¡¾ÒÅÎï¿¨ÅÆ¡¿REMEMod"],"gold_per_floor":[119,131,151,166,179,206,238,272,272,272,272],"floor_reached":10,"language":"ZHS","playtime":408,"items_purged":[],"score":280,"play_id":"62cfcdb0-4047-4d0a-9b32-06cd139f456b","local_time":"20210208193307","daily_mods":["SealedDeck","Vintage","Blue Cards","Heirloom","Time Dilation","Flight","DeadlyEvents","Elite Swarm","Lethality","Binary"],"is_ascension_mode":true,"campfire_choices":[],"circlet_count":0,"master_deck":["AscendersBane","Go for the Eyes","Pommel Strike","BasicCrystalCard","Chaos","hubris:ReadiedAction","Shrug It Off","Spot Weakness","Infernal Blade","Replay:Undeath\u0027s Touch","White Noise","Unload"],"relics":["Burning Blood","Busted Crown","HushsDoor","REME_ComplimentaryCards","replay:Trail_Library","conspire:GlowingRock","GuppysTail","Replay:Mystery Machine","conspire:Dentures","ReplayTheSpireMod:Lightbulb","AnarchistCookbook","Du-Vu Doll","CeramicFish","UnicornStump","conspire:DecoderRing","Onion Ring"],"acts_visited":["Exordium"],"potions_floor_usage":[5,5,7],"damage_taken":[{"damage":0,"enemies":"Cultist","floor":1,"turns":2},{"damage":0,"enemies":"2 Louse","floor":2,"turns":1},{"damage":0,"enemies":"Small Slimes","floor":3,"turns":1},{"damage":4,"enemies":"Red Slaver","floor":4,"turns":2},{"damage":6,"enemies":"Lots of Slimes","floor":5,"turns":2},{"damage":0,"enemies":"Gremlin Nob","floor":6,"turns":2},{"damage":10,"enemies":"Replay:BlueRogue","floor":7,"turns":2},{"damage":0,"enemies":"Lagavulin","floor":8,"turns":2},{"damage":8,"enemies":"3 Sentries","floor":10,"turns":4}],"seed_played":"6812196359007546237","potions_obtained":[{"floor":1,"key":"Fire Potion"},{"floor":3,"key":"Reflective Coating"},{"floor":5,"key":"Toxic Potion"},{"floor":8,"key":"ColorlessPotion"}],"is_trial":true,"path_per_floor":["M","M","M","M","M","E","E","E","T","E"],"character_chosen":"IRONCLAD","items_purchased":[],"campfire_rested":0,"item_purchase_floors":[],"current_hp_per_floor":[74,75,75,75,75,75,71,75,75,67,67],"gold":272,"neow_bonus":"","is_daily":false,"chose_seed":false,"campfire_upgraded":0,"win_rate":0.0,"timestamp":1612783987,"path_taken":["M","M","M","M","M","E","E","E","T","E"],"items_purchased_type":[],"build_version":"2020-12-18","purchased_purges":0,"victory":false,"max_hp_per_floor":[75,75,75,75,75,75,75,75,75,75,75],"card_choices":[],"player_experience":659246,"relics_obtained":[{"floor":1,"key":"Replay:Mystery Machine"},{"floor":2,"key":"conspire:Dentures"},{"floor":3,"key":"ReplayTheSpireMod:Lightbulb"},{"floor":4,"key":"AnarchistCookbook"},{"floor":5,"key":"Du-Vu Doll"},{"floor":6,"key":"CeramicFish"},{"floor":7,"key":"UnicornStump"},{"floor":8,"key":"conspire:DecoderRing"},{"floor":9,"key":"Onion Ring"}],"event_choices":[],"is_beta":true,"boss_relics":[],"items_purged_floors":[],"is_endless":false,"potions_floor_spawned":[1,3,5,8],"killed_by":"3 Sentries","ascension_level":20}}