{"host":"15dd7v8o90xso62x","time":1612824213,"event":{"mods":["BaseMod","Minty Spire (QoL Compilation)","Quick Restart","StSLib","SuperFastMode"],"gold_per_floor":[116,128,53,53,53,53,81,97,172,172,11,11,30,41,41,117,117,137,137,137,15,15,15,31,31,31,31,31,61,72,2,2,81,81,99,113,50,50,64,93,93,123,123,123,139,20,32,47,47,47,47,47,47,47,80,80,80],"floor_reached":56,"language":"KOR","playtime":2125,"items_purged":["Strike_G","Defend_G","Strike_G","Strike_G"],"score":2371,"play_id":"f2ccac4e-add1-473c-843e-eafe264caf2d","local_time":"20210209074333","is_ascension_mode":true,"campfire_choices":[{"data":"Dagger Spray","floor":6.0,"key":"SMITH"},{"data":"Neutralize","floor":10.0,"key":"SMITH"},{"data":"Quick Slash","floor":15.0,"key":"SMITH"},{"floor":23.0,"key":"REST"},{"data":"Acrobatics","floor":25.0,"key":"SMITH"},{"data":"Grand Finale","floor":27.0,"key":"SMITH"},{"data":"Concentrate","floor":32.0,"key":"SMITH"},{"data":"Acrobatics","floor":41.0,"key":"SMITH"},{"floor":49.0,"key":"RECALL"},{"data":"Tactician","floor":53.0,"key":"SMITH"}],"circlet_count":0,"master_deck":["AscendersBane","Defend_G","Defend_G","Defend_G","Survivor","Neutralize+1","Dagger Spray+1","Grand Finale+1","Quick Slash+1","After Image","Backflip","Acrobatics+1","Concentrate+1","Prepared+1","Acrobatics+1","Tactician+1","Well Laid Plans"],"relics":["Ring of the Snake","NeowsBlessing","Happy Flower","Singing Bowl","Membership Card","HoveringKite","Dream Catcher","Sundial","Matryoshka","Thread and Needle","Bottled Tornado","Pen Nib","Akabeko","HornCleat"],"acts_visited":["Exordium","TheCity","TheBeyond","TheEnding"],"potions_floor_usage":[],"damage_taken":[{"damage":0.0,"enemies":"2 Louse","floor":1.0,"turns":1.0},{"damage":0.0,"enemies":"Small Slimes","floor":2.0,"turns":1.0},{"damage":0.0,"enemies":"3 Sentries","floor":7.0,"turns":1.0},{"damage":1.0,"enemies":"Jaw Worm","floor":8.0,"turns":5.0},{"damage":13.0,"enemies":"Large Slime","floor":13.0,"turns":7.0},{"damage":2.0,"enemies":"Exordium Wildlife","floor":14.0,"turns":3.0},{"damage":39.0,"enemies":"The Guardian","floor":16.0,"turns":17.0},{"damage":26.0,"enemies":"3 Byrds","floor":18.0,"turns":7.0},{"damage":0.0,"enemies":"Shell Parasite","floor":24.0,"turns":4.0},{"damage":0.0,"enemies":"Slavers","floor":29.0,"turns":1.0},{"damage":0.0,"enemies":"Centurion and Healer","floor":30.0,"turns":9.0},{"damage":54.0,"enemies":"Collector","floor":33.0,"turns":12.0},{"damage":12.0,"enemies":"3 Shapes","floor":35.0,"turns":6.0},{"damage":18.0,"enemies":"3 Darklings","floor":36.0,"turns":3.0},{"damage":0.0,"enemies":"Jaw Worm Horde","floor":39.0,"turns":2.0},{"damage":0.0,"enemies":"Reptomancer","floor":40.0,"turns":2.0},{"damage":0.0,"enemies":"Giant Head","floor":42.0,"turns":4.0},{"damage":0.0,"enemies":"Writhing Mass","floor":45.0,"turns":4.0},{"damage":0.0,"enemies":"Maw","floor":47.0,"turns":2.0},{"damage":0.0,"enemies":"Jaw Worm Horde","floor":48.0,"turns":2.0},{"damage":0.0,"enemies":"Donu and Deca","floor":50.0,"turns":3.0},{"damage":0.0,"enemies":"Awakened One","floor":51.0,"turns":3.0},{"damage":0.0,"enemies":"Shield and Spear","floor":55.0,"turns":2.0},{"damage":0,"enemies":"The Heart","floor":56,"turns":1}],"seed_played":"831817132598072858","potions_obtained":[{"floor":2.0,"key":"Explosive Potion"},{"floor":14.0,"key":"Weak Potion"},{"floor":16.0,"key":"DuplicationPotion"},{"floor":30.0,"key":"Weak Potion"},{"floor":35.0,"key":"Strength Potion"},{"floor":42.0,"key":"GamblersBrew"},{"floor":45.0,"key":"FairyPotion"},{"floor":47.0,"key":"ColorlessPotion"}],"is_trial":false,"path_per_floor":["M","M","?","?","$","R","E","M","T","R","$","?","M","M","R","B",null,"M","?","?","$","T","R","M","R","T","R","$","E","M","$","R","B",null,"M","M","$","?","M","E","R","E","T","?","M","$","M","M","R","B","B",null,"R","$","E","B"],"character_chosen":"THE_SILENT","items_purchased":["Membership Card","Dream Catcher","Concentrate","Well Laid Plans"],"campfire_rested":1,"item_purchase_floors":[11,21,31,46],"current_hp_per_floor":[59,59,59,52,52,52,52,51,51,51,51,56,45,43,43,4,56,32,32,32,32,32,54,54,54,54,54,54,56,58,58,58,6,62,50,34,34,34,34,36,36,38,38,38,38,38,40,42,42,42,42,76,76,76,78,78,78],"gold":80,"neow_bonus":"THREE_ENEMY_KILL","is_daily":false,"chose_seed":false,"campfire_upgraded":8,"win_rate":0.0,"timestamp":1612824213,"path_taken":["M","M","?","?","$","R","E","M","T","R","$","?","M","M","R","BOSS","M","?","?","$","?","R","M","R","T","R","$","E","M","?","R","BOSS","M","M","$","?","?","E","R","E","T","?","M","$","M","M","R","BOSS","BOSS","R","$","E","BOSS"],"items_purchased_type":["Relic","Relic","Card","Card"],"build_version":"2020-12-22","purchased_purges":4,"victory":false,"max_hp_per_floor":[66,66,66,66,66,66,66,66,66,66,66,71,73,73,73,73,73,75,75,75,75,75,75,75,75,75,75,75,77,79,79,79,81,81,81,83,83,83,83,85,85,87,87,83,83,83,85,87,87,87,87,87,87,87,89,89,89],"card_choices":[{"not_picked":["Quick Slash","Accuracy"],"picked":"Dagger Spray","floor":1.0},{"not_picked":["Quick Slash","Sucker Punch","Prepared"],"picked":"SKIP","floor":2.0},{"not_picked":["Cloak And Dagger","Heel Hook"],"picked":"Grand Finale","floor":7.0},{"not_picked":["Blade Dance","Crippling Poison","Bane"],"picked":"SKIP","floor":8.0},{"not_picked":["Flying Knee","Poisoned Stab","Deadly Poison"],"picked":"Singing Bowl","floor":13.0},{"not_picked":["PiercingWail","Cloak And Dagger"],"picked":"Quick Slash","floor":14.0},{"not_picked":["Grand Finale","Glass Knife"],"picked":"After Image","floor":16.0},{"not_picked":["Accuracy","Outmaneuver","Bane"],"picked":"Singing Bowl","floor":18.0},{"not_picked":["Escape Plan+1","Poisoned Stab"],"picked":"Backflip","floor":23.0},{"not_picked":["Dagger Throw","Dagger Spray"],"picked":"Acrobatics","floor":24.0},{"not_picked":["Unload","Backflip","Dagger Spray"],"picked":"Singing Bowl","floor":29.0},{"not_picked":["Outmaneuver","Slice","Blur"],"picked":"Singing Bowl","floor":30.0},{"not_picked":["Doppelganger","Corpse Explosion","Die Die Die"],"picked":"Singing Bowl","floor":33.0},{"not_picked":["Dagger Spray","Acrobatics+1"],"picked":"Prepared","floor":35.0},{"not_picked":["Backstab","Caltrops","PiercingWail"],"picked":"Singing Bowl","floor":36.0},{"not_picked":["Dodge and Roll","Noxious Fumes"],"picked":"Acrobatics","floor":39.0},{"not_picked":["Slice+1","Dash","Escape Plan"],"picked":"Singing Bowl","floor":40.0},{"not_picked":["Noxious Fumes","Poisoned Stab","Predator"],"picked":"Singing Bowl","floor":42.0},{"not_picked":["Setup","Outmaneuver+1"],"picked":"Tactician","floor":45.0},{"not_picked":["Outmaneuver","Dodge and Roll","Setup+1"],"picked":"Singing Bowl","floor":47.0},{"not_picked":["Underhanded Strike","Deflect","Cloak And Dagger+1"],"picked":"Singing Bowl","floor":48.0},{"not_picked":["Heel Hook","Bane+1","Predator+1"],"picked":"Singing Bowl","floor":55.0}],"player_experience":942778,"relics_obtained":[{"floor":7.0,"key":"Happy Flower"},{"floor":9.0,"key":"Singing Bowl"},{"floor":22.0,"key":"Sundial"},{"floor":26.0,"key":"Matryoshka"},{"floor":29.0,"key":"Thread and Needle"},{"floor":40.0,"key":"Bottled Tornado"},{"floor":42.0,"key":"Pen Nib"},{"floor":43.0,"key":"Akabeko"},{"floor":55.0,"key":"HornCleat"}],"event_choices":[{"cards_removed":["Defend_G"],"damage_healed":0.0,"max_hp_gain":0.0,"max_hp_loss":0.0,"gold_gain":0.0,"event_name":"The Cleric","player_choice":"Card Removal","floor":3.0,"gold_loss":75.0,"damage_taken":0.0},{"cards_removed":["Strike_G"],"damage_healed":0.0,"max_hp_gain":0.0,"max_hp_loss":0.0,"gold_gain":0.0,"event_name":"Golden Wing","player_choice":"Card Removal","floor":4.0,"gold_loss":0.0,"damage_taken":7.0},{"damage_healed":0.0,"max_hp_gain":5.0,"max_hp_loss":0.0,"gold_gain":0.0,"event_name":"Big Fish","player_choice":"Donut","floor":12.0,"gold_loss":0.0,"damage_taken":0.0},{"damage_healed":0.0,"max_hp_gain":0.0,"max_hp_loss":0.0,"gold_gain":0.0,"event_name":"Ghosts","player_choice":"Ignored","floor":19.0,"gold_loss":0.0,"damage_taken":0.0},{"cards_removed":["Strike_G"],"damage_healed":0.0,"max_hp_gain":0.0,"max_hp_loss":0.0,"gold_gain":0.0,"event_name":"Back to Basics","player_choice":"Elegance","floor":20.0,"gold_loss":0.0,"damage_taken":0.0},{"damage_healed":0.0,"max_hp_gain":0.0,"max_hp_loss":0.0,"gold_gain":0.0,"event_name":"Accursed Blacksmith","player_choice":"Forge","floor":38.0,"gold_loss":0.0,"damage_taken":0.0,"cards_upgraded":["Prepared"]},{"damage_healed":0.0,"max_hp_gain":0.0,"max_hp_loss":4.0,"gold_gain":0.0,"event_name":"Winding Halls","player_choice":"Max HP","floor":44.0,"gold_loss":0.0,"damage_taken":0.0}],"is_beta":false,"boss_relics":[{"not_picked":["Sozu","Astrolabe"],"picked":"HoveringKite"},{"not_picked":["Coffee Dripper","Runic Dome","Velvet Choker"]}],"items_purged_floors":[21,31,37,46],"is_endless":false,"potions_floor_spawned":[2,14,16,30,35,42,45,47],"killed_by":"The Heart","ascension_level":20}}