{"host":"126yiuos2nq86se7","time":1612771962,"event":{"mods":["AchievementEnabler","Act Like it!","BaseMod","BetterRewards","Colored Map","Colored Powertips","Friendly Minions","Highlight Path","Hubris","Minty Spire (QoL Compilation)","Reimu??????","Remilia??????","StSLib","SuperFastMode","The Animator"],"gold_per_floor":[117,67,79,79,99,99,128,128,128,148,167,167,178,29,29,129,129,148,168,168,168,168,168,187,187,187],"floor_reached":25,"language":"ENG","playtime":1331,"items_purged":["Strike_B"],"score":361,"play_id":"99dd130f-e690-4c00-bc5f-9d22cc5e8ba2","local_time":"20210208191242","is_ascension_mode":true,"campfire_choices":[{"floor":6,"key":"REST"},{"data":"Dualcast","floor":8,"key":"SMITH"},{"data":"Chrysalis","floor":15,"key":"SMITH"},{"floor":23,"key":"REST"}],"circlet_count":0,"master_deck":["Strike_B","Strike_B","Defend_B","Defend_B","Defend_B","Dualcast+1","Chill","Chrysalis+1","hubris:PowerSurge","Barrage","Cold Snap","Conserve Battery","BootSequence","Coolheaded","Conserve Battery","Consume","Reinforced Body","Hologram+1"],"relics":["Cracked Core","ScarletDevilRocket","Bag of Marbles","NlothsMask","Oddly Smooth Stone","Busted Crown"],"acts_visited":["Exordium","TheCity"],"potions_floor_usage":[7,7,16,16],"damage_taken":[{"damage":5,"enemies":"2 Louse","floor":1,"turns":3},{"damage":3,"enemies":"Jaw Worm","floor":3,"turns":2},{"damage":0,"enemies":"Cultist","floor":5,"turns":2},{"damage":0,"enemies":"3 Sentries","floor":7,"turns":8},{"damage":0,"enemies":"Blue Slaver","floor":10,"turns":3},{"damage":0,"enemies":"2 Fungi Beasts","floor":11,"turns":4},{"damage":0,"enemies":"Large Slime","floor":13,"turns":6},{"damage":2,"enemies":"The Guardian","floor":16,"turns":19},{"damage":22,"enemies":"Spheric Guardian","floor":18,"turns":27},{"damage":6,"enemies":"Shell Parasite","floor":19,"turns":52},{"damage":27,"enemies":"Snake Plant","floor":24,"turns":11},{"damage":56,"enemies":"Cultist and Chosen","floor":25,"turns":14}],"seed_played":"4300611690399232017","potions_obtained":[{"floor":3,"key":"SkillPotion"},{"floor":5,"key":"Strength Potion"},{"floor":10,"key":"AttackPotion"},{"floor":11,"key":"FocusPotion"},{"floor":24,"key":"ColorlessPotion"}],"is_trial":false,"path_per_floor":["M","?","M","?","M","R","E","R","T","M","M","?","M","$","R","B",null,"M","M","?","?","?","R","M","M"],"character_chosen":"DEFECT","items_purchased":["Chill","Chrysalis","ScarletDevilRocket","Bag of Marbles","Consume"],"campfire_rested":2,"item_purchase_floors":[0,0,0,0,14],"current_hp_per_floor":[44,44,41,41,41,63,63,63,63,63,63,63,63,63,63,61,75,53,47,47,47,47,69,42,0,0],"gold":187,"neow_bonus":"","is_daily":false,"chose_seed":false,"campfire_upgraded":2,"win_rate":0.0,"timestamp":1612771962,"path_taken":["M","?","M","?","M","R","E","R","T","?","M","?","M","$","R","BOSS","M","M","?","?","?","R","M","M"],"items_purchased_type":["Card","Card","Relic","Relic","Card"],"build_version":"2020-12-22","purchased_purges":1,"victory":false,"max_hp_per_floor":[75,75,75,75,75,75,75,75,75,75,75,75,75,75,75,75,75,75,75,75,75,75,75,75,75,75],"card_choices":[{"not_picked":["Skim","Sweeping Beam"],"picked":"hubris:PowerSurge","floor":1},{"not_picked":["Rebound","Go for the Eyes"],"picked":"Barrage","floor":3},{"not_picked":["Redo","Go for the Eyes"],"picked":"Cold Snap","floor":5},{"not_picked":["Hello World","Ball Lightning"],"picked":"Conserve Battery","floor":7},{"not_picked":["Lockon","Sweeping Beam"],"picked":"BootSequence","floor":10},{"not_picked":["Tempest","Steam Power"],"picked":"Coolheaded","floor":11},{"not_picked":["Compile Driver","Rip and Tear"],"picked":"Conserve Battery","floor":13},{"not_picked":[],"picked":"Reinforced Body","floor":18},{"not_picked":[],"picked":"Hologram+1","floor":19},{"not_picked":["Reprogram"],"picked":"SKIP","floor":24}],"player_experience":1645085,"relics_obtained":[{"floor":7,"key":"Oddly Smooth Stone"}],"event_choices":[{"cards_removed":["Zap"],"damage_healed":0,"gold_gain":0,"player_choice":"Card Removal","damage_taken":0,"max_hp_gain":0,"max_hp_loss":0,"event_name":"The Cleric","floor":2,"gold_loss":50},{"damage_healed":0,"gold_gain":0,"player_choice":"Ignored","damage_taken":0,"max_hp_gain":0,"max_hp_loss":0,"event_name":"NoteForYourself","floor":4,"gold_loss":0},{"cards_removed":["Strike_B"],"damage_healed":0,"gold_gain":0,"player_choice":"Forget","damage_taken":0,"max_hp_gain":0,"max_hp_loss":0,"event_name":"Living Wall","floor":12,"gold_loss":0},{"damage_healed":0,"gold_gain":0,"player_choice":"Ignored","damage_taken":0,"max_hp_gain":0,"max_hp_loss":0,"event_name":"Ghosts","floor":20,"gold_loss":0},{"damage_healed":0,"gold_gain":0,"player_choice":"Ignored","damage_taken":0,"max_hp_gain":0,"max_hp_loss":0,"event_name":"Vampires","floor":21,"gold_loss":0},{"damage_healed":0,"gold_gain":0,"player_choice":"0 cards matched","damage_taken":0,"max_hp_gain":0,"max_hp_loss":0,"event_name":"Match and Keep!","floor":22,"gold_loss":0,"cards_obtained":[]}],"is_beta":false,"boss_relics":[{"not_picked":["Inserter","Black Star"],"picked":"Busted Crown"}],"items_purged_floors":[14],"is_endless":false,"potions_floor_spawned":[3,5,10,11,24],"killed_by":"Cultist and Chosen","ascension_level":2}}