{"host":"jx3f6ezc0g3s9edc","time":1612752821,"event":{"mods":["AchievementEnabler","BaseMod","Bestiary","Colored Map","Highlight Path","Minty Spire (QoL Compilation)","StSLib"],"gold_per_floor":[111,111,126,126,143,158,189,189,189,289,303,317,337,17,17,117,117,131,146,46,46,46,78,93,120,146,146,163,163,179,196,196,299,299,316,316,329,18,35,35,35,35],"floor_reached":41,"language":"ENG","playtime":2441,"items_purged":["Strike_G","Strike_G"],"score":417,"play_id":"f71fdcdd-60dd-41d6-88c6-ca2bd9b3f7e0","local_time":"20210207215341","is_ascension_mode":false,"campfire_choices":[{"data":"Bane","floor":8,"key":"SMITH"},{"floor":15,"key":"REST"},{"floor":27,"key":"REST"},{"data":"Poisoned Stab","floor":29,"key":"SMITH"},{"floor":32,"key":"REST"},{"floor":40,"key":"REST"}],"circlet_count":0,"master_deck":["Defend_G","Defend_G","Defend_G","Defend_G","Survivor","Neutralize","Bane+1","Blur","Blur","Poisoned Stab+1","Outmaneuver","Dagger Throw+1","Corpse Explosion","Endless Agony+1","Night Terror","Tools of the Trade+1","Dagger Throw+1","Calculated Gamble+1","Slice+1","Poisoned Stab+1","Decay","Backflip","PiercingWail","Bane+1","Noxious Fumes+1","Deadly Poison+1","Envenom+1","Riddle With Holes+1","Prepared"],"relics":["Ring of the Snake","NeowsBlessing","Mercury Hourglass","Pear","Molten Egg 2","Frozen Egg 2","Astrolabe","Pen Nib","Boot","Omamori","Philosopher\u0027s Stone","TungstenRod"],"acts_visited":["Exordium","TheCity","TheBeyond"],"potions_floor_usage":[19,23,33,33,33],"damage_taken":[{"damage":0,"enemies":"Cultist","floor":1,"turns":1},{"damage":0,"enemies":"Jaw Worm","floor":3,"turns":1},{"damage":0,"enemies":"Small Slimes","floor":5,"turns":1},{"damage":0,"enemies":"Gremlin Gang","floor":6,"turns":5},{"damage":33,"enemies":"Gremlin Nob","floor":7,"turns":5},{"damage":0,"enemies":"Red Slaver","floor":11,"turns":4},{"damage":0,"enemies":"2 Fungi Beasts","floor":12,"turns":2},{"damage":0,"enemies":"Large Slime","floor":13,"turns":5},{"damage":12,"enemies":"Slime Boss","floor":16,"turns":8},{"damage":24,"enemies":"Spheric Guardian","floor":18,"turns":7},{"damage":4,"enemies":"2 Thieves","floor":19,"turns":4},{"damage":7,"enemies":"Gremlin Leader","floor":23,"turns":5},{"damage":37,"enemies":"Shelled Parasite and Fungi","floor":24,"turns":6},{"damage":2,"enemies":"Centurion and Healer","floor":28,"turns":3},{"damage":0,"enemies":"3 Cultists","floor":30,"turns":2},{"damage":6,"enemies":"Cultist and Chosen","floor":31,"turns":5},{"damage":33,"enemies":"Champ","floor":33,"turns":8},{"damage":33,"enemies":"3 Shapes","floor":35,"turns":4},{"damage":38,"enemies":"3 Darklings","floor":37,"turns":4},{"damage":8,"enemies":"4 Shapes","floor":39,"turns":6},{"damage":54,"enemies":"Writhing Mass","floor":41,"turns":3}],"seed_played":"7575816811336414427","potions_obtained":[{"floor":3,"key":"Weak Potion"},{"floor":6,"key":"ColorlessPotion"},{"floor":11,"key":"Fire Potion"},{"floor":18,"key":"Strength Potion"},{"floor":19,"key":"ColorlessPotion"},{"floor":30,"key":"ColorlessPotion"},{"floor":39,"key":"Ancient Potion"}],"is_trial":false,"path_per_floor":["M","?","M","?","M","M","E","R","T","?","M","M","M","$","R","B",null,"M","M","$","?","?","E","M","T","T","R","M","R","M","M","R","B",null,"M","?","M","$","M","R","M"],"character_chosen":"THE_SILENT","items_purchased":["Frozen Egg 2","TungstenRod"],"campfire_rested":4,"item_purchase_floors":[14,38],"current_hp_per_floor":[70,63,63,60,60,60,37,37,37,37,37,37,37,37,61,49,80,56,52,52,52,52,45,8,8,8,32,30,30,30,24,48,15,80,47,47,9,9,1,25,0,0],"gold":35,"neow_bonus":"THREE_ENEMY_KILL","is_daily":false,"chose_seed":false,"campfire_upgraded":2,"win_rate":0.0,"timestamp":1612752821,"path_taken":["M","?","M","?","M","M","E","R","T","?","M","?","M","$","R","BOSS","M","M","?","?","?","E","M","?","T","R","?","R","M","M","R","BOSS","M","?","M","$","M","R","M"],"items_purchased_type":["Relic","Relic"],"build_version":"2020-12-22","purchased_purges":2,"victory":false,"max_hp_per_floor":[70,70,70,70,70,70,80,80,80,80,80,80,80,80,80,80,80,80,80,80,80,80,80,80,80,80,80,80,80,80,80,80,80,80,80,80,80,80,80,80,80,80],"card_choices":[{"not_picked":["Quick Slash","Riddle With Holes"],"picked":"Bane","floor":1},{"not_picked":["Quick Slash","Prepared"],"picked":"Blur","floor":3},{"not_picked":["PiercingWail","Cloak And Dagger"],"picked":"Blur","floor":5},{"not_picked":["Setup","Dash"],"picked":"Poisoned Stab","floor":6},{"not_picked":["Cloak And Dagger","Infinite Blades"],"picked":"Outmaneuver","floor":7},{"not_picked":["Deflect","Well Laid Plans"],"picked":"Dagger Throw+1","floor":11},{"not_picked":["Deflect","Prepared"],"picked":"Corpse Explosion","floor":12},{"not_picked":["Deflect","Distraction"],"picked":"Endless Agony+1","floor":13},{"not_picked":["Storm of Steel","Grand Finale+1"],"picked":"Night Terror","floor":16},{"not_picked":["Dodge and Roll","Deflect"],"picked":"Slice+1","floor":18},{"not_picked":["Concentrate","Acrobatics"],"picked":"Poisoned Stab+1","floor":19},{"not_picked":["Prepared","Choke+1"],"picked":"Backflip","floor":23},{"not_picked":["Outmaneuver","Sucker Punch+1"],"picked":"PiercingWail","floor":24},{"not_picked":["Escape Plan","Deflect"],"picked":"Bane+1","floor":28},{"not_picked":["Prepared","Dagger Throw+1"],"picked":"Noxious Fumes+1","floor":30},{"not_picked":["Well Laid Plans+1","Prepared"],"picked":"Deadly Poison+1","floor":31},{"not_picked":["Corpse Explosion","Unload+1"],"picked":"Envenom+1","floor":33},{"not_picked":["Underhanded Strike+1","Blade Dance+1"],"picked":"Riddle With Holes+1","floor":35},{"not_picked":["Dagger Throw+1","Dodge and Roll+1","Slice+1"],"picked":"SKIP","floor":37},{"not_picked":["Poisoned Stab+1","Flying Knee+1"],"picked":"Prepared","floor":39}],"player_experience":837434,"relics_obtained":[{"floor":7,"key":"Pear"},{"floor":9,"key":"Molten Egg 2"},{"floor":23,"key":"Pen Nib"},{"floor":25,"key":"Boot"},{"floor":26,"key":"Omamori"}],"event_choices":[{"cards_removed":["Strike_G"],"damage_healed":0,"gold_gain":0,"player_choice":"Card Removal","damage_taken":7,"max_hp_gain":0,"max_hp_loss":0,"event_name":"Golden Wing","floor":2,"gold_loss":0},{"damage_healed":0,"gold_gain":0,"player_choice":"Success","damage_taken":3,"relics_obtained":["Mercury Hourglass"],"max_hp_gain":0,"max_hp_loss":0,"event_name":"Scrap Ooze","floor":4,"gold_loss":0},{"damage_healed":0,"gold_gain":100,"player_choice":"Pray","damage_taken":0,"max_hp_gain":0,"max_hp_loss":0,"event_name":"Golden Shrine","floor":10,"gold_loss":0},{"damage_healed":0,"gold_gain":0,"player_choice":"Smashed Altar","damage_taken":0,"max_hp_gain":0,"max_hp_loss":0,"event_name":"Forgotten Altar","floor":21,"gold_loss":0,"cards_obtained":["Decay"]},{"damage_healed":0,"gold_gain":0,"player_choice":"Ignored","damage_taken":0,"max_hp_gain":0,"max_hp_loss":0,"event_name":"Ghosts","floor":22,"gold_loss":0},{"damage_healed":0,"gold_gain":0,"player_choice":"Ignored","damage_taken":0,"max_hp_gain":0,"max_hp_loss":0,"event_name":"Tomb of Lord Red Mask","floor":36,"gold_loss":0}],"is_beta":false,"boss_relics":[{"not_picked":["WristBlade","Runic Pyramid"],"picked":"Astrolabe"},{"not_picked":["SacredBark","Busted Crown"],"picked":"Philosopher\u0027s Stone"}],"items_purged_floors":[14,20],"is_endless":false,"potions_floor_spawned":[3,6,11,12,18,19,30,39],"killed_by":"Writhing Mass","ascension_level":0}}