{"host":"neeznpvpgo0qgfkd","time":1612752689,"event":{"mods":["AchievementEnabler","BaseMod","BetterRewards","Colored Map","Colored Powertips","Exacting","Minty Spire (QoL Compilation)","Permanent Neow","Quick Restart","Shop Mod"],"gold_per_floor":[111,140,140,90,102,135,135,165,165,176,196,196,196,215,215,313,313,333,333,333,345,90,90,131,131,131,163,183,211,243,262,262,262,262],"floor_reached":33,"language":"ENG","playtime":1869,"items_purged":[],"score":437,"play_id":"4dae9cca-2a2b-4957-932c-d29711c537ef","local_time":"20210207215129","is_ascension_mode":true,"campfire_choices":[{"floor":7.0,"key":"RECALL"},{"floor":12,"key":"REST"},{"data":"Inflame","floor":15,"key":"SMITH"},{"data":"Armaments","floor":23,"key":"SMITH"},{"floor":25,"key":"REST"},{"floor":32,"key":"REST"}],"circlet_count":0,"master_deck":["Strike_R+1","Strike_R+1","Strike_R+1","Strike_R+1","Defend_R+1","Defend_R+1","Defend_R+1","Defend_R+1","Bash","Flex","Pummel","Armaments+1","Thunderclap","Pommel Strike","Seeing Red+1","Dual Wield+1","Inflame+1","Juggernaut","Uppercut+1","Shrug It Off+1","Iron Wave+1","Body Slam+1","Rage+1"],"relics":["Burning Blood","Vajra","Mango","Magic Flower","White Beast Statue","Strawberry","Boot","Toxic Egg 2","SacredBark","Bag of Marbles","Ancient Tea Set","Ornamental Fan","Molten Egg 2","Lantern","Nunchaku"],"acts_visited":["Exordium","TheCity"],"potions_floor_usage":[11,16,18,24,27,30,33,33,33],"damage_taken":[{"damage":9.0,"enemies":"Jaw Worm","floor":1.0,"turns":3.0},{"damage":6.0,"enemies":"2 Louse","floor":2.0,"turns":2.0},{"damage":0.0,"enemies":"Cultist","floor":5.0,"turns":2.0},{"damage":8.0,"enemies":"Gremlin Nob","floor":6.0,"turns":3.0},{"damage":35.0,"enemies":"Lagavulin","floor":8.0,"turns":5.0},{"damage":6.0,"enemies":"2 Fungi Beasts","floor":10.0,"turns":2.0},{"damage":9,"enemies":"Exordium Wildlife","floor":11,"turns":4},{"damage":0,"enemies":"Large Slime","floor":14,"turns":5},{"damage":88,"enemies":"The Guardian","floor":16,"turns":12},{"damage":11,"enemies":"2 Thieves","floor":18,"turns":2},{"damage":12,"enemies":"Chosen","floor":21,"turns":3},{"damage":29,"enemies":"Slavers","floor":24,"turns":5},{"damage":35,"enemies":"Book of Stabbing","floor":27,"turns":4},{"damage":0,"enemies":"Snecko","floor":28,"turns":4},{"damage":18,"enemies":"Snake Plant","floor":29,"turns":4},{"damage":25,"enemies":"Slavers","floor":30,"turns":3},{"damage":36,"enemies":"Cultist and Chosen","floor":31,"turns":7},{"damage":68,"enemies":"Collector","floor":33,"turns":8}],"seed_played":"321176224396126106","potions_obtained":[{"floor":2.0,"key":"Fruit Juice"},{"floor":5.0,"key":"Explosive Potion"},{"floor":6.0,"key":"Explosive Potion"},{"floor":8.0,"key":"BlessingOfTheForge"},{"floor":8.0,"key":"Block Potion"},{"floor":10.0,"key":"Energy Potion"},{"floor":11,"key":"FearPotion"},{"floor":16,"key":"SteroidPotion"},{"floor":18,"key":"FearPotion"},{"floor":21,"key":"LiquidMemories"},{"floor":24,"key":"LiquidMemories"},{"floor":27,"key":"EssenceOfSteel"},{"floor":30,"key":"LiquidBronze"}],"is_trial":false,"path_per_floor":["M","M","?","?","M","E","R","E","T","M","M","R","?","M","R","B",null,"M","?","?","M","$","R","E","R","T","E","M","M","E","M","R","B"],"character_chosen":"IRONCLAD","items_purchased":["Vajra","Flex","PowerPotion","Ornamental Fan"],"campfire_rested":3,"item_purchase_floors":[0,0,0,22],"current_hp_per_floor":[86,89,89,89,94,106,106,80,80,83,83,106,106,106,106,27,86,84,84,84,81,81,81,61,92,92,66,75,66,50,23,54,0,0],"gold":262,"neow_bonus":"","is_daily":false,"chose_seed":false,"campfire_upgraded":2,"win_rate":0.0,"timestamp":1612752689,"path_taken":["M","M","?","?","M","E","R","E","T","M","M","R","?","M","R","BOSS","M","?","?","M","$","R","E","R","T","E","M","M","E","M","R","BOSS"],"items_purchased_type":["Relic","Card","Potion","Relic"],"build_version":"2020-12-22","purchased_purges":0,"victory":false,"max_hp_per_floor":[94,94,94,94,94,106,106,106,106,106,106,106,106,106,106,106,106,106,106,106,106,106,106,106,106,106,106,106,106,106,106,106,106,106],"card_choices":[{"not_picked":["Body Slam","Battle Trance"],"picked":"Pummel","floor":1.0},{"not_picked":["Clothesline","Power Through"],"picked":"Armaments","floor":2.0},{"not_picked":["Second Wind","Entrench","Bloodletting"],"picked":"SKIP","floor":5.0},{"not_picked":["Barricade","Sever Soul"],"picked":"Thunderclap","floor":6.0},{"not_picked":["Fiend Fire","Battle Trance"],"picked":"Pommel Strike","floor":8.0},{"not_picked":["Blood for Blood","Dropkick"],"picked":"Seeing Red+1","floor":10.0},{"not_picked":["Pommel Strike","Power Through+1"],"picked":"Dual Wield+1","floor":11},{"not_picked":["Cleave","Iron Wave"],"picked":"Inflame","floor":14},{"not_picked":["Corruption","Fiend Fire"],"picked":"Juggernaut","floor":16},{"not_picked":["Anger","Dual Wield+1"],"picked":"Uppercut+1","floor":18},{"not_picked":["Blood for Blood","Headbutt"],"picked":"Shrug It Off+1","floor":21},{"not_picked":["Thunderclap+1","Second Wind+1"],"picked":"Iron Wave+1","floor":24},{"not_picked":["Corruption","Thunderclap+1"],"picked":"Body Slam+1","floor":27},{"not_picked":["Reckless Charge+1","Feel No Pain"],"picked":"Rage+1","floor":28},{"not_picked":["Ghostly Armor+1","Intimidate+1","Hemokinesis+1"],"picked":"SKIP","floor":29},{"not_picked":["Whirlwind+1","Evolve","Combust"],"picked":"SKIP","floor":30},{"not_picked":["Body Slam+1","Headbutt+1","Havoc+1"],"picked":"SKIP","floor":31}],"player_experience":1331033,"relics_obtained":[{"floor":6.0,"key":"Strawberry"},{"floor":8.0,"key":"Boot"},{"floor":9.0,"key":"Toxic Egg 2"},{"floor":18,"key":"Bag of Marbles"},{"floor":24,"key":"Molten Egg 2"},{"floor":27,"key":"Lantern"},{"floor":30,"key":"Nunchaku"}],"event_choices":[{"damage_healed":0.0,"max_hp_gain":0.0,"max_hp_loss":0.0,"gold_gain":0.0,"event_name":"Big Fish","player_choice":"Box","floor":3.0,"gold_loss":0.0,"damage_taken":0.0,"relics_obtained":["White Beast Statue"],"cards_obtained":["Regret"]},{"cards_removed":["Regret"],"damage_healed":0.0,"max_hp_gain":0.0,"max_hp_loss":0.0,"gold_gain":0.0,"event_name":"The Cleric","player_choice":"Card Removal","floor":4.0,"gold_loss":50.0,"damage_taken":0.0},{"cards_removed":["Strike_R"],"damage_healed":0,"gold_gain":0,"player_choice":"Purged","damage_taken":0,"max_hp_gain":0,"max_hp_loss":0,"event_name":"Purifier","floor":13,"gold_loss":0},{"damage_healed":0,"gold_gain":0,"player_choice":"Simplicity","damage_taken":0,"max_hp_gain":0,"max_hp_loss":0,"event_name":"Back to Basics","floor":19,"gold_loss":0,"cards_upgraded":["Strike_R","Strike_R","Strike_R","Strike_R","Defend_R","Defend_R","Defend_R","Defend_R"]},{"damage_healed":0,"gold_gain":0,"player_choice":"Opened","damage_taken":0,"relics_obtained":["Ancient Tea Set"],"max_hp_gain":0,"max_hp_loss":0,"event_name":"The Mausoleum","floor":20,"gold_loss":0}],"is_beta":false,"boss_relics":[{"not_picked":["Ectoplasm","Velvet Choker"],"picked":"SacredBark"}],"items_purged_floors":[],"is_endless":false,"potions_floor_spawned":[2,5,6,8,10,11,14,16,18,21,24,27,28,29,30,31],"killed_by":"Collector","ascension_level":6}}