{"host":"jwbw4f4imxd0v0b0","time":1612748451,"event":{"mods":["BaseMod","Colored Map","Highlight Path","Minty Spire (QoL Compilation)","Relic Stats","StSLib"],"gold_per_floor":[111,111,129,144,164,199,199,227,279,313,190,190,205,221,221,319,319,331,331,331,347,361,396,396,429,429,455,110,125,141,166,166,262,262,273,273,45,45,0,0,29,29,29,46,46,60,60,95,95,95,95,95,24,54,54],"floor_reached":56,"language":"ENG","playtime":6705,"items_purged":["Strike_P","Strike_P"],"score":1755,"play_id":"e339031d-e63a-429d-bc8c-d5c922aead93","local_time":"20210207194051","is_ascension_mode":true,"campfire_choices":[{"floor":7,"key":"REST"},{"floor":15,"key":"REST"},{"floor":24,"key":"REST"},{"floor":32,"key":"REST"},{"floor":40,"key":"REST"},{"floor":47,"key":"RECALL"},{"floor":49,"key":"REST"},{"floor":52,"key":"REST"}],"circlet_count":0,"master_deck":["Strike_P+1","Defend_P","Defend_P","Defend_P","Defend_P","Eruption","Vigilance","Consecrate","BowlingBash+1","Adaptation","Protect","Halt","Tantrum+1","DevaForm","ThirdEye+1","Ghostly+1","Ghostly","Ghostly","Ghostly","Ghostly","Wireheading","Vengeance","EmptyBody+1","CutThroughFate+1","EmptyMind","WaveOfTheHand","Adaptation","Vault","CrushJoints+1","Violence","Secret Technique","Discovery","Fasting2","Madness","Madness","WheelKick+1","Weave+1"],"relics":["Fusion Hammer","Meat on the Bone","Matryoshka","Akabeko","MealTicket","Vajra","Blood Vial","SacredBark","Bag of Preparation","Smiling Mask","Pantograph","Dead Branch","Molten Egg 2","Whetstone","StrikeDummy","SlaversCollar","Centennial Puzzle","Red Mask","Sundial","Kunai","Shuriken"],"acts_visited":["Exordium","TheCity","TheBeyond","TheEnding"],"potions_floor_usage":[6,10,16,16,18,23,23,33,54,55,55],"damage_taken":[{"damage":0,"enemies":"2 Louse","floor":1,"turns":1},{"damage":0,"enemies":"Cultist","floor":3,"turns":2},{"damage":1,"enemies":"Small Slimes","floor":4,"turns":2},{"damage":4,"enemies":"Red Slaver","floor":5,"turns":5},{"damage":24,"enemies":"Gremlin Nob","floor":6,"turns":6},{"damage":30,"enemies":"3 Sentries","floor":8,"turns":5},{"damage":0,"enemies":"Lagavulin","floor":10,"turns":4},{"damage":0,"enemies":"2 Fungi Beasts","floor":13,"turns":2},{"damage":0,"enemies":"Large Slime","floor":14,"turns":3},{"damage":0,"enemies":"Slime Boss","floor":16,"turns":4},{"damage":0,"enemies":"Chosen","floor":18,"turns":3},{"damage":2,"enemies":"2 Thieves","floor":21,"turns":5},{"damage":0,"enemies":"Snecko","floor":22,"turns":5},{"damage":7,"enemies":"Book of Stabbing","floor":23,"turns":7},{"damage":2,"enemies":"Slavers","floor":25,"turns":5},{"damage":3,"enemies":"Book of Stabbing","floor":27,"turns":4},{"damage":1,"enemies":"Centurion and Healer","floor":29,"turns":2},{"damage":3,"enemies":"Chosen and Byrds","floor":30,"turns":3},{"damage":2,"enemies":"Slavers","floor":31,"turns":3},{"damage":2,"enemies":"Automaton","floor":33,"turns":5},{"damage":3,"enemies":"3 Darklings","floor":35,"turns":5},{"damage":1,"enemies":"Giant Head","floor":41,"turns":7},{"damage":2,"enemies":"Orb Walker","floor":44,"turns":4},{"damage":2,"enemies":"Spire Growth","floor":46,"turns":4},{"damage":0,"enemies":"Nemesis","floor":48,"turns":3},{"damage":4,"enemies":"Donu and Deca","floor":50,"turns":10},{"damage":4,"enemies":"Shield and Spear","floor":54,"turns":4},{"damage":16,"enemies":"The Heart","floor":55,"turns":8}],"seed_played":"-4118174820985456632","potions_obtained":[{"floor":3,"key":"Weak Potion"},{"floor":8,"key":"SteroidPotion"},{"floor":10,"key":"Explosive Potion"},{"floor":16,"key":"Fire Potion"},{"floor":18,"key":"GamblersBrew"},{"floor":22,"key":"Dexterity Potion"},{"floor":23,"key":"Energy Potion"},{"floor":30,"key":"BottledMiracle"},{"floor":44,"key":"SmokeBomb"},{"floor":48,"key":"CultistPotion"}],"is_trial":false,"path_per_floor":["M","?","M","M","M","E","R","E","T","E","$","?","M","M","R","B",null,"M","?","?","M","M","E","R","E","T","E","$","M","M","E","R","B",null,"M","?","$","?","?","R","E","?","T","M","?","M","R","E","R","B",null,"R","$","E","B",null],"character_chosen":"WATCHER","items_purchased":["AttackPotion","Strength Potion","AttackPotion","Whetstone","EmptyMind","Centennial Puzzle","Fasting2","Weave+1"],"campfire_rested":7,"item_purchase_floors":[11,28,28,28,28,37,37,53],"current_hp_per_floor":[65,53,53,52,48,36,57,39,39,39,54,54,56,58,72,72,72,72,36,36,34,36,29,36,34,34,33,36,35,33,33,36,34,36,33,23,36,31,31,36,35,35,35,34,34,34,34,36,36,32,35,36,36,32,20],"gold":54,"neow_bonus":"BOSS_RELIC","is_daily":false,"chose_seed":false,"campfire_upgraded":0,"win_rate":0.0,"timestamp":1612748451,"path_taken":["M","?","M","M","M","E","R","E","T","E","$","?","M","?","R","BOSS","M","?","?","?","M","E","R","E","T","E","$","M","M","E","R","BOSS","M","?","$","?","?","R","E","?","T","?","?","M","R","E","R","BOSS","R","$","E","BOSS"],"items_purchased_type":["Potion","Potion","Potion","Relic","Card","Relic","Card","Card"],"build_version":"2020-12-22","purchased_purges":2,"victory":true,"max_hp_per_floor":[72,72,72,72,72,72,72,72,72,72,72,72,72,72,72,72,72,72,36,36,36,36,36,36,36,36,36,36,36,36,36,36,36,36,36,36,36,36,36,36,36,36,36,36,36,36,36,36,36,36,36,36,36,36,36],"relic_stats":{"counters":[28,121],"Dead Branch":[100],"Bag of Preparation":[28],"Whetstone":["Strike_P","Tantrum"],"Smiling Mask":50,"Blood Vial":16,"Centennial Puzzle":[18],"Sundial":[2],"Shuriken":[2],"Pantograph":4,"MealTicket":31,"Kunai":[6],"obtain_stats":[{"SacredBark":17,"Dead Branch":26,"Vajra":9,"Bag of Preparation":23,"Whetstone":28,"Smiling Mask":25,"Akabeko":8,"Blood Vial":10,"SlaversCollar":34,"Centennial Puzzle":37,"Matryoshka":6,"Sundial":41,"Shuriken":54,"Pantograph":26,"MealTicket":9,"Molten Egg 2":27,"Fusion Hammer":0,"Red Mask":39,"Kunai":48,"PureWater":0,"StrikeDummy":31,"Meat on the Bone":2},{"SacredBark":10,"Dead Branch":15,"Vajra":6,"Bag of Preparation":14,"Whetstone":16,"Smiling Mask":15,"Akabeko":6,"Blood Vial":7,"SlaversCollar":20,"Centennial Puzzle":21,"Matryoshka":5,"Sundial":22,"Shuriken":27,"Pantograph":15,"MealTicket":6,"Molten Egg 2":16,"Fusion Hammer":0,"Red Mask":21,"Kunai":25,"PureWater":0,"StrikeDummy":19,"Meat on the Bone":1},{"SacredBark":34,"Dead Branch":59,"Vajra":21,"Bag of Preparation":54,"Whetstone":63,"Smiling Mask":59,"Akabeko":21,"Blood Vial":25,"SlaversCollar":76,"Centennial Puzzle":81,"Matryoshka":16,"Sundial":88,"Shuriken":113,"Pantograph":59,"MealTicket":21,"Molten Egg 2":63,"Fusion Hammer":0,"Red Mask":81,"Kunai":99,"PureWater":0,"StrikeDummy":71,"Meat on the Bone":1}],"Meat on the Bone":24},"card_choices":[{"not_picked":["PathToVictory","SashWhip"],"picked":"Consecrate","floor":1},{"not_picked":["Wireheading","PathToVictory"],"picked":"LikeWater","floor":3},{"not_picked":["Sanctity","Crescendo"],"picked":"BowlingBash","floor":4},{"not_picked":["FlurryOfBlows","FollowUp"],"picked":"Adaptation","floor":5},{"not_picked":["FollowUp","Alpha","CarveReality"],"picked":"SKIP","floor":6},{"not_picked":["FlyingSleeves","PathToVictory"],"picked":"Protect","floor":8},{"not_picked":["WreathOfFlame","Prostrate"],"picked":"Halt","floor":10},{"not_picked":["WaveOfTheHand","WreathOfFlame"],"picked":"Tantrum","floor":13},{"not_picked":["BowlingBash","WindmillStrike","FollowUp"],"picked":"SKIP","floor":14},{"not_picked":["MasterReality","Scrawl"],"picked":"DevaForm","floor":16},{"not_picked":["FearNoEvil+1","Halt+1"],"picked":"ThirdEye+1","floor":18},{"not_picked":["Halt+1","Vengeance"],"picked":"Wireheading","floor":21},{"not_picked":["Pray","EmptyFist","ForeignInfluence"],"picked":"SKIP","floor":22},{"not_picked":["DeusExMachina","FlyingSleeves+1"],"picked":"Vengeance","floor":23},{"not_picked":["Evaluate","Alpha"],"picked":"EmptyBody+1","floor":25},{"not_picked":["Halt","ClearTheMind"],"picked":"CutThroughFate+1","floor":27},{"not_picked":["Prostrate","BowlingBash+1","Consecrate+1"],"picked":"SKIP","floor":29},{"not_picked":["Protect","BowlingBash+1"],"picked":"WaveOfTheHand","floor":30},{"not_picked":["Alpha","ThirdEye+1"],"picked":"Adaptation","floor":31},{"not_picked":["Wish","Omniscience"],"picked":"Vault","floor":33},{"not_picked":["Prostrate+1","PathToVictory+1"],"picked":"CrushJoints+1","floor":35},{"not_picked":["Secret Technique","Dark Shackles"],"picked":"Violence","floor":36},{"not_picked":["Jack Of All Trades","Blind"],"picked":"Secret Technique","floor":36},{"not_picked":["Secret Technique","Swift Strike+1"],"picked":"Discovery","floor":36},{"not_picked":["Pray","BattleHymn+1","ForeignInfluence"],"picked":"SKIP","floor":41},{"not_picked":["BattleHymn+1","Nirvana","Halt+1"],"picked":"SKIP","floor":44},{"not_picked":["Protect+1","Conclude+1","Halt+1"],"picked":"SKIP","floor":46},{"not_picked":["Study+1","BattleHymn+1"],"picked":"WheelKick+1","floor":48},{"not_picked":["Swivel","Indignation+1","Protect+1"],"picked":"SKIP","floor":54}],"player_experience":1245331,"relics_obtained":[{"floor":6,"key":"Matryoshka"},{"floor":8,"key":"Akabeko"},{"floor":9,"key":"MealTicket"},{"floor":9,"key":"Vajra"},{"floor":10,"key":"Blood Vial"},{"floor":23,"key":"Bag of Preparation"},{"floor":25,"key":"Smiling Mask"},{"floor":26,"key":"Pantograph"},{"floor":26,"key":"Dead Branch"},{"floor":27,"key":"Molten Egg 2"},{"floor":31,"key":"StrikeDummy"},{"floor":41,"key":"Sundial"},{"floor":48,"key":"Kunai"},{"floor":54,"key":"Shuriken"}],"event_choices":[{"damage_healed":0,"gold_gain":0,"player_choice":"Success","damage_taken":12,"relics_obtained":["Meat on the Bone"],"max_hp_gain":0,"max_hp_loss":0,"event_name":"Scrap Ooze","floor":2,"gold_loss":0},{"damage_healed":0,"gold_gain":0,"player_choice":"Upgraded","damage_taken":0,"max_hp_gain":0,"max_hp_loss":0,"event_name":"Upgrade Shrine","floor":12,"gold_loss":0,"cards_upgraded":["BowlingBash"]},{"damage_healed":0,"gold_gain":0,"player_choice":"Became a Ghost","damage_taken":0,"max_hp_gain":0,"max_hp_loss":36,"event_name":"Ghosts","floor":19,"gold_loss":0,"cards_obtained":["Ghostly","Ghostly","Ghostly","Ghostly","Ghostly"]},{"cards_removed":["Strike_P"],"damage_healed":0,"gold_gain":0,"player_choice":"Offered Basic","damage_taken":0,"max_hp_gain":0,"max_hp_loss":0,"event_name":"Bonfire Elementals","floor":20,"gold_loss":0},{"damage_healed":0,"gold_gain":0,"player_choice":"Memory 3","damage_taken":10,"max_hp_gain":0,"max_hp_loss":0,"event_name":"SensoryStone","floor":36,"gold_loss":0},{"damage_healed":0,"gold_gain":0,"player_choice":"Embrace Madness","damage_taken":5,"max_hp_gain":0,"max_hp_loss":0,"event_name":"Winding Halls","floor":38,"gold_loss":0,"cards_obtained":["Madness","Madness"]},{"damage_healed":0,"gold_gain":0,"player_choice":"Paid","damage_taken":0,"relics_obtained":["Red Mask"],"max_hp_gain":0,"max_hp_loss":0,"event_name":"Tomb of Lord Red Mask","floor":39,"gold_loss":45},{"damage_healed":0,"gold_gain":0,"player_choice":"Forge","damage_taken":0,"max_hp_gain":0,"max_hp_loss":0,"event_name":"Accursed Blacksmith","floor":42,"gold_loss":0,"cards_upgraded":["Ghostly"]},{"cards_removed":["LikeWater"],"damage_healed":0,"gold_gain":0,"player_choice":"Removed Power","damage_taken":0,"max_hp_gain":0,"max_hp_loss":0,"event_name":"Falling","floor":45,"gold_loss":0}],"is_beta":false,"boss_relics":[{"not_picked":["Cursed Key","Runic Pyramid"],"picked":"SacredBark"},{"not_picked":["Tiny House","Snecko Eye"],"picked":"SlaversCollar"}],"items_purged_floors":[11,28],"is_endless":false,"potions_floor_spawned":[3,8,10,16,18,22,23,30,44,48],"ascension_level":7}}