{"host":"enhox8ej0lkxgw9g","time":1612771802,"event":{"mods":["BaseMod","Downfall","Googly Eyes","Hermit","Minty Spire (QoL Compilation)","StSLib"],"gold_per_floor":[99,113,132,307,307,307,307,307,307,80,80,95,150,169,180,278,278,178,194,209,209,209,209],"floor_reached":21,"language":"ENG","playtime":2266,"items_purged":["Slimebound:Strike_Slimebound"],"score":169,"play_id":"00e3bd4a-be6d-46fc-a0ea-66cc805d7728","local_time":"20210208011002","is_ascension_mode":false,"campfire_choices":[{"data":"Slimebound:Split","floor":1,"key":"SMITH"},{"floor":8,"key":"RECALL"},{"data":"Slimebound:OozeBath","floor":11,"key":"SMITH"},{"data":"Slimebound:MassFeed","floor":18,"key":"SMITH"}],"circlet_count":0,"master_deck":["Slimebound:Strike_Slimebound","Slimebound:Strike_Slimebound","Slimebound:Tackle","Slimebound:Defend_Slimebound","Slimebound:Defend_Slimebound","Slimebound:Defend_Slimebound","Slimebound:Defend_Slimebound","Slimebound:Split+1","Slimebound:CorrosiveSpit","Slimebound:Grow","Slimebound:RejuvenatingLick","Doubt","Slimebound:PrepareCrush","Slimebound:OozeBath+1","Slimebound:GoopSpray","Slimebound:TongueLash","Slimebound:Grow","Slimebound:MassFeed+1","Slimebound:SplitAcid+1"],"relics":["Slimebound:AbsorbEndCombat","Blue Candle","downfall:BrokenWingStatue","Matryoshka","Ornamental Fan","Black Star","downfall:HeartBlessingRed"],"acts_visited":["Exordium","TheCity"],"potions_floor_usage":[10,16,19,20],"damage_taken":[{"damage":3,"enemies":"2 Louse","floor":2,"turns":2},{"damage":0,"enemies":"Small Slimes","floor":3,"turns":4},{"damage":10,"enemies":"downfall:FleeingMerchant","floor":10,"turns":4},{"damage":4,"enemies":"Jaw Worm","floor":12,"turns":4},{"damage":30,"enemies":"3 Sentries","floor":13,"turns":9},{"damage":2,"enemies":"Blue Slaver","floor":14,"turns":3},{"damage":13,"enemies":"3 Louse","floor":15,"turns":4},{"damage":20,"enemies":"SI_SHIV_ARCHETYPE","floor":16,"turns":7},{"damage":23,"enemies":"Shell Parasite","floor":19,"turns":4},{"damage":31,"enemies":"Snake Plant","floor":20,"turns":5},{"damage":54,"enemies":"downfall:Augmenter","floor":21,"turns":5}],"seed_played":"1331823886053675040","potions_obtained":[{"floor":2,"key":"AttackPotion"},{"floor":13,"key":"LiquidBronze"},{"floor":14,"key":"Slimebound:SlimedPotion"},{"floor":16,"key":"Dexterity Potion"}],"is_trial":false,"path_per_floor":["R","M","M","?","?","?","T","R","?","$","R","M","?","M","M","B",null,"R","M","M","?"],"character_chosen":"SLIMEBOUND","items_purchased":["Slimebound:OozeBath"],"campfire_rested":0,"item_purchase_floors":[10],"current_hp_per_floor":[71,70,71,71,66,66,66,66,66,60,60,62,40,42,37,25,71,71,54,29,0,0,0],"gold":209,"neow_bonus":"TEN_PERCENT_HP_BONUS","is_daily":false,"chose_seed":false,"campfire_upgraded":3,"win_rate":0.0,"timestamp":1612771802,"path_taken":["R","M","M","?","?","?","T","R","?","$","R","M","?","M","M","BOSS","R","M","M","?"],"items_purchased_type":["Card"],"build_version":"2020-12-22","purchased_purges":1,"victory":false,"max_hp_per_floor":[71,71,71,71,71,71,71,71,71,71,71,71,71,71,71,71,71,71,71,71,71,71,71],"card_choices":[{"not_picked":["Slimebound:FinishingTackle","Slimebound:SplitBruiser"],"picked":"Slimebound:Grow","floor":2},{"not_picked":["Slimebound:Schlurp","Slimebound:SplitMire"],"picked":"Slimebound:RejuvenatingLick","floor":3},{"not_picked":["Slimebound:GoopSpray","Slimebound:TongueLash"],"picked":"Slimebound:PrepareCrush","floor":10},{"not_picked":["Slimebound:HauntingLick","Slimebound:FlameTackle"],"picked":"Slimebound:GoopSpray","floor":12},{"not_picked":["Slimebound:LivingWall","Slimebound:BestDefense"],"picked":"Slimebound:TongueLash","floor":13},{"not_picked":["Slimebound:ComboTackle","Slimebound:DisruptingSlam","Slimebound:GrowthPunch"],"picked":"SKIP","floor":14},{"not_picked":["Slimebound:ItLooksTasty","Slimebound:PressTheAttack"],"picked":"Slimebound:Grow","floor":15},{"not_picked":["Slimebound:FirmFortitude","Slimebound:PrepareCrush"],"picked":"Slimebound:MassFeed","floor":16},{"not_picked":["Slimebound:LeechingTouch","Slimebound:ForwardTackle","Slimebound:DisruptingSlam"],"picked":"SKIP","floor":19},{"not_picked":["Slimebound:SplitMire","Slimebound:HauntingLick"],"picked":"Slimebound:SplitAcid+1","floor":20}],"player_experience":106094,"relics_obtained":[{"floor":7,"key":"Matryoshka"},{"floor":13,"key":"Ornamental Fan"}],"event_choices":[],"is_beta":false,"boss_relics":[{"not_picked":["Runic Pyramid","Astrolabe"],"picked":"Black Star"}],"items_purged_floors":[10],"is_endless":false,"potions_floor_spawned":[2,13,14,16],"killed_by":"downfall:Augmenter","ascension_level":0}}