{"host":"j14jowy3nc3m7wd7","time":1612807773,"event":{"mods":["AchievementEnabler","BaseMod","Bestiary","Curses Come First","Minty Spire (QoL Compilation)","Permanent Neow","Relic Stats","StSLib"],"gold_per_floor":[119,132,90,390,402,427,427,484,507,507,526,539,539,557,557,628,628,647,658,108,108,108],"floor_reached":21,"language":"ENG","playtime":928,"items_purged":["Strike_G"],"score":362,"play_id":"d8edf519-b355-4d80-853c-4f6de8c2aad9","local_time":"20210208100933","is_ascension_mode":true,"campfire_choices":[{"data":"Skewer","floor":7.0,"key":"SMITH"},{"floor":10.0,"key":"REST"},{"floor":13.0,"key":"REST"},{"data":"Outmaneuver","floor":15.0,"key":"SMITH"}],"circlet_count":0,"master_deck":["AscendersBane","Strike_G","Strike_G","Strike_G","Strike_G","Defend_G","Defend_G","Defend_G","Defend_G","Defend_G","Survivor","Neutralize","Skewer+1","Blade Dance","Bouncing Flask","Poisoned Stab","Outmaneuver+1","Blur","Deadly Poison","Night Terror","Dash","Footwork"],"relics":["Ring of the Snake","Old Coin","Dream Catcher","Potion Belt","Orichalcum","Fusion Hammer","ClockworkSouvenir","Ginger"],"acts_visited":["Exordium","TheCity"],"potions_floor_usage":[16,16,18],"damage_taken":[{"damage":3.0,"enemies":"Cultist","floor":1.0,"turns":4.0},{"damage":2.0,"enemies":"2 Louse","floor":2.0,"turns":3.0},{"damage":2.0,"enemies":"Jaw Worm","floor":5.0,"turns":3.0},{"damage":10.0,"enemies":"Lagavulin","floor":6.0,"turns":6.0},{"damage":22.0,"enemies":"Gremlin Nob","floor":8.0,"turns":4.0},{"damage":11.0,"enemies":"Lots of Slimes","floor":11.0,"turns":6.0},{"damage":11.0,"enemies":"Gremlin Gang","floor":12.0,"turns":5.0},{"damage":5.0,"enemies":"Large Slime","floor":14.0,"turns":5.0},{"damage":5,"enemies":"Slime Boss","floor":16,"turns":8},{"damage":11,"enemies":"3 Byrds","floor":18,"turns":5},{"damage":39,"enemies":"Shell Parasite","floor":19,"turns":5},{"damage":10,"enemies":"Snake Plant","floor":21,"turns":1}],"seed_played":"1918657053895380215","potions_obtained":[{"floor":0.0,"key":"Weak Potion"},{"floor":0.0,"key":"Block Potion"},{"floor":8.0,"key":"ColorlessPotion"},{"floor":11.0,"key":"PowerPotion"},{"floor":16,"key":"Weak Potion"},{"floor":19,"key":"SteroidPotion"}],"is_trial":false,"path_per_floor":["M","M","$","T","M","E","R","?","T","R","M","M","R","M","R","B",null,"M","M","$","M"],"character_chosen":"THE_SILENT","items_purchased":["Bouncing Flask","ClockworkSouvenir","Ginger"],"campfire_rested":2,"item_purchase_floors":[3,20,20],"current_hp_per_floor":[56,54,54,54,52,42,42,20,20,39,28,17,36,31,31,26,56,45,6,6,0,0],"gold":108,"neow_bonus":"THREE_SMALL_POTIONS","is_daily":false,"chose_seed":false,"campfire_upgraded":2,"win_rate":0.0,"timestamp":1612807773,"path_taken":["M","M","?","?","M","E","R","?","T","R","M","M","R","M","R","BOSS","M","M","$","M"],"items_purchased_type":["Card","Relic","Relic"],"build_version":"2020-12-22","purchased_purges":1,"victory":false,"max_hp_per_floor":[66,66,66,66,66,66,66,66,66,66,66,66,66,66,66,66,66,66,66,66,66,66],"relic_stats":{"Dream Catcher":2,"counters":[12,55],"Ginger":[0],"Orichalcum":[54],"obtain_stats":[{"Potion Belt":8,"Dream Catcher":6,"Fusion Hammer":17,"Ginger":20,"Orichalcum":9,"Ring of the Snake":0,"Old Coin":4,"ClockworkSouvenir":20},{"Potion Belt":5,"Dream Catcher":4,"Fusion Hammer":9,"Ginger":11,"Orichalcum":5,"Ring of the Snake":0,"Old Coin":2,"ClockworkSouvenir":11},{"Potion Belt":20,"Dream Catcher":16,"Fusion Hammer":44,"Ginger":54,"Orichalcum":20,"Ring of the Snake":0,"Old Coin":7,"ClockworkSouvenir":54}],"Ring of the Snake":[24]},"card_choices":[{"not_picked":["Masterful Stab","Riddle With Holes"],"picked":"Skewer","floor":1.0},{"not_picked":["Backstab","Acrobatics"],"picked":"Blade Dance","floor":2.0},{"not_picked":["PiercingWail","Eviscerate"],"picked":"Poisoned Stab","floor":5.0},{"not_picked":["Dagger Throw","Poisoned Stab","Sucker Punch"],"picked":"SKIP","floor":6.0},{"not_picked":["Acrobatics","Heel Hook"],"picked":"Outmaneuver","floor":8.0},{"not_picked":["Backflip","Dagger Spray"],"picked":"Blur","floor":10.0},{"not_picked":["Underhanded Strike","A Thousand Cuts","Poisoned Stab"],"picked":"SKIP","floor":11.0},{"not_picked":["Riddle With Holes","Dodge and Roll"],"picked":"Deadly Poison","floor":12.0},{"not_picked":["PiercingWail","Caltrops","Acrobatics"],"picked":"SKIP","floor":14.0},{"not_picked":["Corpse Explosion","Phantasmal Killer"],"picked":"Night Terror","floor":16},{"not_picked":["Masterful Stab","Sucker Punch"],"picked":"Dash","floor":18},{"not_picked":["Prepared","Deflect"],"picked":"Footwork","floor":19}],"player_experience":8919,"relics_obtained":[{"floor":4.0,"key":"Old Coin"},{"floor":6.0,"key":"Dream Catcher"},{"floor":8.0,"key":"Potion Belt"},{"floor":9.0,"key":"Orichalcum"}],"event_choices":[{"damage_healed":0.0,"max_hp_gain":0.0,"max_hp_loss":0.0,"gold_gain":0.0,"event_name":"Dead Adventurer","player_choice":"Searched \u00272\u0027 times","floor":8.0,"gold_loss":0.0,"damage_taken":0.0}],"is_beta":false,"boss_relics":[{"not_picked":["Coffee Dripper","Sozu"],"picked":"Fusion Hammer"}],"items_purged_floors":[20],"is_endless":false,"potions_floor_spawned":[2,8,11,16,19],"killed_by":"Snake Plant","ascension_level":20}}