{"host":"5ob2rl967gmq8n3v","time":1612771847,"event":{"mods":["BaseMod","Downfall","Minty Spire (QoL Compilation)","StSLib"],"gold_per_floor":[99,119,149,160,172,184,234,234,234,248,266,301,320,5,18,120,120,20,32,46,31,48,148,196,222,107,7,40,87,116,135,145,244,244,144,163,183,232,249,280,280,59,59,83,111,161,161,161,176,176,176,203,5,5,5,5,5,5],"floor_reached":56,"language":"ENG","playtime":4712,"items_purged":["champ:Strike","champ:Strike","champ:Strike"],"score":1094,"play_id":"c80f7fa3-e4d4-49da-9b87-c36300e5015b","local_time":"20210208181047","is_ascension_mode":false,"campfire_choices":[{"floor":1,"key":"RECALL"},{"data":"champ:StrikeOfGenius","floor":18,"key":"SMITH"},{"floor":27,"key":"REST"},{"data":"champ:ShieldWall","floor":35,"key":"SMITH"},{"data":"champ:HoldFirm","floor":43,"key":"SMITH"},{"floor":47,"key":"REST"},{"floor":54,"key":"REST"}],"circlet_count":0,"master_deck":["champ:Strike","champ:Defend","champ:Defend","champ:Defend","champ:Defend","champ:Execute","champ:Taunt","champ:GutPunch","champ:Haymaker","champ:FaceSlap","champ:Devastate","champ:Shatter","champ:Backstep","champ:CalledShot","champ:PerfectedStrike","champ:ShieldWall+1","champ:BringItOn","champ:StrikeOfGenius+1","champ:Backstep","champ:BerserkersShout","champ:BerserkersShout","champ:AdrenalArmor","champ:CheapShot","champ:SetATrap","champ:BladeFlurry","champ:SkillfulDodge","champ:ShieldThrow","champ:IronFortress","champ:HoldFirm+1","champ:FlashCut","champ:FocusedDefense+1","champ:IronFortress+1","champ:BringItOn+1","champ:ShieldWall","champ:Backstep+1","champ:FalseCounter+1","champ:ArenaPreparation"],"relics":["champ:ChampionCrown","Happy Flower","Potion Belt","Lizard Tail","Art of War","Orichalcum","Velvet Choker","downfall:HeartBlessingRed","champ:BlackKnightHelmet","Bottled Flame","WingedGreaves","downfall:HeartBlessingBlue","MawBank","HornCleat","Bronze Scales","Philosopher\u0027s Stone","downfall:HeartBlessingGreen","champ:GladiatorsBookOfMartialProwess","Dead Branch","Bottled Lightning","OrangePellets","Bag of Marbles","Question Card","Ice Cream","Guardian:PocketSentry"],"acts_visited":["Exordium","TheCity","TheBeyond","TheEnding"],"potions_floor_usage":[12,16,23,23,30,31,31,45,50,50,55,55,55,55],"damage_taken":[{"damage":10,"enemies":"Small Slimes","floor":2,"turns":3},{"damage":20,"enemies":"Cultist","floor":4,"turns":3},{"damage":10,"enemies":"2 Louse","floor":5,"turns":2},{"damage":30,"enemies":"Exordium Wildlife","floor":6,"turns":4},{"damage":10,"enemies":"Large Slime","floor":10,"turns":3},{"damage":10,"enemies":"3 Louse","floor":11,"turns":2},{"damage":23,"enemies":"Lagavulin","floor":12,"turns":5},{"damage":10,"enemies":"2 Fungi Beasts","floor":13,"turns":3},{"damage":0,"enemies":"downfall:FleeingMerchant","floor":14,"turns":4},{"damage":0,"enemies":"Exordium Wildlife","floor":15,"turns":3},{"damage":51,"enemies":"IC_STATUS_ARCHETYPE","floor":16,"turns":8},{"damage":0,"enemies":"Spheric Guardian","floor":19,"turns":3},{"damage":10,"enemies":"Snecko","floor":20,"turns":5},{"damage":21,"enemies":"downfall:FleeingMerchant","floor":21,"turns":4},{"damage":40,"enemies":"Centurion and Healer","floor":22,"turns":6},{"damage":35,"enemies":"Centurion and Healer","floor":23,"turns":6},{"damage":69,"enemies":"Gremlin Leader","floor":25,"turns":6},{"damage":20,"enemies":"downfall:FleeingMerchant","floor":26,"turns":5},{"damage":20,"enemies":"Book of Stabbing","floor":28,"turns":5},{"damage":25,"enemies":"downfall:FleeingMerchant","floor":29,"turns":3},{"damage":34,"enemies":"Slavers","floor":30,"turns":5},{"damage":15,"enemies":"Chosen and Byrds","floor":31,"turns":5},{"damage":34,"enemies":"Cultist and Chosen","floor":32,"turns":6},{"damage":28,"enemies":"WA_ARCHETYPE_CALM","floor":33,"turns":8},{"damage":40,"enemies":"3 Darklings","floor":36,"turns":5},{"damage":5,"enemies":"3 Shapes","floor":37,"turns":4},{"damage":27,"enemies":"2 Orb Walkers","floor":38,"turns":5},{"damage":30,"enemies":"Spire Growth","floor":39,"turns":5},{"damage":55,"enemies":"Giant Head","floor":40,"turns":7},{"damage":58,"enemies":"Reptomancer","floor":45,"turns":4},{"damage":11,"enemies":"Reptomancer","floor":46,"turns":4},{"damage":0,"enemies":"Sphere and 2 Shapes","floor":49,"turns":4},{"damage":149,"enemies":"DF_ARCHETYPE_ORBS","floor":50,"turns":10},{"damage":47,"enemies":"downfall:CharBossMerchant","floor":52,"turns":8},{"damage":51,"enemies":"downfall:NeowBoss","floor":55,"turns":11},{"damage":130,"enemies":"downfall:NeowBossFinal","floor":56,"turns":9}],"seed_played":"6108811531747562452","potions_obtained":[{"floor":2,"key":"FearPotion"},{"floor":5,"key":"Ancient Potion"},{"floor":6,"key":"Energy Potion"},{"floor":11,"key":"ColorlessPotion"},{"floor":12,"key":"SteroidPotion"},{"floor":15,"key":"Dexterity Potion"},{"floor":20,"key":"FearPotion"},{"floor":22,"key":"sneckomod:MuddlingPotion"},{"floor":30,"key":"AttackPotion"},{"floor":31,"key":"PowerPotion"},{"floor":32,"key":"DuplicationPotion"},{"floor":33,"key":"Explosive Potion"},{"floor":38,"key":"BlessingOfTheForge"},{"floor":40,"key":"EssenceOfSteel"},{"floor":46,"key":"EssenceOfSteel"},{"floor":52,"key":"SmokeBomb"}],"is_trial":false,"path_per_floor":["R","M","?","M","M","M","T","?","?","M","M","E","M","$","M","B",null,"R","M","M","$","M","?","T","E","$","R","E","$","E","M","M","B",null,"R","M","M","?","M","E","T","$","R","?","E","?","R","?","M","B",null,"E","$","R","B","B"],"character_chosen":"THE_CHAMP","items_purchased":["Orichalcum","champ:ShieldWall","HornCleat","Block Potion","OrangePellets","champ:ShieldWall","LiquidBronze"],"campfire_rested":3,"item_purchase_floors":[14,14,29,29,42,42,53],"current_hp_per_floor":[99,99,99,99,99,84,84,72,72,72,72,64,64,64,64,38,99,99,99,99,98,78,68,68,54,54,96,91,91,77,77,58,50,109,109,89,89,62,57,37,37,37,37,37,54,53,85,85,85,4,109,87,87,109,83,0,0,0],"gold":5,"neow_bonus":"TEN_PERCENT_HP_BONUS","is_daily":false,"chose_seed":false,"campfire_upgraded":3,"win_rate":0.0,"timestamp":1612771847,"path_taken":["R","M","?","M","M","M","T","?","?","M","?","E","M","$","M","BOSS","R","M","M","$","M","?","T","E","$","R","E","$","E","M","M","BOSS","R","M","M","?","M","E","T","$","R","?","E","?","R","?","M","BOSS","E","$","R","BOSS","BOSS"],"items_purchased_type":["Relic","Card","Relic","Potion","Relic","Card","Potion"],"build_version":"2020-12-22","purchased_purges":3,"victory":false,"max_hp_per_floor":[99,99,99,99,99,99,99,99,99,99,99,99,99,99,99,99,99,99,99,99,99,99,99,99,99,99,109,109,109,109,109,109,109,109,109,109,109,109,109,109,109,109,109,109,109,109,109,109,109,109,109,109,109,109,109,109,109,109],"card_choices":[{"not_picked":["champ:EnGarde","champ:Backstep"],"picked":"champ:GutPunch","floor":2},{"not_picked":["champ:PerfectedStrike","champ:FalseCounter"],"picked":"champ:Haymaker","floor":4},{"not_picked":["champ:RisingSlash","champ:SetATrap"],"picked":"champ:FaceSlap","floor":5},{"not_picked":["champ:RapidStrikes","champ:FlashCut"],"picked":"champ:Devastate","floor":6},{"not_picked":["champ:GutPunch","champ:SkillfulDodge"],"picked":"champ:PreciseThrust","floor":10},{"not_picked":["champ:RapidStrikes","champ:EnGarde"],"picked":"champ:Shatter","floor":11},{"not_picked":["champ:FlashCut","champ:DancingMaster"],"picked":"champ:Backstep","floor":12},{"not_picked":["champ:PreemptiveStrike","champ:FanOfKnives"],"picked":"champ:CalledShot","floor":13},{"not_picked":["champ:Duel","champ:DancingMaster"],"picked":"champ:PerfectedStrike","floor":14},{"not_picked":["champ:AdrenalArmor","champ:Shatter"],"picked":"champ:BringItOn","floor":15},{"not_picked":["champ:UltimateStance","champ:VampiricStrike"],"picked":"champ:StrikeOfGenius","floor":16},{"not_picked":["champ:PerfectedStrike+1","champ:Lariat"],"picked":"champ:Backstep","floor":19},{"not_picked":["champ:CrownThrow","champ:FlashCut"],"picked":"champ:BerserkersShout","floor":20},{"not_picked":["champ:GutPunch","champ:BringItOn"],"picked":"champ:BerserkersShout","floor":21},{"not_picked":["champ:BerserkersShout","champ:BringItOn"],"picked":"champ:AdrenalArmor","floor":22},{"not_picked":["champ:Haymaker","champ:EnGarde"],"picked":"champ:CheapShot","floor":23},{"not_picked":["champ:GutPunch","champ:FocusedBerserking"],"picked":"champ:SetATrap","floor":25},{"not_picked":["champ:BringItOn","champ:CalledShot"],"picked":"champ:BladeFlurry","floor":26},{"not_picked":["champ:AdrenalArmor","champ:FanOfKnives+1"],"picked":"champ:SkillfulDodge","floor":28},{"not_picked":["champ:CrownThrow+1","champ:ArenaPreparation"],"picked":"champ:ShieldThrow","floor":29},{"not_picked":["champ:Shatter","champ:SwordThrow","champ:Duel"],"picked":"SKIP","floor":30},{"not_picked":["champ:FanOfKnives","champ:ShieldSlam"],"picked":"champ:IronFortress","floor":31},{"not_picked":["champ:Endure","champ:PerfectedStrike","champ:FocusedBerserking"],"picked":"SKIP","floor":32},{"not_picked":["champ:MurderStrike","champ:VampiricStrike"],"picked":"champ:HoldFirm","floor":33},{"not_picked":["champ:GladiatorStyle","champ:Parry"],"picked":"champ:FlashCut","floor":36},{"not_picked":["champ:DeathBlow+1","champ:Circumvent","champ:SkillfulDodge"],"picked":"SKIP","floor":37},{"not_picked":["champ:StanceDance+1","champ:FocusedBerserking+1"],"picked":"champ:FocusedDefense+1","floor":38},{"not_picked":["champ:RisingSlash+1","champ:GutPunch"],"picked":"champ:IronFortress+1","floor":39},{"not_picked":["champ:PreemptiveStrike","champ:DefensiveShout"],"picked":"champ:BringItOn+1","floor":40},{"not_picked":["champ:FocusedDefense","champ:FaceSlap"],"picked":"champ:Backstep+1","floor":45},{"not_picked":["champ:Encircle","champ:GutPunch","champ:StanceDance"],"picked":"champ:FalseCounter+1","floor":49},{"not_picked":["champ:Haymaker","champ:TripleStrike","champ:BringItOn"],"picked":"champ:ArenaPreparation","floor":52}],"player_experience":1539926,"relics_obtained":[{"floor":7,"key":"Potion Belt"},{"floor":12,"key":"Art of War"},{"floor":23,"key":"champ:BlackKnightHelmet"},{"floor":23,"key":"Bottled Flame"},{"floor":25,"key":"WingedGreaves"},{"floor":28,"key":"MawBank"},{"floor":30,"key":"Bronze Scales"},{"floor":38,"key":"champ:GladiatorsBookOfMartialProwess"},{"floor":40,"key":"Dead Branch"},{"floor":41,"key":"Bottled Lightning"},{"floor":44,"key":"Bag of Marbles"},{"floor":45,"key":"Question Card"},{"floor":46,"key":"Ice Cream"},{"floor":52,"key":"Guardian:PocketSentry"}],"event_choices":[{"damage_healed":0,"gold_gain":0,"player_choice":"Success","damage_taken":12,"relics_obtained":["Lizard Tail"],"max_hp_gain":0,"max_hp_loss":0,"event_name":"Scrap Ooze","floor":8,"gold_loss":0},{"damage_healed":0,"gold_gain":0,"player_choice":"Ignored","damage_taken":0,"max_hp_gain":0,"max_hp_loss":0,"event_name":"NoteForYourself","floor":9,"gold_loss":0},{"damage_healed":0,"gold_gain":0,"player_choice":"Fight","damage_taken":0,"max_hp_gain":0,"max_hp_loss":0,"event_name":"Mysterious Sphere","floor":38,"gold_loss":0},{"cards_removed":["champ:PreciseThrust"],"damage_healed":0,"gold_gain":0,"player_choice":"Removed Attack","damage_taken":0,"max_hp_gain":0,"max_hp_loss":0,"event_name":"Falling","floor":48,"gold_loss":0}],"is_beta":false,"boss_relics":[{"not_picked":["Pandora\u0027s Box","Astrolabe"],"picked":"Velvet Choker"},{"not_picked":["Sozu","Runic Pyramid"],"picked":"Philosopher\u0027s Stone"}],"items_purged_floors":[14,26,53],"is_endless":false,"potions_floor_spawned":[2,5,6,11,12,15,20,22,30,31,32,33,37,38,40,46,49,52],"killed_by":"downfall:NeowBossFinal","ascension_level":0}}