{"host":"gk5m6v7zec9neb0j","time":1612753890,"event":{"mods":["AchievementEnabler","AlwaysNeverKeys","BaseMod","BetterRewards","Block Reminder","Minty Spire (QoL Compilation)","Rare Cards Sparkle","Relic Stats","StSLib"],"gold_per_floor":[115,133,148,98,108,134,9,9,33,33,46,75,75,105,105,205,205,224,224,78,95,109,142,57,57,105,117,117,117,144,104,104,202,202,212,65,83,83,97,129,146,181,181,195,205,59,0,11,11,11,11,11,11,39,39,39],"floor_reached":55,"language":"ENG","playtime":1818,"items_purged":["Strike_R","Strike_R","Strike_R"],"score":762,"play_id":"bb8cbbcf-16ee-4079-8474-362df16faa40","local_time":"20210207221130","is_ascension_mode":false,"campfire_choices":[{"data":"Bash","floor":8,"key":"SMITH"},{"data":"Heavy Blade","floor":10,"key":"SMITH"},{"floor":15,"key":"REST"},{"data":"Inflame","floor":25,"key":"SMITH"},{"floor":32,"key":"REST"},{"floor":49,"key":"REST"},{"data":"Heavy Blade","floor":52,"key":"SMITH"}],"circlet_count":0,"master_deck":["Strike_R+1","Defend_R","Defend_R","Defend_R","Defend_R+1","Bash+1","Shrug It Off","Inflame","Inflame+1","Seeing Red","Twin Strike","Twin Strike","Spot Weakness+1","Heavy Blade+1","Shrug It Off+1","Seeing Red","Metallicize","Headbutt","Shrug It Off","Heavy Blade+1"],"relics":["Burning Blood","Happy Flower","DollysMirror","Orichalcum","Strawberry","Dream Catcher","Gremlin Horn","Pantograph","Busted Crown","ClockworkSouvenir","Nunchaku","Tiny Chest","Juzu Bracelet","Toy Ornithopter","SacredBark","War Paint","Darkstone Periapt","Frozen Egg 2","Shovel","Bag of Marbles","Red Mask","Bag of Preparation"],"acts_visited":["Exordium","TheCity","TheBeyond","TheEnding"],"potions_floor_usage":[22,30,42,50],"damage_taken":[{"damage":1,"enemies":"Cultist","floor":1,"turns":4},{"damage":10,"enemies":"Jaw Worm","floor":2,"turns":5},{"damage":0,"enemies":"Small Slimes","floor":3,"turns":2},{"damage":10,"enemies":"3 Louse","floor":5,"turns":4},{"damage":13,"enemies":"Lagavulin","floor":6,"turns":5},{"damage":0,"enemies":"Large Slime","floor":11,"turns":4},{"damage":17,"enemies":"3 Sentries","floor":12,"turns":5},{"damage":9,"enemies":"Gremlin Nob","floor":14,"turns":3},{"damage":43,"enemies":"Slime Boss","floor":16,"turns":7},{"damage":12,"enemies":"Shell Parasite","floor":18,"turns":3},{"damage":11,"enemies":"Spheric Guardian","floor":21,"turns":4},{"damage":4,"enemies":"3 Cultists","floor":22,"turns":4},{"damage":24,"enemies":"Slavers","floor":23,"turns":6},{"damage":0,"enemies":"Centurion and Healer","floor":27,"turns":4},{"damage":12,"enemies":"Book of Stabbing","floor":30,"turns":4},{"damage":45,"enemies":"Automaton","floor":33,"turns":8},{"damage":20,"enemies":"3 Darklings","floor":35,"turns":6},{"damage":4,"enemies":"Orb Walker","floor":37,"turns":3},{"damage":7,"enemies":"Jaw Worm Horde","floor":39,"turns":4},{"damage":46,"enemies":"Giant Head","floor":40,"turns":8},{"damage":24,"enemies":"Maw","floor":41,"turns":6},{"damage":36,"enemies":"Nemesis","floor":42,"turns":7},{"damage":8,"enemies":"4 Shapes","floor":44,"turns":6},{"damage":9,"enemies":"Sphere and 2 Shapes","floor":45,"turns":5},{"damage":7,"enemies":"Spire Growth","floor":48,"turns":4},{"damage":86,"enemies":"Awakened One","floor":50,"turns":8},{"damage":50,"enemies":"Shield and Spear","floor":54,"turns":7},{"damage":78,"enemies":"The Heart","floor":55,"turns":5}],"seed_played":"1682346248114227964","potions_obtained":[{"floor":12,"key":"FairyPotion"},{"floor":16,"key":"Explosive Potion"},{"floor":23,"key":"Fire Potion"},{"floor":30,"key":"CultistPotion"},{"floor":35,"key":"BloodPotion"},{"floor":45,"key":"SteroidPotion"}],"is_trial":false,"path_per_floor":["M","M","M","?","M","E","$","R","T","R","M","E","T","E","R","B",null,"M","?","$","M","M","E","?","R","T","M","?","$","E","?","R","B",null,"M","$","M","$","M","E","M","E","T","M","M","$","?","M","R","B",null,"R","$","E","B"],"character_chosen":"IRONCLAD","items_purchased":["Happy Flower","Shrug It Off","Inflame","DollysMirror","Seeing Red","Twin Strike","ClockworkSouvenir","War Paint","Bag of Marbles"],"campfire_rested":3,"item_purchase_floors":[0,0,0,0,0,0,20,36,46],"current_hp_per_floor":[49,45,51,51,47,40,40,40,47,47,53,42,42,39,65,50,87,81,81,81,76,78,60,60,60,60,66,49,49,43,43,70,53,92,78,78,80,80,79,39,21,32,32,30,27,27,27,26,53,61,92,92,92,48,0,0],"gold":39,"neow_bonus":"","is_daily":false,"chose_seed":false,"campfire_upgraded":4,"win_rate":0.0,"timestamp":1612753890,"path_taken":["M","?","M","?","M","E","$","R","T","R","M","E","?","E","R","BOSS","M","?","$","M","M","E","?","R","T","M","?","$","E","?","R","BOSS","M","$","M","$","M","E","M","E","T","M","M","$","?","M","R","BOSS","R","$","E","BOSS"],"items_purchased_type":["Relic","Card","Card","Relic","Card","Card","Relic","Relic","Relic"],"build_version":"2020-12-22","purchased_purges":3,"victory":false,"max_hp_per_floor":[80,80,80,80,80,80,80,80,87,87,87,87,87,87,87,87,87,87,87,87,87,87,87,87,87,87,87,92,92,92,92,92,92,92,92,92,92,92,92,92,92,92,92,92,92,92,92,92,92,92,92,92,92,92,92,92],"relic_stats":{"Darkstone Periapt":0,"Happy Flower":[47],"Gremlin Horn":[21,21],"counters":[105,593],"Juzu Bracelet":0,"Bag of Preparation":[2],"Orichalcum":[162],"War Paint":["Defend_R","Shrug It Off"],"Burning Blood":771,"Dream Catcher":3,"Nunchaku":[13],"Busted Crown":38,"Shovel":0,"Pantograph":94,"Tiny Chest":0,"obtain_stats":[{"Calipers":24,"Gremlin Horn":13,"Vajra":0,"Whetstone":43,"Bottled Tornado":31,"Sundial":11,"DollysMirror":0,"Strawberry":44,"MealTicket":9,"Prayer Wheel":0,"Kunai":10,"Toxic Egg 2":43,"Happy Flower":0,"Oddly Smooth Stone":0,"War Paint":6,"CultistMask":27,"Black Star":17,"Pocketwatch":17,"Darkstone Periapt":26,"Regal Pillow":41,"Singing Bowl":0,"SacredBark":34,"Black Blood":17,"Magic Flower":0,"StoneCalendar":22,"Juzu Bracelet":25,"Bag of Preparation":54,"PrismaticShard":19,"Empty Cage":34,"Burning Blood":0,"ClockworkSouvenir":0,"Dream Catcher":17,"Nunchaku":23,"Shovel":0,"Pantograph":9,"Tiny Chest":24,"Red Mask":47,"Paper Frog":0,"Frozen Egg 2":0,"Odd Mushroom":8,"Orichalcum":6,"White Beast Statue":22,"Mercury Hourglass":26,"Calling Bell":17,"Busted Crown":17,"Ornamental Fan":17,"Turnip":14,"Bag of Marbles":12,"Champion Belt":0,"Bottled Lightning":26,"Toy Ornithopter":30},{"Calipers":64,"Gremlin Horn":84,"Vajra":0,"Whetstone":20,"Bottled Tornado":15,"Sundial":45,"DollysMirror":77,"Strawberry":74,"MealTicket":3,"Prayer Wheel":39,"Kunai":45,"Toxic Egg 2":74,"Happy Flower":77,"Oddly Smooth Stone":0,"War Paint":57,"CultistMask":65,"Black Star":47,"Pocketwatch":31,"Darkstone Periapt":65,"Regal Pillow":73,"Singing Bowl":0,"SacredBark":93,"Black Blood":7,"Magic Flower":77,"StoneCalendar":50,"Juzu Bracelet":35,"Bag of Preparation":104,"PrismaticShard":32,"Empty Cage":69,"Burning Blood":0,"ClockworkSouvenir":0,"Dream Catcher":31,"Nunchaku":90,"Shovel":0,"Pantograph":28,"Tiny Chest":90,"Red Mask":101,"Paper Frog":0,"Frozen Egg 2":0,"Odd Mushroom":45,"Orichalcum":82,"White Beast Statue":63,"Mercury Hourglass":13,"Calling Bell":31,"Busted Crown":86,"Ornamental Fan":31,"Turnip":60,"Bag of Marbles":5,"Champion Belt":0,"Bottled Lightning":35,"Toy Ornithopter":92},{"Calipers":355,"Gremlin Horn":481,"Vajra":0,"Whetstone":116,"Bottled Tornado":78,"Sundial":234,"DollysMirror":452,"Strawberry":424,"MealTicket":13,"Prayer Wheel":208,"Kunai":234,"Toxic Egg 2":424,"Happy Flower":452,"Oddly Smooth Stone":0,"War Paint":318,"CultistMask":361,"Black Star":256,"Pocketwatch":170,"Darkstone Periapt":361,"Regal Pillow":419,"Singing Bowl":0,"SacredBark":524,"Black Blood":34,"Magic Flower":452,"StoneCalendar":278,"Juzu Bracelet":186,"Bag of Preparation":588,"PrismaticShard":173,"Empty Cage":387,"Burning Blood":0,"ClockworkSouvenir":0,"Dream Catcher":170,"Nunchaku":508,"Shovel":0,"Pantograph":155,"Tiny Chest":508,"Red Mask":569,"Paper Frog":0,"Frozen Egg 2":0,"Odd Mushroom":234,"Orichalcum":472,"White Beast Statue":347,"Mercury Hourglass":64,"Calling Bell":170,"Busted Crown":491,"Ornamental Fan":170,"Turnip":328,"Bag of Marbles":23,"Champion Belt":0,"Bottled Lightning":186,"Toy Ornithopter":516}],"Toy Ornithopter":10},"card_choices":[{"not_picked":["Clash","Perfected Strike"],"picked":"Twin Strike","floor":1},{"not_picked":["Infernal Blade","Thunderclap"],"picked":"Spot Weakness","floor":2},{"not_picked":["Disarm","Dropkick","Dual Wield"],"picked":"SKIP","floor":3},{"not_picked":["Power Through","Cleave"],"picked":"Heavy Blade","floor":5},{"not_picked":["Clothesline","Brutality"],"picked":"Shrug It Off","floor":6},{"not_picked":["Burning Pact","Flame Barrier"],"picked":"Seeing Red","floor":11},{"not_picked":["Iron Wave","Wild Strike"],"picked":"Metallicize","floor":12},{"not_picked":["Uppercut","Ghostly Armor"],"picked":"Headbutt","floor":14},{"not_picked":["Thunderclap"],"picked":"SKIP","floor":18},{"not_picked":["Power Through"],"picked":"SKIP","floor":21},{"not_picked":["Pummel"],"picked":"SKIP","floor":22},{"not_picked":["Reckless Charge"],"picked":"SKIP","floor":23},{"not_picked":["Dark Embrace"],"picked":"SKIP","floor":27},{"not_picked":["Flame Barrier+1"],"picked":"SKIP","floor":30},{"not_picked":["Havoc"],"picked":"SKIP","floor":35},{"not_picked":["Feel No Pain"],"picked":"SKIP","floor":37},{"not_picked":["Iron Wave"],"picked":"SKIP","floor":39},{"not_picked":[],"picked":"Heavy Blade","floor":40},{"not_picked":["Twin Strike+1"],"picked":"SKIP","floor":41},{"not_picked":["Shrug It Off"],"picked":"SKIP","floor":42},{"not_picked":["Fiend Fire"],"picked":"SKIP","floor":44},{"not_picked":["Clothesline"],"picked":"SKIP","floor":45},{"not_picked":["Entrench"],"picked":"SKIP","floor":48},{"not_picked":["Second Wind+1"],"picked":"SKIP","floor":54}],"player_experience":798415,"relics_obtained":[{"floor":6,"key":"Orichalcum"},{"floor":9,"key":"Strawberry"},{"floor":12,"key":"Dream Catcher"},{"floor":13,"key":"Gremlin Horn"},{"floor":14,"key":"Pantograph"},{"floor":23,"key":"Nunchaku"},{"floor":26,"key":"Juzu Bracelet"},{"floor":30,"key":"Toy Ornithopter"},{"floor":40,"key":"Darkstone Periapt"},{"floor":42,"key":"Frozen Egg 2"},{"floor":43,"key":"Shovel"},{"floor":54,"key":"Bag of Preparation"}],"event_choices":[{"cards_removed":["Strike_R"],"damage_healed":0,"gold_gain":0,"player_choice":"Card Removal","damage_taken":0,"max_hp_gain":0,"max_hp_loss":0,"event_name":"The Cleric","floor":4,"gold_loss":50},{"damage_healed":0,"gold_gain":0,"player_choice":"Read","damage_taken":0,"max_hp_gain":0,"max_hp_loss":0,"event_name":"The Library","floor":19,"gold_loss":0,"cards_obtained":["Shrug It Off"]},{"damage_healed":0,"gold_gain":0,"player_choice":"Obtained Relic","damage_taken":0,"relics_obtained":["Tiny Chest"],"max_hp_gain":0,"max_hp_loss":0,"event_name":"Addict","floor":24,"gold_loss":85},{"damage_healed":0,"gold_gain":0,"player_choice":"Shed Blood","damage_taken":22,"max_hp_gain":5,"max_hp_loss":0,"event_name":"Forgotten Altar","floor":28,"gold_loss":0},{"damage_healed":0,"gold_gain":0,"player_choice":"Upgraded Two","damage_taken":0,"max_hp_gain":0,"max_hp_loss":0,"event_name":"Designer","floor":31,"gold_loss":40,"cards_upgraded":["Spot Weakness","Strike_R"]},{"damage_healed":0,"gold_gain":0,"player_choice":"Paid","damage_taken":0,"relics_obtained":["Red Mask"],"max_hp_gain":0,"max_hp_loss":0,"event_name":"Tomb of Lord Red Mask","floor":47,"gold_loss":59}],"is_beta":false,"boss_relics":[{"not_picked":["Fusion Hammer","SlaversCollar"],"picked":"Busted Crown"},{"not_picked":["Tiny House","Coffee Dripper"],"picked":"SacredBark"}],"items_purged_floors":[0,0,7],"is_endless":false,"potions_floor_spawned":[3,12,14,16,23,30,35,40,45],"killed_by":"The Heart","ascension_level":0}}