{"host":"qmdmcz5nn4dzus5k","time":1612796003,"event":{"mods":["BaseMod","Bestiary","BetterRewards","Card Filter","Displayed Cursed Tome","Minty Spire (QoL Compilation)","Quick Restart","Relic Filter","Replay The Spire","Spicy Shops","StSLib","TheHero","Uncapped"],"gold_per_floor":[113,388,402,402,124,140,153,153,202,231,231,251,3,178,178,303,303,318,333,333,333,356,356,48,83,130,59,59,72,105,105,105,229,229,244,268,11,11,35,38,38,260,560,579,579,600,619,152,152,152],"floor_reached":51,"language":"ENG","playtime":4841,"items_purged":["Decay","Injury","Replay:Hysterical Blindness"],"score":665,"play_id":"506205c2-482b-4a50-9b66-5c48644a4363","local_time":"20210208095323","is_ascension_mode":false,"campfire_choices":[{"floor":15.0,"key":"REST"},{"floor":23.0,"key":"REST"},{"floor":28.0,"key":"REST"},{"floor":32.0,"key":"REST"},{"floor":41.0,"key":"REST"},{"floor":45.0,"key":"REST"},{"floor":49,"key":"REST"}],"circlet_count":0,"master_deck":["animeID:Deku","animeID:Bakugo","animeID:Smash+1","animeID:Smash+1","animeID:Smash","animeID:Smash","animeID:DefendMH","animeID:DefendMH+1","animeID:DefendMH","animeID:DefendMH","animeID:Hatsume+1","animeID:Kirishima","animeID:TetsuTetsu+1","animeID:Momo+1","Doubt","animeID:AllForOne+1","CurseOfTheBell","Apotheosis+1","animeID:TetsuTetsu+1","animeID:FullCowl","animeID:Rei+1","animeID:AllMight+1","animeID:Dabi+1","animeID:Rei","animeID:MirioTogata+1","animeID:Momo+1","Bandage Up+1"],"relics":["Velvet Choker","Frozen Eye","Gremlin Food","Golden Egg","ReplayFunnel","Replay:Kaleidoscope","Golden Idol","HandDrill","Calling Bell","Pet Ghost","White Beast Statue","Ginger","Vajra","Blue Doll","Red Mask","Bottled Tornado","Black Star","Mirror","InkBottle","ReplayTheSpireMod:CursedCoin","ClockworkSouvenir","Old Coin","Divine Protection"],"acts_visited":["Exordium","TheCity","TheBeyond"],"potions_floor_usage":[50,50],"damage_taken":[{"damage":0.0,"enemies":"Small Slimes","floor":1.0,"turns":1.0},{"damage":0.0,"enemies":"Cultist","floor":3.0,"turns":3.0},{"damage":0.0,"enemies":"2 Louse","floor":6.0,"turns":1.0},{"damage":7.0,"enemies":"Blue Slaver","floor":7.0,"turns":4.0},{"damage":15.0,"enemies":"Gremlin Nob","floor":10.0,"turns":4.0},{"damage":0.0,"enemies":"Large Slime","floor":12.0,"turns":6.0},{"damage":47.0,"enemies":"Fading Forest","floor":16.0,"turns":11.0},{"damage":0.0,"enemies":"Chosen","floor":18.0,"turns":4.0},{"damage":15.0,"enemies":"3 Byrds","floor":19.0,"turns":4.0},{"damage":14.0,"enemies":"Centurion and Healer","floor":22.0,"turns":5.0},{"damage":23.0,"enemies":"Gremlin Leader","floor":25.0,"turns":6.0},{"damage":8.0,"enemies":"Sentry and Sphere","floor":29.0,"turns":4.0},{"damage":22.0,"enemies":"Masked Bandits","floor":30.0,"turns":5.0},{"damage":6.0,"enemies":"Champ","floor":33.0,"turns":11.0},{"damage":11.0,"enemies":"3 Darklings","floor":35.0,"turns":8.0},{"damage":5.0,"enemies":"3 Shapes","floor":36.0,"turns":5.0},{"damage":20.0,"enemies":"3 Darklings","floor":39.0,"turns":8.0},{"damage":27.0,"enemies":"Jaw Worm Horde","floor":44.0,"turns":6.0},{"damage":25,"enemies":"Transient","floor":46,"turns":5},{"damage":17,"enemies":"4 Shapes","floor":47,"turns":6},{"damage":4,"enemies":"Donu and Deca","floor":50,"turns":7}],"seed_played":"3289037487022233637","potions_obtained":[{"floor":1.0,"key":"Fire Potion"},{"floor":10.0,"key":"FearPotion"},{"floor":16.0,"key":"PowerPotion"},{"floor":19.0,"key":"GamblersBrew"},{"floor":22.0,"key":"PowerPotion"},{"floor":25.0,"key":"CultistPotion"},{"floor":30.0,"key":"Weak Potion"},{"floor":35.0,"key":"LiquidMemories"},{"floor":44.0,"key":"Death Potion"}],"is_trial":false,"path_per_floor":["M","?","M","?","$","M","M","?","T","E","?","M","$","?","R","B",null,"M","M","?","?","M","R","$","E","T","$","R","M","?","T","R","B",null,"M","M","$","?","M","$","R","?","T","M","R","M","M","$","R","B",null],"character_chosen":"THE_HERO","items_purchased":["Frozen Eye","Gremlin Food","HandDrill","Apotheosis","animeID:TetsuTetsu+1","animeID:Rei","Mirror","ReplayTheSpireMod:CursedCoin","ClockworkSouvenir","animeID:Momo","Divine Protection","Bandage Up+1"],"campfire_rested":7,"item_purchase_floors":[5,5,13,24,24,27,37,40,40,48,48,48],"current_hp_per_floor":[75,75,75,75,75,75,68,50,50,35,35,35,35,35,57,37,75,75,60,60,60,46,68,68,45,45,45,67,59,37,37,59,53,75,64,59,59,59,39,39,61,61,61,34,56,31,14,14,36,38],"gold":152,"neow_bonus":"BOSS_RELIC","is_daily":false,"chose_seed":false,"campfire_upgraded":0,"win_rate":0.0,"timestamp":1612796003,"path_taken":["M","?","?","?","$","M","M","?","T","E","?","M","$","?","R","BOSS","M","M","?","?","M","R","$","E","T","?","R","M","?","?","R","BOSS","M","M","$","?","M","?","R","?","T","M","R","?","M","$","R","BOSS"],"items_purchased_type":["Relic","Relic","Relic","Card","Card","Card","Relic","Relic","Relic","Card","Relic","Card"],"build_version":"2020-12-22","purchased_purges":3,"victory":true,"max_hp_per_floor":[75,75,75,75,75,75,75,75,75,75,75,75,75,75,75,75,75,75,75,75,75,75,75,75,75,75,75,75,75,75,75,75,75,75,75,75,75,75,75,75,75,75,75,75,75,75,75,75,75,75],"card_choices":[{"not_picked":["animeID:Tomura","animeID:ToruHagakure"],"picked":"animeID:Hatsume","floor":1.0},{"not_picked":["animeID:RecoveryGirl","animeID:ToruHagakure","animeID:Kaminari"],"picked":"SKIP","floor":3.0},{"not_picked":["animeID:Tomura","animeID:DetroitSmash","animeID:Bakugo"],"picked":"SKIP","floor":6.0},{"not_picked":["animeID:HowitzerImpact","animeID:MtLady"],"picked":"animeID:Kirishima","floor":7.0},{"not_picked":["animeID:Mezo","animeID:Cementoss"],"picked":"animeID:TetsuTetsu","floor":10.0},{"not_picked":["animeID:Tengai","animeID:Nomu"],"picked":"animeID:Momo","floor":12.0},{"not_picked":["animeID:Hawks","animeID:Chisaki"],"picked":"animeID:AllForOne","floor":16.0},{"not_picked":["animeID:Mina","animeID:DetroitSmash","animeID:Muscular"],"picked":"SKIP","floor":18.0},{"not_picked":["animeID:Tsuyu","animeID:Uraraka","animeID:Aoyama+1"],"picked":"SKIP","floor":19.0},{"not_picked":["animeID:Bakugo","animeID:Dabi","animeID:Crystallize"],"picked":"SKIP","floor":22.0},{"not_picked":["animeID:RedRiot","animeID:Tomura"],"picked":"animeID:FullCowl","floor":25.0},{"not_picked":["animeID:Kaminari","animeID:Iida","animeID:Thirteen"],"picked":"SKIP","floor":29.0},{"not_picked":["animeID:USA_Smash","animeID:AllForOne"],"picked":"animeID:AllMight","floor":33.0},{"not_picked":["animeID:Thirteen","animeID:Momo","animeID:Cementoss+1"],"picked":"SKIP","floor":35.0},{"not_picked":["animeID:DetroitSmash","animeID:Ojiro"],"picked":"animeID:Dabi","floor":36.0},{"not_picked":["animeID:Aoyama+1","animeID:Ojiro+1","animeID:HighFive"],"picked":"SKIP","floor":39.0},{"not_picked":["animeID:Mezo","animeID:Tomura","animeID:Tsuyu"],"picked":"SKIP","floor":44.0},{"not_picked":["animeID:Hatsume+1","animeID:Tsuyu+1"],"picked":"animeID:Rei","floor":46},{"not_picked":["animeID:EraserHead+1","animeID:Mina"],"picked":"animeID:MirioTogata","floor":47}],"player_experience":53157,"relics_obtained":[{"floor":9.0,"key":"ReplayFunnel"},{"floor":10.0,"key":"Replay:Kaleidoscope"},{"floor":17.0,"key":"Pet Ghost"},{"floor":17.0,"key":"White Beast Statue"},{"floor":17.0,"key":"Ginger"},{"floor":25.0,"key":"Vajra"},{"floor":26.0,"key":"Blue Doll"},{"floor":30.0,"key":"Red Mask"},{"floor":31.0,"key":"Bottled Tornado"},{"floor":43.0,"key":"Old Coin"}],"event_choices":[{"damage_healed":0.0,"max_hp_gain":0.0,"max_hp_loss":0.0,"gold_gain":275.0,"event_name":"Golden Shrine","player_choice":"Desecrate","floor":2.0,"gold_loss":0.0,"damage_taken":0.0,"cards_obtained":["Regret"]},{"cards_removed":["Regret"],"damage_healed":0.0,"max_hp_gain":0.0,"max_hp_loss":0.0,"gold_gain":0.0,"event_name":"Living Wall","player_choice":"Forget","floor":4.0,"gold_loss":0.0,"damage_taken":0.0},{"damage_healed":0.0,"max_hp_gain":0.0,"max_hp_loss":0.0,"gold_gain":0.0,"event_name":"Scrap Ooze","player_choice":"Success","floor":8.0,"gold_loss":0.0,"damage_taken":18.0,"relics_obtained":["Golden Egg"]},{"damage_healed":0.0,"max_hp_gain":0.0,"max_hp_loss":0.0,"gold_gain":0.0,"event_name":"Golden Idol","player_choice":"Take Wound","floor":11.0,"gold_loss":0.0,"damage_taken":0.0,"relics_obtained":["Golden Idol"],"cards_obtained":["Injury"]},{"damage_healed":0.0,"max_hp_gain":0.0,"max_hp_loss":0.0,"gold_gain":175.0,"event_name":"Liars Game","player_choice":"AGREE","floor":14.0,"gold_loss":0.0,"damage_taken":0.0,"cards_obtained":["Doubt"]},{"damage_healed":0.0,"max_hp_gain":0.0,"max_hp_loss":0.0,"gold_gain":0.0,"event_name":"Vampires","player_choice":"Ignored","floor":21.0,"gold_loss":0.0,"damage_taken":0.0},{"damage_healed":0.0,"max_hp_gain":0.0,"max_hp_loss":0.0,"gold_gain":0.0,"event_name":"Masked Bandits","player_choice":"Fought Bandits","floor":30.0,"gold_loss":0.0,"damage_taken":0.0},{"damage_healed":0.0,"max_hp_gain":0.0,"max_hp_loss":0.0,"gold_gain":0.0,"event_name":"WeMeetAgain","player_choice":"Gave Potion","floor":38.0,"gold_loss":0.0,"damage_taken":0.0,"relics_obtained":["InkBottle"]},{"damage_healed":0.0,"max_hp_gain":0.0,"max_hp_loss":0.0,"gold_gain":222.0,"event_name":"Tomb of Lord Red Mask","player_choice":"Wore Mask","floor":42.0,"gold_loss":0.0,"damage_taken":0.0}],"is_beta":false,"boss_relics":[{"not_picked":["Abe\u0027s Treasure","Tiny House"],"picked":"Calling Bell"},{"not_picked":["Ring of Chaos","Replay:Bronze Core"],"picked":"Black Star"}],"items_purged_floors":[5,13,48],"is_endless":false,"potions_floor_spawned":[1,10,16,18,19,22,25,29,30,33,35,36,39,44,46,47],"ascension_level":0}}