{"host":"cd25ms2o8pjhjp7m","time":1612800976,"event":{"mods":["Aspiration","BaseMod","Bestiary","Better Third Choice","BetterRewards","Conspire","Curses Come First","Friendly Minions","GifTheSpireLib","Hubris","Infinite Spire","Minty Spire (QoL Compilation)","Rare Cards Sparkle","Relic Stats","Reliquary","Replay The Spire","Robot Space Explorer","StSLib","The Poker Player","The Runesmith","Uncapped","[IsaacMod]????","??????REMEMod"],"gold_per_floor":[111,127,227,227,177,177,203,203,251,269,297,308,337,356,356,452,452,470,664,678,678,678,678],"floor_reached":22,"language":"DEU","playtime":753,"items_purged":["Strike_R"],"score":269,"play_id":"318d52c8-05d8-4828-ba2a-1c2bfd9ec93b","local_time":"20210208171616","is_ascension_mode":false,"campfire_choices":[{"data":"Berserk","floor":6,"key":"SMITH"},{"data":"PokerPlayerMod:JackOfSpades","floor":8,"key":"SMITH"},{"data":"ReplayReversal","floor":15,"key":"SMITH"}],"circlet_count":0,"master_deck":["Strike_R","Strike_R","Strike_R","Defend_R","Defend_R","Defend_R","Defend_R","Bash","DoctorFetus","PokerPlayerMod:JackOfSpades+1","Body Slam","ReplayTheSpireMod:Strike From Hell","Berserk+1","Flame Barrier","hubris:ReadiedAction","ReplayReversal+1","Exhume","Power Through","REME_Fury","Juggernaut","Replay:Many Hands","REME_Scribble","True Grit"],"relics":["Burning Blood","REME_ComplimentaryCards","HushsDoor","NeowsBlessing","D6","Blood Vial","Thread and Needle","reliquary:Stiletto","reliquary:WritOfMandamus","NineLifeCat","Art of War","reliquary:PrincelyHelmet"],"acts_visited":["Exordium","TheCity"],"potions_floor_usage":[11,16,16,16,22],"damage_taken":[{"damage":0,"enemies":"Jaw Worm","floor":1,"turns":1},{"damage":0,"enemies":"Cultist","floor":2,"turns":1},{"damage":0,"enemies":"Lagavulin","floor":7,"turns":1},{"damage":0,"enemies":"2 Louse","floor":10,"turns":3},{"damage":35,"enemies":"Gremlin Nob","floor":11,"turns":5},{"damage":0,"enemies":"Looter","floor":12,"turns":4},{"damage":0,"enemies":"conspire:MimicChest","floor":13,"turns":6},{"damage":11,"enemies":"Large Slime","floor":14,"turns":5},{"damage":0,"enemies":"Slime Boss","floor":16,"turns":5},{"damage":15,"enemies":"Spheric Guardian","floor":18,"turns":4},{"damage":33,"enemies":"2 Thieves","floor":20,"turns":4},{"damage":51,"enemies":"3 Cultists","floor":22,"turns":7}],"seed_played":"-7019655270297598641","potions_obtained":[{"floor":2,"key":"Milkshake"},{"floor":7,"key":"Strength Potion"},{"floor":10,"key":"DistilledChaos"},{"floor":11,"key":"PowerPotion"},{"floor":13,"key":"AttackPotion"},{"floor":18,"key":"HeartOfIron"}],"is_trial":false,"path_per_floor":["M","M","?","?","?","R","E","R","T","M","E","M","?","M","R","B",null,"M","?","M","T","M"],"character_chosen":"IRONCLAD","items_purchased":["NineLifeCat","Juggernaut","Replay:Many Hands"],"campfire_rested":0,"item_purchase_floors":[17,17,17],"current_hp_per_floor":[80,80,80,80,80,80,80,80,80,80,51,59,67,64,64,72,5,5,4,7,7,11,11],"gold":678,"neow_bonus":"THREE_ENEMY_KILL","is_daily":false,"chose_seed":false,"campfire_upgraded":3,"win_rate":0.0,"timestamp":1612800976,"path_taken":["M","M","?","?","?","R","E","R","T","M","E","?","?","M","R","BOSS","M","?","M","?","M"],"items_purchased_type":["Relic","Card","Card"],"build_version":"2020-12-22","purchased_purges":1,"victory":false,"max_hp_per_floor":[80,80,80,80,80,80,80,80,80,80,80,80,80,80,80,80,5,5,5,7,7,11,11],"relic_stats":{"Blood Vial":9,"counters":[12,46],"Art of War":[2],"obtain_stats":[{"KeepersGift":0,"NeowsBlessing":0,"reliquary:PrincelyHelmet":21,"Thread and Needle":11,"Burning Blood":0,"Blood Vial":7,"D6":0,"NineLifeCat":17,"reliquary:Stiletto":13,"Art of War":19,"reliquary:WritOfMandamus":17,"HushsDoor":0,"REME_ComplimentaryCards":0},{"KeepersGift":0,"NeowsBlessing":0,"reliquary:PrincelyHelmet":11,"Thread and Needle":5,"Burning Blood":0,"Blood Vial":3,"D6":0,"NineLifeCat":9,"reliquary:Stiletto":7,"Art of War":10,"reliquary:WritOfMandamus":9,"HushsDoor":0,"REME_ComplimentaryCards":0},{"KeepersGift":0,"NeowsBlessing":0,"reliquary:PrincelyHelmet":39,"Thread and Needle":11,"Burning Blood":0,"Blood Vial":3,"D6":0,"NineLifeCat":31,"reliquary:Stiletto":21,"Art of War":35,"reliquary:WritOfMandamus":31,"HushsDoor":0,"REME_ComplimentaryCards":0}],"Burning Blood":30},"card_choices":[{"not_picked":[],"picked":"DoctorFetus","floor":0},{"not_picked":["Sword Boomerang","Anger"],"picked":"Body Slam","floor":1},{"not_picked":["Flex","Sword Boomerang"],"picked":"ReplayTheSpireMod:Strike From Hell","floor":2},{"not_picked":["Sever Soul","conspire:Charge"],"picked":"Berserk","floor":3},{"not_picked":["Sentinel","Sword Boomerang"],"picked":"Flame Barrier","floor":7},{"not_picked":["Iron Wave","Bomb"],"picked":"hubris:ReadiedAction","floor":10},{"not_picked":["hubris:ReadiedAction","Clothesline","Warcry"],"picked":"SKIP","floor":11},{"not_picked":["Warcry","Anger"],"picked":"ReplayReversal","floor":12},{"not_picked":["Sword Boomerang","Wild Strike"],"picked":"Exhume","floor":13},{"not_picked":["Uppercut","Clothesline"],"picked":"Power Through","floor":14},{"not_picked":["Corruption","Double Tap"],"picked":"REME_Fury","floor":16},{"not_picked":["Run Through+1","Cleave+1","Sword Boomerang+1"],"picked":"SKIP","floor":18},{"not_picked":["Intimidate","Warcry"],"picked":"REME_Scribble","floor":19},{"not_picked":["Flex+1","Heavy Blade"],"picked":"True Grit","floor":20}],"player_experience":475219,"relics_obtained":[{"floor":7,"key":"Blood Vial"},{"floor":11,"key":"Thread and Needle"},{"floor":13,"key":"reliquary:Stiletto"},{"floor":19,"key":"Art of War"},{"floor":21,"key":"reliquary:PrincelyHelmet"}],"event_choices":[{"damage_healed":0,"gold_gain":0,"player_choice":"Leave","damage_taken":0,"max_hp_gain":0,"max_hp_loss":0,"event_name":"conspire:Investor","floor":4,"gold_loss":0},{"cards_removed":["Strike_R"],"damage_healed":0,"gold_gain":0,"player_choice":"Card Removal","damage_taken":0,"max_hp_gain":0,"max_hp_loss":0,"event_name":"The Cleric","floor":5,"gold_loss":50}],"is_beta":false,"boss_relics":[{"not_picked":["Astrolabe","Honey Jar"],"picked":"reliquary:WritOfMandamus"},{"not_picked":[]}],"items_purged_floors":[17],"is_endless":false,"potions_floor_spawned":[2,7,10,11,13,18],"killed_by":"3 Cultists","ascension_level":0}}