{"host":"06gxn1c1bsk424jw","time":1612785740,"event":{"mods":["BaseMod","DeckTracker","Minty Spire (QoL Compilation)","SuperFastMode"],"gold_per_floor":[109,120,136,152,162,162,197,111,111,111,126,126,126,138,138,138,138],"floor_reached":16,"language":"KOR","playtime":718,"items_purged":[],"score":201,"play_id":"a8ddefd3-70bf-41a0-b37c-5c87088f33f7","local_time":"20210208210220","is_ascension_mode":true,"campfire_choices":[{"floor":6,"key":"REST"},{"floor":10,"key":"REST"},{"floor":15,"key":"REST"}],"circlet_count":0,"master_deck":["AscendersBane","Strike_R","Strike_R","Strike_R","Strike_R","Strike_R","Defend_R","Defend_R","Defend_R","Defend_R","Bash","Hemokinesis","Clothesline","Inflame","Shockwave","Evolve","Immolate","Rupture","Demon Form","Uppercut"],"relics":["Burning Blood","Omamori","InkBottle"],"acts_visited":["Exordium"],"potions_floor_usage":[7,7,12,16],"damage_taken":[{"damage":26,"enemies":"Jaw Worm","floor":1,"turns":4},{"damage":2,"enemies":"Cultist","floor":2,"turns":3},{"damage":17,"enemies":"Small Slimes","floor":3,"turns":3},{"damage":8,"enemies":"2 Fungi Beasts","floor":4,"turns":3},{"damage":28,"enemies":"Large Slime","floor":5,"turns":6},{"damage":27,"enemies":"3 Sentries","floor":7,"turns":6},{"damage":18,"enemies":"Lots of Slimes","floor":11,"turns":3},{"damage":0,"enemies":"3 Louse","floor":12,"turns":2},{"damage":20,"enemies":"Red Slaver","floor":14,"turns":4},{"damage":42,"enemies":"Hexaghost","floor":16,"turns":9}],"seed_played":"7577036346567515610","potions_obtained":[{"floor":2,"key":"CultistPotion"},{"floor":3,"key":"Fire Potion"},{"floor":7,"key":"EssenceOfSteel"},{"floor":11,"key":"SmokeBomb"}],"is_trial":false,"path_per_floor":["M","M","M","M","M","R","E","$","T","R","M","M","?","M","R","B"],"character_chosen":"IRONCLAD","items_purchased":["Rupture"],"campfire_rested":3,"item_purchase_floors":[8],"current_hp_per_floor":[48,52,41,39,17,39,18,18,18,40,28,34,34,20,42,0,0],"gold":138,"neow_bonus":"THREE_CARDS","is_daily":false,"chose_seed":false,"campfire_upgraded":0,"win_rate":0.0,"timestamp":1612785740,"path_taken":["M","M","M","M","M","R","E","$","T","R","M","M","?","M","R","BOSS"],"items_purchased_type":["Card"],"build_version":"2020-12-22","purchased_purges":0,"victory":false,"max_hp_per_floor":[75,75,75,75,75,75,75,75,75,75,75,75,75,75,75,75,75],"card_choices":[{"not_picked":["Battle Trance","Anger"],"picked":"Hemokinesis","floor":0},{"not_picked":["Body Slam","Hemokinesis"],"picked":"Clothesline","floor":1},{"not_picked":["Havoc","Twin Strike"],"picked":"Inflame","floor":2},{"not_picked":["Warcry","Armaments","Clash"],"picked":"SKIP","floor":3},{"not_picked":["Berserk","Battle Trance"],"picked":"Shockwave","floor":4},{"not_picked":["Flex","Dark Embrace"],"picked":"Evolve","floor":5},{"not_picked":["Wild Strike","Whirlwind"],"picked":"Immolate","floor":7},{"not_picked":["Clash","Havoc","Cleave"],"picked":"SKIP","floor":11},{"not_picked":["Dropkick","Rupture","Headbutt"],"picked":"SKIP","floor":14}],"player_experience":799767,"relics_obtained":[{"floor":7,"key":"Omamori"},{"floor":9,"key":"InkBottle"}],"event_choices":[{"damage_healed":0,"gold_gain":0,"player_choice":"2 cards matched","damage_taken":0,"max_hp_gain":0,"max_hp_loss":0,"event_name":"Match and Keep!","floor":13,"gold_loss":0,"cards_obtained":["Demon Form","Uppercut"]}],"is_beta":false,"boss_relics":[],"items_purged_floors":[],"is_endless":false,"potions_floor_spawned":[2,3,5,7,11],"killed_by":"Hexaghost","ascension_level":18}}