{"host":"9n6i2vl93jt4o42q","time":1612802412,"event":{"mods":["BaseMod","Minty Spire (QoL Compilation)","Relic Stats"],"gold_per_floor":[10,10,24,24,40,83,83,83,83,83,117,117,3,19,19,115,115,135,135,154,20,41,41,64,64,64,64,79,94,10,10,10,109,109,122,142,173,194,26,26,67,90,117,133,133,466,486,361,361,361,361],"floor_reached":52,"language":"ENG","playtime":3258,"items_purged":["Strike_G","Strike_G"],"score":1709,"play_id":"54aa80c3-d827-40f6-9931-78f525c83e1e","local_time":"20210208174012","is_ascension_mode":true,"campfire_choices":[{"data":"Die Die Die","floor":8.0,"key":"SMITH"},{"data":"Finisher","floor":10.0,"key":"SMITH"},{"floor":12.0,"key":"REST"},{"data":"Accuracy","floor":15.0,"key":"SMITH"},{"data":"Phantasmal Killer","floor":23.0,"key":"SMITH"},{"floor":25.0,"key":"REST"},{"data":"Footwork","floor":27.0,"key":"SMITH"},{"data":"Neutralize","floor":32.0,"key":"SMITH"},{"floor":40.0,"key":"REST"},{"floor":45.0,"key":"REST"},{"floor":49.0,"key":"REST"}],"circlet_count":0,"master_deck":["AscendersBane","Strike_G","Strike_G+1","Defend_G","Defend_G","Defend_G+1","Survivor","Neutralize+1","Die Die Die+1","Endless Agony","Blade Dance","Accuracy+1","Finisher+1","Storm of Steel","Footwork+1","Phantasmal Killer+1","Backflip","Well Laid Plans","PiercingWail","Endless Agony+1","Deflect+1","Dagger Spray","Doppelganger","PiercingWail","Storm of Steel","Blade Dance","Adrenaline","Noxious Fumes+1","Escape Plan","Cloak And Dagger+1","Malaise","Acrobatics"],"relics":["Ring of the Serpent","The Specimen","Shuriken","MealTicket","Philosopher\u0027s Stone","Potion Belt","Thread and Needle","Regal Pillow","Ice Cream"],"acts_visited":["Exordium","TheCity","TheBeyond"],"potions_floor_usage":[51,51],"damage_taken":[{"damage":1.0,"enemies":"Jaw Worm","floor":1.0,"turns":4.0},{"damage":0.0,"enemies":"2 Louse","floor":3.0,"turns":2.0},{"damage":0.0,"enemies":"Small Slimes","floor":5.0,"turns":1.0},{"damage":7.0,"enemies":"3 Sentries","floor":6.0,"turns":5.0},{"damage":30.0,"enemies":"Lagavulin","floor":11.0,"turns":4.0},{"damage":0.0,"enemies":"Red Slaver","floor":14.0,"turns":3.0},{"damage":18.0,"enemies":"Slime Boss","floor":16.0,"turns":7.0},{"damage":18.0,"enemies":"3 Byrds","floor":18.0,"turns":3.0},{"damage":11.0,"enemies":"Shell Parasite","floor":20.0,"turns":3.0},{"damage":8.0,"enemies":"Snake Plant","floor":22.0,"turns":4.0},{"damage":11.0,"enemies":"3 Cultists","floor":24.0,"turns":4.0},{"damage":0.0,"enemies":"Chosen and Byrds","floor":28.0,"turns":3.0},{"damage":11.0,"enemies":"Snake Plant","floor":29.0,"turns":3.0},{"damage":17.0,"enemies":"Champ","floor":33.0,"turns":8.0},{"damage":31.0,"enemies":"3 Shapes","floor":35.0,"turns":4.0},{"damage":0.0,"enemies":"3 Darklings","floor":36.0,"turns":2.0},{"damage":4.0,"enemies":"Mind Bloom Boss Battle","floor":37.0,"turns":6.0},{"damage":12.0,"enemies":"Maw","floor":38.0,"turns":5.0},{"damage":29.0,"enemies":"Nemesis","floor":41.0,"turns":5.0},{"damage":15.0,"enemies":"Transient","floor":42.0,"turns":6.0},{"damage":1.0,"enemies":"Spire Growth","floor":44.0,"turns":4.0},{"damage":15.0,"enemies":"Maw","floor":47.0,"turns":5.0},{"damage":28.0,"enemies":"Awakened One","floor":50.0,"turns":9.0},{"damage":27,"enemies":"Donu and Deca","floor":51,"turns":4}],"seed_played":"-1837691728021934864","potions_obtained":[{"floor":6.0,"key":"Swift Potion"},{"floor":11.0,"key":"GamblersBrew"},{"floor":18.0,"key":"SpeedPotion"},{"floor":20.0,"key":"Weak Potion"},{"floor":33.0,"key":"EntropicBrew"},{"floor":36.0,"key":"Ancient Potion"},{"floor":38.0,"key":"SteroidPotion"},{"floor":41.0,"key":"Strength Potion"},{"floor":47.0,"key":"LiquidMemories"}],"is_trial":false,"path_per_floor":["M","?","M","?","M","E","?","R","T","R","E","R","$","M","R","B",null,"M","?","M","$","M","R","M","R","T","R","M","M","$","?","R","B",null,"M","M","?","M","$","R","E","M","T","M","R","?","M","$","R","B","B",null],"character_chosen":"THE_SILENT","items_purchased":["Footwork","Well Laid Plans","PiercingWail","PiercingWail","Strength Potion","Regal Pillow","Acrobatics"],"campfire_rested":5,"item_purchase_floors":[13,21,21,30,30,39,48],"current_hp_per_floor":[58,58,58,58,58,51,33,33,33,33,3,21,36,36,36,18,50,32,32,21,36,28,28,17,35,35,35,35,24,39,39,39,22,51,20,20,16,4,19,52,23,8,8,7,40,40,25,40,60,32,5],"gold":361,"neow_bonus":"THREE_RARE_CARDS","is_daily":false,"chose_seed":false,"campfire_upgraded":6,"win_rate":0.0,"timestamp":1612802412,"path_taken":["M","?","M","?","M","E","?","R","T","R","E","R","$","M","R","BOSS","M","?","M","$","M","R","M","R","T","R","?","M","$","?","R","BOSS","M","M","?","M","$","R","E","M","T","M","R","?","M","$","R","BOSS","BOSS"],"items_purchased_type":["Card","Card","Card","Card","Potion","Relic","Card"],"build_version":"2020-12-22","purchased_purges":2,"victory":true,"max_hp_per_floor":[66,60,60,60,60,60,60,60,60,60,60,60,60,60,60,60,60,60,60,60,60,60,60,60,60,60,60,60,60,60,60,60,60,60,60,60,60,60,60,60,60,60,60,60,60,60,60,60,60,60,60],"relic_stats":{"Regal Pillow":32,"counters":[24,104],"Shuriken":[94],"MealTicket":75,"obtain_stats":[{"Potion Belt":26,"Ice Cream":41,"Regal Pillow":39,"The Specimen":6,"Golden Idol":2,"Shuriken":9,"MealTicket":11,"Philosopher\u0027s Stone":17,"Thread and Needle":37,"Ring of the Serpent":34,"Ring of the Snake":0},{"Potion Belt":11,"Ice Cream":19,"Regal Pillow":18,"The Specimen":4,"Golden Idol":1,"Shuriken":4,"MealTicket":5,"Philosopher\u0027s Stone":7,"Thread and Needle":17,"Ring of the Serpent":14,"Ring of the Snake":0},{"Potion Belt":40,"Ice Cream":76,"Regal Pillow":71,"The Specimen":12,"Golden Idol":4,"Shuriken":12,"MealTicket":16,"Philosopher\u0027s Stone":26,"Thread and Needle":66,"Ring of the Serpent":54,"Ring of the Snake":0}]},"card_choices":[{"not_picked":["Night Terror","Unload"],"picked":"Die Die Die","floor":0.0},{"not_picked":["Dodge and Roll","Deflect"],"picked":"Endless Agony","floor":1.0},{"not_picked":["Deflect","Deadly Poison"],"picked":"Blade Dance","floor":3.0},{"not_picked":["Setup","Deadly Poison"],"picked":"Accuracy","floor":5.0},{"not_picked":["Dodge and Roll","Phantasmal Killer"],"picked":"Finisher","floor":6.0},{"not_picked":["Setup","Reflex"],"picked":"Storm of Steel","floor":11.0},{"not_picked":["Dagger Throw","Prepared","Underhanded Strike"],"picked":"SKIP","floor":14.0},{"not_picked":["Corpse Explosion","Bullet Time"],"picked":"Phantasmal Killer","floor":16.0},{"not_picked":["Bouncing Flask","Bane"],"picked":"Backflip","floor":18.0},{"not_picked":["Accuracy","Choke","Underhanded Strike"],"picked":"SKIP","floor":20.0},{"not_picked":["Flying Knee","Quick Slash"],"picked":"Endless Agony+1","floor":22.0},{"not_picked":["Endless Agony","Backflip"],"picked":"Deflect+1","floor":24.0},{"not_picked":["Predator","Infinite Blades"],"picked":"Dagger Spray","floor":28.0},{"not_picked":["Catalyst","Dagger Spray"],"picked":"Doppelganger","floor":29.0},{"not_picked":["Bullet Time","Grand Finale"],"picked":"Adrenaline","floor":33.0},{"not_picked":["Underhanded Strike+1","Concentrate","PiercingWail"],"picked":"SKIP","floor":35.0},{"not_picked":["Underhanded Strike+1","Skewer","Quick Slash"],"picked":"SKIP","floor":36.0},{"not_picked":["Prepared","Sucker Punch"],"picked":"Noxious Fumes+1","floor":37.0},{"not_picked":["Poisoned Stab","Deadly Poison","Unload"],"picked":"SKIP","floor":38.0},{"not_picked":["Caltrops","Deadly Poison"],"picked":"Escape Plan","floor":41.0},{"not_picked":["Sucker Punch+1","Poisoned Stab"],"picked":"Cloak And Dagger+1","floor":42.0},{"not_picked":["Poisoned Stab","Flechettes","Masterful Stab"],"picked":"SKIP","floor":44.0},{"not_picked":["Dodge and Roll","Blur"],"picked":"Malaise","floor":47.0}],"player_experience":2534489,"relics_obtained":[{"floor":6.0,"key":"The Specimen"},{"floor":9.0,"key":"Shuriken"},{"floor":11.0,"key":"MealTicket"},{"floor":26.0,"key":"Potion Belt"},{"floor":37.0,"key":"Thread and Needle"},{"floor":41.0,"key":"Ice Cream"}],"event_choices":[{"damage_healed":0.0,"max_hp_gain":0.0,"max_hp_loss":6.0,"gold_gain":0.0,"event_name":"Golden Idol","player_choice":"Lose Max HP","floor":2.0,"gold_loss":0.0,"damage_taken":0.0,"relics_obtained":["Golden Idol"]},{"damage_healed":0.0,"max_hp_gain":0.0,"max_hp_loss":0.0,"gold_gain":0.0,"event_name":"Liars Game","player_choice":"Ignored","floor":4.0,"gold_loss":0.0,"damage_taken":0.0},{"damage_healed":0.0,"max_hp_gain":0.0,"max_hp_loss":0.0,"gold_gain":0.0,"event_name":"Shining Light","player_choice":"Entered Light","floor":7.0,"gold_loss":0.0,"damage_taken":18.0,"cards_upgraded":["Defend_G","Strike_G"]},{"cards_removed":["Defend_G"],"damage_healed":0.0,"max_hp_gain":0.0,"max_hp_loss":0.0,"gold_gain":0.0,"event_name":"Wheel of Change","player_choice":"Card Removal","floor":19.0,"gold_loss":0.0,"damage_taken":0.0},{"damage_healed":0.0,"max_hp_gain":0.0,"max_hp_loss":0.0,"gold_gain":0.0,"cards_transformed":["Strike_G","Defend_G"],"event_name":"Drug Dealer","player_choice":"Became Test Subject","floor":31.0,"gold_loss":0.0,"damage_taken":0.0,"cards_obtained":["Storm of Steel","Blade Dance"]},{"damage_healed":0.0,"max_hp_gain":0.0,"max_hp_loss":0.0,"gold_gain":0.0,"event_name":"MindBloom","player_choice":"Fight","floor":37.0,"gold_loss":0.0,"damage_taken":0.0},{"damage_healed":0.0,"max_hp_gain":0.0,"max_hp_loss":0.0,"gold_gain":333.0,"event_name":"The Moai Head","player_choice":"Gave Idol","floor":46.0,"relics_lost":["Golden Idol"],"gold_loss":0.0,"damage_taken":0.0}],"is_beta":false,"boss_relics":[{"not_picked":["Fusion Hammer","Tiny House"],"picked":"Philosopher\u0027s Stone"},{"not_picked":["Snecko Eye","Sozu"],"picked":"Ring of the Serpent"}],"items_purged_floors":[13,48],"is_endless":false,"potions_floor_spawned":[6,11,18,20,33,36,38,41,47],"ascension_level":20}}