{"host":"Matt","time":1612743422,"event":{"mods":["BaseMod","Bestiary","Colored Powertips","Highlight Path","Minty Spire (QoL Compilation)","Rare Cards Sparkle","Relic Stats","StSLib"],"gold_per_floor":[115,115,125,50,50,50,84,84,130,145,160,160,233,249,249,249,249],"floor_reached":16,"language":"ENG","playtime":483,"items_purged":[],"score":195,"play_id":"2bacb03f-7260-48cc-8e48-4edf7997679d","local_time":"20210208001702","is_ascension_mode":true,"campfire_choices":[{"data":"True Grit","floor":6,"key":"SMITH"},{"floor":8,"key":"REST"},{"data":"Reaper","floor":12,"key":"SMITH"},{"floor":15,"key":"REST"}],"circlet_count":0,"master_deck":["AscendersBane","Strike_R","Defend_R","Defend_R","Defend_R","Defend_R","Bash+1","Offering+1","Rage+1","Hemokinesis+1","True Grit+1","Heavy Blade","Injury","Reaper+1","Reckless Charge","Bloodletting","Combust"],"relics":["Astrolabe","Golden Idol","Orichalcum","Nunchaku","Blue Candle"],"acts_visited":["Exordium"],"potions_floor_usage":[7,13,16],"damage_taken":[{"damage":6,"enemies":"Small Slimes","floor":1,"turns":3},{"damage":8,"enemies":"Jaw Worm","floor":3,"turns":3},{"damage":16,"enemies":"Gremlin Nob","floor":7,"turns":3},{"damage":8,"enemies":"2 Louse","floor":10,"turns":2},{"damage":8,"enemies":"Large Slime","floor":11,"turns":2},{"damage":52,"enemies":"Lagavulin Event","floor":13,"turns":6},{"damage":4,"enemies":"Red Slaver","floor":14,"turns":2},{"damage":36,"enemies":"Slime Boss","floor":16,"turns":5}],"seed_played":"-6865798641961151532","potions_obtained":[{"floor":3,"key":"Regen Potion"},{"floor":7,"key":"SkillPotion"},{"floor":11,"key":"Dexterity Potion"},{"floor":14,"key":"EssenceOfSteel"}],"is_trial":false,"path_per_floor":["M","?","M","?","?","R","E","R","T","M","M","R","?","M","R","B"],"character_chosen":"IRONCLAD","items_purchased":[],"campfire_rested":2,"item_purchase_floors":[],"current_hp_per_floor":[62,62,54,54,54,54,47,69,69,67,59,59,13,9,31,2,2],"gold":249,"neow_bonus":"BOSS_RELIC","is_daily":false,"chose_seed":false,"campfire_upgraded":2,"win_rate":0.0,"timestamp":1612743422,"path_taken":["M","?","M","?","?","R","E","R","T","M","M","R","?","M","R","BOSS"],"items_purchased_type":[],"build_version":"2020-12-18","purchased_purges":0,"victory":false,"max_hp_per_floor":[75,75,75,75,75,75,75,75,75,75,75,75,75,75,75,75,75],"relic_stats":{"Nunchaku":[2],"counters":[8,26],"Golden Idol":38,"Astrolabe":["Offering","Rage","Hemokinesis"],"Blue Candle":[0],"Orichalcum":[42],"obtain_stats":[{"Nunchaku":9,"Golden Idol":5,"Astrolabe":0,"Blue Candle":13,"Orichalcum":7,"Burning Blood":0},{"Nunchaku":3,"Golden Idol":2,"Astrolabe":0,"Blue Candle":6,"Orichalcum":3,"Burning Blood":0},{"Nunchaku":9,"Golden Idol":6,"Astrolabe":0,"Blue Candle":19,"Orichalcum":9,"Burning Blood":0}]},"card_choices":[{"not_picked":["Heavy Blade","Ghostly Armor"],"picked":"True Grit","floor":1},{"not_picked":["Clash","Twin Strike"],"picked":"Heavy Blade","floor":3},{"not_picked":["Sentinel","Warcry"],"picked":"Reaper","floor":7},{"not_picked":["Dark Embrace","Hemokinesis"],"picked":"Reckless Charge","floor":10},{"not_picked":["Sword Boomerang","Clothesline"],"picked":"Bloodletting","floor":11},{"not_picked":["Disarm","Infernal Blade"],"picked":"Combust","floor":14}],"player_experience":1077764,"relics_obtained":[{"floor":7,"key":"Orichalcum"},{"floor":9,"key":"Nunchaku"},{"floor":13,"key":"Blue Candle"}],"event_choices":[{"damage_healed":0,"gold_gain":0,"player_choice":"Grow","damage_taken":0,"max_hp_gain":0,"max_hp_loss":0,"event_name":"Living Wall","floor":2,"gold_loss":0,"cards_upgraded":["Bash"]},{"cards_removed":["Strike_R"],"damage_healed":0,"gold_gain":0,"player_choice":"Card Removal","damage_taken":0,"max_hp_gain":0,"max_hp_loss":0,"event_name":"The Cleric","floor":4,"gold_loss":75},{"damage_healed":0,"gold_gain":0,"player_choice":"Take Wound","damage_taken":0,"relics_obtained":["Golden Idol"],"max_hp_gain":0,"max_hp_loss":0,"event_name":"Golden Idol","floor":5,"gold_loss":0,"cards_obtained":["Injury"]},{"damage_healed":0,"gold_gain":0,"player_choice":"Searched \u00271\u0027 times","damage_taken":0,"max_hp_gain":0,"max_hp_loss":0,"event_name":"Dead Adventurer","floor":13,"gold_loss":0}],"is_beta":true,"boss_relics":[],"items_purged_floors":[],"is_endless":false,"potions_floor_spawned":[3,7,11,14],"killed_by":"Slime Boss","ascension_level":19}}