{"host":"cd25ms2o8pjhjp7m","time":1612800208,"event":{"mods":["Aspiration","BaseMod","Bestiary","Better Third Choice","BetterRewards","Conspire","Curses Come First","Friendly Minions","GifTheSpireLib","Hubris","Infinite Spire","Minty Spire (QoL Compilation)","Rare Cards Sparkle","Relic Stats","Reliquary","Replay The Spire","Robot Space Explorer","StSLib","The Poker Player","The Runesmith","Uncapped","[IsaacMod]????","??????REMEMod"],"gold_per_floor":[111,91,91,91,110,143,156,80,103,103,148,181,181,181,181,357,357,428,428,368,89,168,168,256,256,333,333,434,516,581,581],"floor_reached":30,"language":"DEU","playtime":1358,"items_purged":["Normality"],"score":316,"play_id":"21585015-cc90-4167-a63d-cc550add26a4","local_time":"20210208170328","is_ascension_mode":false,"campfire_choices":[{"data":"ReplayTheSpireMod:Muscle Training","floor":10,"key":"SMITH"},{"data":"Bash","floor":15,"key":"SMITH"},{"data":"ReplayTheSpireMod:Strike From Hell","floor":23,"key":"SMITH"},{"data":"True Grit","floor":25,"key":"SMITH"},{"data":"hubris:ReadiedAction","floor":27,"key":"SMITH"}],"circlet_count":0,"master_deck":["conspire:GhostlyStrike","conspire:GhostlyStrike","conspire:GhostlyStrike","conspire:GhostlyStrike","conspire:GhostlyStrike","conspire:GhostlyDefend","conspire:GhostlyDefend","conspire:GhostlyDefend","conspire:GhostlyDefend","Bash+1","SuicideKing","RobotSpaceExplorer:ShockMissile+1","Power Through","ReplayTheSpireMod:Muscle Training+1","Iron Wave","Perfected Strike","Spot Weakness","REME_FearOfPain","Life Link","Injury","Barricade","ReplayTheSpireMod:Strike From Hell+1","True Grit+1","Life Link","Thunderclap+1","ReplayTheSpireMod:Stacked+1","Rage","Sentinel","Body Slam+1","hubris:ReadiedAction+1","Massacre"],"relics":["Burning Blood","REME_ComplimentaryCards","HushsDoor","DeathBook","betterThird:SlimedRelic","hubris:ToyBattleship","Replay:Bandana","Golden Idol","reliquary:RedCape","Ring of Panic","Ring of Peace","Orrery","Prayer Wheel","PillsDrop","CeramicFish"],"acts_visited":["Exordium","TheCity"],"potions_floor_usage":[12,16,24,28],"damage_taken":[{"damage":2,"enemies":"conspire:RoseBush","floor":1,"turns":3},{"damage":12,"enemies":"Jaw Worm","floor":5,"turns":5},{"damage":13,"enemies":"Replay:BlueRogue","floor":6,"turns":9},{"damage":6,"enemies":"Small Slimes","floor":7,"turns":3},{"damage":4,"enemies":"3 Louse","floor":11,"turns":4},{"damage":1,"enemies":"Looter","floor":12,"turns":3},{"damage":61,"enemies":"Slime Boss","floor":16,"turns":12},{"damage":21,"enemies":"Chosen","floor":18,"turns":7},{"damage":0,"enemies":"Spheric Guardian","floor":22,"turns":10},{"damage":18,"enemies":"REME_1_Revenger","floor":24,"turns":6},{"damage":11,"enemies":"Book of Stabbing","floor":28,"turns":7},{"damage":15,"enemies":"Snake Plant","floor":29,"turns":8},{"damage":54,"enemies":"Chosen and Byrds","floor":30,"turns":8}],"seed_played":"-6908738992691397293","potions_obtained":[{"floor":1,"key":"Milkshake"},{"floor":6,"key":"Fire Potion"},{"floor":11,"key":"Doom Potion"},{"floor":12,"key":"BloodPotion"},{"floor":22,"key":"Energy Potion"},{"floor":28,"key":"Fruit Juice"},{"floor":29,"key":"SpeedPotion"}],"is_trial":false,"path_per_floor":["M","?","?","?","M","E","M","$","T","R","M","M","?","?","R","B",null,"M","?","?","$","M","R","E","R","T","R","E","M","M"],"character_chosen":"IRONCLAD","items_purchased":["Spot Weakness","True Grit","Orrery"],"campfire_rested":0,"item_purchase_floors":[8,21,21],"current_hp_per_floor":[80,69,69,69,63,56,56,56,56,56,58,63,63,63,63,24,80,65,65,65,65,71,71,59,59,59,59,59,50,0,0],"gold":581,"neow_bonus":"UPGRADE_CARD","is_daily":false,"chose_seed":false,"campfire_upgraded":5,"win_rate":0.0,"timestamp":1612800208,"path_taken":["M","?","?","?","M","E","M","$","T","R","?","M","?","?","R","BOSS","M","?","?","$","M","R","E","R","T","R","E","?","M"],"items_purchased_type":["Card","Card","Relic"],"build_version":"2020-12-22","purchased_purges":1,"victory":false,"max_hp_per_floor":[80,80,80,80,80,80,80,80,80,80,80,80,80,80,80,80,80,80,80,80,80,80,80,80,80,80,80,85,85,85,85],"relic_stats":{"counters":[13,85],"Golden Idol":53,"CeramicFish":9,"Prayer Wheel":1,"obtain_stats":[{"KeepersGift":0,"Golden Idol":13,"CeramicFish":28,"reliquary:RedCape":17,"Burning Blood":0,"DeathBook":0,"Replay:Bandana":9,"betterThird:SlimedRelic":2,"Ring of Peace":19,"PillsDrop":26,"Orrery":21,"Prayer Wheel":24,"hubris:ToyBattleship":6,"Ring of Panic":19,"HushsDoor":0,"REME_ComplimentaryCards":0},{"KeepersGift":0,"Golden Idol":6,"CeramicFish":11,"reliquary:RedCape":7,"Burning Blood":0,"DeathBook":0,"Replay:Bandana":4,"betterThird:SlimedRelic":1,"Ring of Peace":8,"PillsDrop":10,"Orrery":8,"Prayer Wheel":10,"hubris:ToyBattleship":3,"Ring of Panic":8,"HushsDoor":0,"REME_ComplimentaryCards":0},{"KeepersGift":0,"Golden Idol":27,"CeramicFish":69,"reliquary:RedCape":39,"Burning Blood":0,"DeathBook":0,"Replay:Bandana":20,"betterThird:SlimedRelic":3,"Ring of Peace":46,"PillsDrop":62,"Orrery":46,"Prayer Wheel":62,"hubris:ToyBattleship":17,"Ring of Panic":46,"HushsDoor":0,"REME_ComplimentaryCards":0}],"Burning Blood":68},"card_choices":[{"not_picked":[],"picked":"SuicideKing","floor":0},{"not_picked":["Rupture","REME_FearOfPain"],"picked":"Power Through","floor":1},{"not_picked":["Battle Trance","infinitespire:OneForAll"],"picked":"ReplayTheSpireMod:Muscle Training","floor":5},{"not_picked":["Replay:Undeath\u0027s Touch","Carnage"],"picked":"Iron Wave","floor":6},{"not_picked":["Headbutt","Bomb"],"picked":"Perfected Strike","floor":7},{"not_picked":["Flex","Twin Strike"],"picked":"REME_FearOfPain","floor":11},{"not_picked":["Carnage","Pommel Strike"],"picked":"Life Link","floor":12},{"not_picked":["Offering","Juggernaut"],"picked":"Barricade","floor":16},{"not_picked":["Warcry","Run Through"],"picked":"ReplayTheSpireMod:Strike From Hell","floor":18},{"not_picked":["Rampage","Anger"],"picked":"Life Link","floor":21},{"not_picked":["Headbutt","Rampage"],"picked":"Thunderclap+1","floor":21},{"not_picked":["conspire:ExplosiveBarrier+1","infinitespire:OneForAll"],"picked":"ReplayTheSpireMod:Stacked+1","floor":21},{"not_picked":["Blood for Blood+1","Heavy Blade+1"],"picked":"Rage","floor":21},{"not_picked":["Cleave","Run Through"],"picked":"Sentinel","floor":21},{"not_picked":["Feel No Pain","Clash"],"picked":"Body Slam+1","floor":22},{"not_picked":["Iron Wave","Intimidate"],"picked":"hubris:ReadiedAction","floor":24},{"not_picked":["Iron Wave+1","conspire:Charge","Flex"],"picked":"SKIP","floor":28},{"not_picked":["Offering","Run Through"],"picked":"Massacre","floor":29},{"not_picked":["Clash","Perfected Strike","Clothesline+1"],"picked":"SKIP","floor":29}],"player_experience":473861,"relics_obtained":[{"floor":6,"key":"hubris:ToyBattleship"},{"floor":9,"key":"Replay:Bandana"},{"floor":19,"key":"Ring of Panic"},{"floor":19,"key":"Ring of Peace"},{"floor":24,"key":"Prayer Wheel"},{"floor":26,"key":"PillsDrop"},{"floor":28,"key":"CeramicFish"}],"event_choices":[{"damage_healed":0,"gold_gain":0,"player_choice":"Slimed","damage_taken":11,"max_hp_gain":0,"max_hp_loss":0,"event_name":"betterThird:BetterGoop","floor":2,"gold_loss":20},{"damage_healed":0,"gold_gain":0,"player_choice":"Agree","damage_taken":0,"max_hp_gain":0,"max_hp_loss":0,"event_name":"conspire:LoneGhost","floor":3,"gold_loss":0},{"damage_healed":0,"gold_gain":0,"player_choice":"Leave","damage_taken":0,"max_hp_gain":0,"max_hp_loss":0,"event_name":"conspire:Investor","floor":4,"gold_loss":0},{"damage_healed":0,"gold_gain":0,"player_choice":"Take Wound","damage_taken":0,"relics_obtained":["Golden Idol"],"max_hp_gain":0,"max_hp_loss":0,"event_name":"Golden Idol","floor":13,"gold_loss":0,"cards_obtained":["Injury"]}],"is_beta":false,"boss_relics":[{"not_picked":["REME_DuelDisc","ChampionBelt"],"picked":"reliquary:RedCape"},{"not_picked":[]}],"items_purged_floors":[21],"is_endless":false,"potions_floor_spawned":[1,6,11,12,22,28,29],"killed_by":"Chosen and Byrds","ascension_level":0}}