{"host":"s3g5dmvfnpdztvul","time":1612743683,"event":{"mods":["AchievementEnabler","AlwaysNeverKeys","Aspiration","BaseMod","Better Altar","Better Match","Better Note","Better Sensory Stone","Better Vampires","BetterRewards","CatGirl Mod","Challenge The Spire","Colored Map","Colored Powertips","Colorless Booster Pack","Conspire","Curses Come First","DeckTracker","Defuse TimeMaze Blight","Displayed Cursed Tome","Downfall","Energized Spire","Fiend Mod","Friendly Minions","GifTheSpireLib","Hubris","Hyrulean Relics","Infinite Spire","Ironclad Rager","Jedi Mod","Marisa????????","Marked Mod","Mimic Mod","Minty Spire (QoL Compilation)","Permanent Neow","Poor People Problems","Quick Restart","Railgun Mod","Random Character Button","Rare Cards Sparkle","Replay The Spire","SCP261 Mod","Shade Mod","Small Relic Pack","Spicy Shops","Spikes Relics","StSLib","Stuff the Spire","The Alterego","The Blue Laboratory","The Clintock","The Cursed","The Jungle","The Necromancer","TheSwordswoman","Trackpad","Unceasing Turn Reminder","Virulent Crown","Waifu the Spire","Wandering Minibosses"],"gold_per_floor":[114,289,289,99,99,99,120,160,160,3,3,3,29,71,71,175,175,206,234,234,258,258],"floor_reached":21,"language":"ENG","playtime":1836,"items_purged":[],"score":304,"play_id":"a0a24607-7a37-4e41-8379-4ef6bf20701b","local_time":"20210207192123","is_ascension_mode":true,"campfire_choices":[{"data":"infinitespire:Fortify","floor":6,"key":"SMITH"},{"data":"TheCursedMod:HellsGateOpen","floor":11,"key":"SMITH"},{"data":"TheCursedMod:CursedBlade","floor":11,"key":"SMITH"},{"floor":15,"key":"REST"}],"circlet_count":0,"master_deck":["TheCursedMod:Strike_TheCursed","TheCursedMod:Strike_TheCursed","TheCursedMod:Strike_TheCursed","TheCursedMod:Strike_TheCursed","TheCursedMod:Defend_TheCursed","TheCursedMod:Defend_TheCursed","TheCursedMod:Defend_TheCursed","TheCursedMod:Defend_TheCursed","TheCursedMod:CursedWand+1","TheCursedMod:CleanUpWorkshop","TheCursedMod:Dregs","TheCursedMod:BlessingInDisguise","Doubt","Regret","Doubt","TheCursedMod:SpitefulPlan","Notoriety","Replay:Sluggish","infinitespire:Fortify+1","TheCursedMod:HellsGateOpen+1","TheCursedMod:CursedBlade+1","TheCursedMod:CursedBoomerang","TheCursedMod:Hemoplague","TheCursedMod:CollectTribute","TheCursedMod:CursedBlade","TheCursedMod:ShockAndAwe"],"relics":["TheCursedMod:BlackMagic101","StuffTheSpire:RedRose","Membership Card","Replay:Bandana","Smiling Mask","hubris:Metronome","Replay:Arrowhead","hubris:EvacipatedBox","ReplayFunnel","hubris:RunicObelisk"],"acts_visited":["Exordium","TheCity"],"potions_floor_usage":[14],"damage_taken":[{"damage":4,"enemies":"Small Slimes","floor":1,"turns":4},{"damage":8,"enemies":"conspire:RoseBush","floor":7,"turns":4},{"damage":4,"enemies":"Lagavulin","floor":8,"turns":7},{"damage":0,"enemies":"infinitespire:Voidling","floor":13,"turns":3},{"damage":24,"enemies":"Replay:BlueRogue","floor":14,"turns":6},{"damage":1,"enemies":"Slime Boss","floor":16,"turns":8},{"damage":40,"enemies":"3 Byrds","floor":18,"turns":4},{"damage":20,"enemies":"Chosen","floor":19,"turns":5},{"damage":23,"enemies":"Centurion and Healer","floor":21,"turns":3}],"seed_played":"-4300274860759236863","potions_obtained":[{"floor":8,"key":"champ:CounterPotion"},{"floor":13,"key":"jedi:wingpotion"},{"floor":16,"key":"blueLaboratory:AbyssPotion"},{"floor":19,"key":"Weak Potion"}],"is_trial":false,"path_per_floor":["M","?","?","$","?","R","M","E","T","$","R","$","M","E","R","B",null,"M","M","?","M"],"character_chosen":"THE_CURSED","items_purchased":["Membership Card","Replay:Bandana","TheCursedMod:SpitefulPlan","Replay:Arrowhead","hubris:EvacipatedBox"],"campfire_rested":1,"item_purchase_floors":[4,4,4,10,12],"current_hp_per_floor":[71,71,71,71,71,71,63,59,59,59,59,40,40,16,38,37,75,35,15,18,0,0],"gold":258,"neow_bonus":"RANDOM_EVENT","is_daily":false,"chose_seed":false,"campfire_upgraded":3,"win_rate":0.0,"timestamp":1612743683,"path_taken":["M","?","?","$","?","R","M","E","T","$","R","?","?","E","R","BOSS","M","M","?","M"],"items_purchased_type":["Relic","Relic","Card","Relic","Relic"],"build_version":"2020-12-22","purchased_purges":0,"victory":false,"max_hp_per_floor":[75,75,75,75,75,75,75,75,75,75,75,75,75,75,75,75,75,75,75,78,78,78],"card_choices":[{"not_picked":["TheCursedMod:TroublousMinions","TheCursedMod:CircleOfAmplification"],"picked":"TheCursedMod:BlessingInDisguise","floor":1},{"not_picked":["infinitespire:UltimateForm","Replay:Fractal Strike"],"picked":"infinitespire:Fortify","floor":5},{"not_picked":["TheCursedMod:SpitefulStrike","TheCursedMod:VitalStrike"],"picked":"TheCursedMod:HellsGateOpen","floor":7},{"not_picked":["TheCursedMod:FuryStrike","TheCursedMod:VitalStrike"],"picked":"TheCursedMod:CursedBlade","floor":8},{"not_picked":["TheCursedMod:HellfireBreathing","TheCursedMod:CursedBlade"],"picked":"TheCursedMod:CursedBoomerang","floor":13},{"not_picked":["TheCursedMod:DemonicPact","TheCursedMod:Stigma"],"picked":"TheCursedMod:Hemoplague","floor":14},{"not_picked":["TheCursedMod:CursedRelics","TheCursedMod:ForbiddenAlchemy"],"picked":"TheCursedMod:CollectTribute","floor":16},{"not_picked":["TheCursedMod:CursedShiv","TheCursedMod:Stigma"],"picked":"TheCursedMod:CursedBlade","floor":18},{"not_picked":["TheCursedMod:DoubleShield","TheCursedMod:SurpriseAttack"],"picked":"TheCursedMod:ShockAndAwe","floor":19}],"player_experience":557079,"relics_obtained":[{"floor":8,"key":"Smiling Mask"},{"floor":9,"key":"hubris:Metronome"},{"floor":14,"key":"ReplayFunnel"}],"event_choices":[{"damage_healed":0,"gold_gain":0,"player_choice":"Grow","damage_taken":0,"max_hp_gain":0,"max_hp_loss":0,"event_name":"Living Wall","floor":0,"gold_loss":0,"cards_upgraded":["TheCursedMod:CursedWand"]},{"damage_healed":0,"gold_gain":175,"player_choice":"AGREE","damage_taken":0,"max_hp_gain":0,"max_hp_loss":0,"event_name":"Liars Game","floor":2,"gold_loss":0,"cards_obtained":["Doubt"]}],"is_beta":false,"boss_relics":[{"not_picked":["StuffTheSpire:RunicConfusion","Ectoplasm","Fusion Hammer"],"picked":"hubris:RunicObelisk"}],"items_purged_floors":[],"is_endless":false,"potions_floor_spawned":[8,13,16,19],"killed_by":"Centurion and Healer","ascension_level":2}}