{"host":"5dk97cf2ubw2v967","time":1612809862,"event":{"mods":["AlwaysNeverKeys","BaseMod","Better Altar","Better Vampires","Block Reminder","Card Filter","Colored Powertips","Downfall","Googly Eyes","Highlight Path","Minty Spire (QoL Compilation)","Permanent Neow","Potion Indicator Mod","Quick Restart","Relic Filter","Relic Stats","Say the Spire","Spicy Shops","StSLib","Waifu the Spire","everything is the same but u backflip on backflip"],"gold_per_floor":[136,211,248,306,338,338,393,132,156,197,294,294,338,387,387,387,387],"floor_reached":16,"language":"ENG","playtime":574,"items_purged":["Strike_R"],"score":224,"play_id":"2e0c25d0-0de3-4811-9602-5a43693a800e","local_time":"20210208184422","is_ascension_mode":true,"campfire_choices":[{"data":"HandOfGreed","floor":6,"key":"SMITH"},{"floor":12,"key":"REST"},{"floor":15,"key":"REST"}],"circlet_count":0,"master_deck":["AscendersBane","Strike_R+1","Strike_R","Strike_R+1","Strike_R","Defend_R","Defend_R","Defend_R","Defend_R","Bash","HandOfGreed+1","Ghostly Armor","Anger","Battle Trance","Rupture","Fire Breathing","Fire Breathing","Feel No Pain","Uppercut","Flame Barrier"],"relics":["Burning Blood","Potion Belt","Juzu Bracelet","CeramicFish","Whetstone"],"acts_visited":["Exordium"],"potions_floor_usage":[5,7,10,11],"damage_taken":[{"damage":6,"enemies":"Cultist","floor":1,"turns":3},{"damage":2,"enemies":"Jaw Worm","floor":3,"turns":2},{"damage":7,"enemies":"Small Slimes","floor":4,"turns":5},{"damage":0,"enemies":"Looter","floor":5,"turns":2},{"damage":17,"enemies":"Lagavulin","floor":7,"turns":6},{"damage":4,"enemies":"Red Slaver","floor":10,"turns":4},{"damage":46,"enemies":"Lagavulin Event","floor":11,"turns":8},{"damage":20,"enemies":"3 Sentries","floor":13,"turns":4},{"damage":2,"enemies":"3 Louse","floor":14,"turns":4},{"damage":73,"enemies":"Hexaghost","floor":16,"turns":9}],"seed_played":"8979806050453663167","potions_obtained":[{"floor":1,"key":"AttackPotion"},{"floor":3,"key":"Slimebound:ThreeZeroPotion"},{"floor":5,"key":"BlessingOfTheForge"},{"floor":10,"key":"Ancient Potion"}],"is_trial":false,"path_per_floor":["M","?","M","M","M","R","E","$","T","M","?","R","E","M","R","B"],"character_chosen":"IRONCLAD","items_purchased":["Fire Breathing","FairyPotion"],"campfire_rested":2,"item_purchase_floors":[8,8],"current_hp_per_floor":[68,57,61,60,66,66,55,55,55,57,17,37,23,27,47,0,0],"gold":387,"neow_bonus":"RANDOM_COLORLESS_2","is_daily":false,"chose_seed":false,"campfire_upgraded":1,"win_rate":0.0,"timestamp":1612809862,"path_taken":["M","?","M","M","M","R","E","$","T","M","?","R","E","M","R","BOSS"],"items_purchased_type":["Card","Potion"],"build_version":"2020-12-22","purchased_purges":1,"victory":false,"max_hp_per_floor":[68,68,68,68,68,68,68,68,68,68,68,68,68,68,68,68,68],"relic_stats":{"counters":[10,47],"CeramicFish":27,"Juzu Bracelet":0,"Whetstone":["Strike_R","Strike_R"],"obtain_stats":[{"Potion Belt":7,"CeramicFish":11,"Juzu Bracelet":9,"Whetstone":13,"Burning Blood":0},{"Potion Belt":5,"CeramicFish":7,"Juzu Bracelet":5,"Whetstone":8,"Burning Blood":0},{"Potion Belt":18,"CeramicFish":30,"Juzu Bracelet":18,"Whetstone":34,"Burning Blood":0}],"Burning Blood":54},"card_choices":[{"not_picked":["The Bomb","Master of Strategy"],"picked":"HandOfGreed","floor":0},{"not_picked":["Flex","Wild Strike"],"picked":"Ghostly Armor","floor":1},{"not_picked":["Flex","Anger","Armaments"],"picked":"SKIP","floor":3},{"not_picked":["Flex","Armaments"],"picked":"Anger","floor":3},{"not_picked":["Armaments","Wild Strike"],"picked":"Battle Trance","floor":4},{"not_picked":["Power Through","Twin Strike"],"picked":"Rupture","floor":5},{"not_picked":["Demon Form","Cleave"],"picked":"Fire Breathing","floor":7},{"not_picked":["Havoc","Clash","Cleave"],"picked":"SKIP","floor":10},{"not_picked":["Inflame","Iron Wave"],"picked":"Feel No Pain","floor":11},{"not_picked":["Warcry","Havoc"],"picked":"Uppercut","floor":13},{"not_picked":["Shrug It Off","Rage"],"picked":"Flame Barrier","floor":14}],"player_experience":1297790,"relics_obtained":[{"floor":7,"key":"Potion Belt"},{"floor":9,"key":"Juzu Bracelet"},{"floor":11,"key":"CeramicFish"},{"floor":13,"key":"Whetstone"}],"event_choices":[{"damage_healed":0,"gold_gain":75,"player_choice":"Gather Gold","damage_taken":11,"max_hp_gain":0,"max_hp_loss":0,"event_name":"World of Goop","floor":2,"gold_loss":0},{"damage_healed":0,"gold_gain":30,"player_choice":"Searched \u00273\u0027 times","damage_taken":0,"max_hp_gain":0,"max_hp_loss":0,"event_name":"Dead Adventurer","floor":11,"gold_loss":0}],"is_beta":false,"boss_relics":[],"items_purged_floors":[8],"is_endless":false,"potions_floor_spawned":[1,3,5,10],"killed_by":"Hexaghost","ascension_level":20}}