{"host":"49pjgf1q9ev52n8z","time":1612761109,"event":{"mods":["BaseMod","Bestiary","Colored Map","Keyboard Shortcuts","Minty Spire (QoL Compilation)","Practice Mode","Relic Stats","StSLib"],"gold_per_floor":[113,192,205,217,197,227,227,4,4,39,39,39,58,119,119,244,244,263,263,263,282,300,210,229,244,244,244,5,87,131,145,145,271,271,284,28,28,361,361,388,438,465,465,465,465,2,2,32,32,32],"floor_reached":51,"language":"ENG","playtime":6172,"items_purged":["Strike_R+1"],"score":931,"play_id":"3659d9f2-d9fc-4d38-abff-e2eb48e4611d","local_time":"20210207211149","is_ascension_mode":true,"campfire_choices":[{"data":"Bash","floor":7.0,"key":"SMITH"},{"floor":12.0,"key":"REST"},{"data":"True Grit","floor":15.0,"key":"SMITH"},{"data":"Demon Form","floor":27,"key":"SMITH"},{"floor":32,"key":"REST"},{"data":"Brutality","floor":45,"key":"SMITH"},{"data":"Limit Break","floor":49,"key":"SMITH"}],"circlet_count":0,"master_deck":["Strike_R+1","Strike_R+1","Strike_R+1","Defend_R+1","Defend_R+1","Defend_R+1","Defend_R+1","Bash+1","Perfected Strike+1","Battle Trance","True Grit+1","Headbutt","Reaper","Demon Form+1","CurseOfTheBell","Metallicize","Shrug It Off+1","Twin Strike","Reaper","Clothesline+1","Heavy Blade","Brutality+1","Master of Strategy","Whirlwind","Rupture","Limit Break+1"],"relics":["Burning Blood","NeowsBlessing","Singing Bowl","Centennial Puzzle","Bag of Preparation","Akabeko","Blue Candle","Calling Bell","Lantern","StrikeDummy","Bird Faced Urn","WarpedTongs","Pantograph","Bottled Tornado","Paper Frog","Pen Nib","Snecko Eye","Kunai","Ancient Tea Set","Calipers","Bottled Flame","InkBottle","Vajra","Art of War"],"acts_visited":["Exordium","TheCity","TheBeyond"],"potions_floor_usage":[30,41,50,50],"damage_taken":[{"damage":0.0,"enemies":"Cultist","floor":1.0,"turns":1.0},{"damage":0.0,"enemies":"Small Slimes","floor":3.0,"turns":1.0},{"damage":0.0,"enemies":"2 Louse","floor":4.0,"turns":1.0},{"damage":12.0,"enemies":"Exordium Thugs","floor":5.0,"turns":4.0},{"damage":16.0,"enemies":"Gremlin Nob","floor":6.0,"turns":3.0},{"damage":30.0,"enemies":"3 Sentries","floor":10.0,"turns":6.0},{"damage":5.0,"enemies":"Gremlin Gang","floor":13.0,"turns":3.0},{"damage":70.0,"enemies":"The Guardian","floor":16.0,"turns":16.0},{"damage":45.0,"enemies":"Shell Parasite","floor":18.0,"turns":7.0},{"damage":16.0,"enemies":"2 Thieves","floor":21.0,"turns":4.0},{"damage":30.0,"enemies":"Chosen and Byrds","floor":22.0,"turns":6.0},{"damage":30.0,"enemies":"Snake Plant","floor":24.0,"turns":5.0},{"damage":12,"enemies":"Centurion and Healer","floor":25,"turns":8},{"damage":57,"enemies":"Slavers","floor":30,"turns":8},{"damage":14,"enemies":"Snecko","floor":31,"turns":4},{"damage":68,"enemies":"Automaton","floor":33,"turns":8},{"damage":3,"enemies":"Orb Walker","floor":35,"turns":2},{"damage":54,"enemies":"Nemesis","floor":40,"turns":7},{"damage":1,"enemies":"Mind Bloom Boss Battle","floor":41,"turns":3},{"damage":62,"enemies":"Giant Head","floor":42,"turns":8},{"damage":27,"enemies":"Nemesis","floor":48,"turns":5},{"damage":95,"enemies":"Donu and Deca","floor":50,"turns":5}],"seed_played":"-3418268398235511560","potions_obtained":[{"floor":4.0,"key":"DistilledChaos"},{"floor":5.0,"key":"Energy Potion"},{"floor":6.0,"key":"SteroidPotion"},{"floor":10.0,"key":"BloodPotion"},{"floor":22.0,"key":"Weak Potion"},{"floor":33,"key":"EssenceOfSteel"},{"floor":41,"key":"Fruit Juice"},{"floor":42,"key":"FearPotion"}],"is_trial":false,"path_per_floor":["M","T","M","M","M","E","R","$","T","E","?","R","M","?","R","B",null,"M","?","?","M","M","?","M","M","T","R","$","T","E","M","R","B",null,"M","$","?","?","?","E","?","E","T","?","R","$","?","E","R","B",null],"character_chosen":"IRONCLAD","items_purchased":["Bag of Preparation","LiquidBronze","Bottled Tornado","Kunai","Whirlwind","Rupture","Vajra","CultistPotion"],"campfire_rested":2,"item_purchase_floors":[8,8,28,36,46,46,46,46],"current_hp_per_floor":[80,80,80,80,74,66,66,66,66,42,22,46,84,84,84,20,84,51,51,51,45,44,44,40,48,48,48,48,48,37,62,89,46,92,92,92,92,92,92,81,99,86,86,86,86,86,86,94,94,71],"gold":32,"neow_bonus":"THREE_ENEMY_KILL","is_daily":false,"chose_seed":false,"campfire_upgraded":5,"win_rate":0.0,"timestamp":1612761109,"path_taken":["M","?","M","M","M","E","R","?","T","E","?","R","M","?","R","BOSS","M","?","?","?","?","?","M","M","T","R","$","?","E","M","R","BOSS","M","$","?","?","?","E","?","E","T","?","R","$","?","E","R","BOSS"],"items_purchased_type":["Relic","Potion","Relic","Relic","Card","Card","Relic","Potion"],"build_version":"2020-12-22","purchased_purges":1,"victory":true,"max_hp_per_floor":[80,80,80,80,80,82,82,82,82,82,82,82,84,84,84,84,84,84,84,84,84,86,86,88,88,88,88,88,88,88,90,90,92,92,92,92,92,92,92,94,99,99,99,99,99,99,94,94,94,94],"relic_stats":{"Singing Bowl":14,"counters":[22,115],"Blue Candle":[12],"Pen Nib":[7],"Bag of Preparation":[34],"Burning Blood":102,"WarpedTongs":[54],"Centennial Puzzle":[50],"Bird Faced Urn":[25],"Pantograph":14,"Snecko Eye":[66,49,67,65],"Art of War":[0],"Kunai":[8],"obtain_stats":[{"Lantern":17,"Calipers":41,"Singing Bowl":2,"Vajra":46,"Bag of Preparation":8,"Bottled Tornado":28,"Ancient Tea Set":40,"Burning Blood":0,"Centennial Puzzle":6,"Pantograph":26,"Kunai":36,"InkBottle":43,"Paper Frog":29,"NeowsBlessing":0,"Golden Idol":11,"Blue Candle":10,"Pen Nib":30,"Akabeko":9,"WarpedTongs":20,"Calling Bell":17,"Bottled Flame":42,"Bird Faced Urn":17,"Snecko Eye":34,"Art of War":48,"StrikeDummy":17},{"Lantern":8,"Calipers":19,"Singing Bowl":1,"Vajra":20,"Bag of Preparation":5,"Bottled Tornado":13,"Ancient Tea Set":18,"Burning Blood":0,"Centennial Puzzle":5,"Pantograph":13,"Kunai":17,"InkBottle":20,"Paper Frog":13,"NeowsBlessing":0,"Golden Idol":6,"Blue Candle":6,"Pen Nib":14,"Akabeko":5,"WarpedTongs":9,"Calling Bell":8,"Bottled Flame":20,"Bird Faced Urn":8,"Snecko Eye":16,"Art of War":21,"StrikeDummy":8},{"Lantern":35,"Calipers":97,"Singing Bowl":1,"Vajra":105,"Bag of Preparation":10,"Bottled Tornado":65,"Ancient Tea Set":94,"Burning Blood":0,"Centennial Puzzle":10,"Pantograph":65,"Kunai":87,"InkBottle":105,"Paper Frog":65,"NeowsBlessing":0,"Golden Idol":16,"Blue Candle":16,"Pen Nib":73,"Akabeko":10,"WarpedTongs":42,"Calling Bell":35,"Bottled Flame":105,"Bird Faced Urn":35,"Snecko Eye":85,"Art of War":110,"StrikeDummy":35}],"InkBottle":[3]},"card_choices":[{"not_picked":["Dark Embrace","Armaments"],"picked":"Perfected Strike","floor":1.0},{"not_picked":["Shrug It Off","Disarm"],"picked":"Battle Trance","floor":3.0},{"not_picked":["Twin Strike","Intimidate"],"picked":"True Grit","floor":4.0},{"not_picked":["Sword Boomerang","Havoc"],"picked":"Headbutt","floor":5.0},{"not_picked":["True Grit","Pummel","Whirlwind"],"picked":"Singing Bowl","floor":6.0},{"not_picked":["Second Wind","Twin Strike"],"picked":"Reaper","floor":10.0},{"not_picked":["True Grit","Whirlwind","Cleave"],"picked":"Singing Bowl","floor":13.0},{"not_picked":["Juggernaut","Double Tap"],"picked":"Demon Form","floor":16.0},{"not_picked":["Perfected Strike","Battle Trance"],"picked":"Metallicize","floor":18.0},{"not_picked":["Clash","True Grit"],"picked":"Shrug It Off+1","floor":21.0},{"not_picked":["Thunderclap","Havoc+1","Anger"],"picked":"Singing Bowl","floor":22.0},{"not_picked":["Warcry","Body Slam","Headbutt"],"picked":"Singing Bowl","floor":24.0},{"not_picked":["Thunderclap","Iron Wave"],"picked":"Twin Strike","floor":25},{"not_picked":["Iron Wave","Inflame"],"picked":"Reaper","floor":30},{"not_picked":["Armaments","Intimidate","Reckless Charge+1"],"picked":"Singing Bowl","floor":31},{"not_picked":["Demon Form","Juggernaut","Corruption"],"picked":"Singing Bowl","floor":33},{"not_picked":["Warcry","Shrug It Off"],"picked":"Clothesline+1","floor":35},{"not_picked":["Sword Boomerang","Armaments","Spot Weakness+1"],"picked":"Singing Bowl","floor":40},{"not_picked":["Havoc+1","Infernal Blade+1"],"picked":"Heavy Blade","floor":41},{"not_picked":["Dropkick+1","Rage+1"],"picked":"Brutality","floor":42},{"not_picked":["Blind","Bandage Up"],"picked":"Master of Strategy","floor":44},{"not_picked":["Whirlwind+1","Warcry+1"],"picked":"Limit Break","floor":48}],"player_experience":765315,"relics_obtained":[{"floor":2.0,"key":"Singing Bowl"},{"floor":6.0,"key":"Centennial Puzzle"},{"floor":9.0,"key":"Akabeko"},{"floor":10.0,"key":"Blue Candle"},{"floor":17.0,"key":"Lantern"},{"floor":17.0,"key":"StrikeDummy"},{"floor":17.0,"key":"Bird Faced Urn"},{"floor":26,"key":"Pantograph"},{"floor":29,"key":"Paper Frog"},{"floor":30,"key":"Pen Nib"},{"floor":40,"key":"Ancient Tea Set"},{"floor":41,"key":"Calipers"},{"floor":42,"key":"Bottled Flame"},{"floor":43,"key":"InkBottle"},{"floor":48,"key":"Art of War"}],"event_choices":[{"damage_healed":0.0,"max_hp_gain":0.0,"max_hp_loss":0.0,"gold_gain":0.0,"event_name":"Golden Idol","player_choice":"Take Damage","floor":11.0,"gold_loss":0.0,"damage_taken":20.0,"relics_obtained":["Golden Idol"]},{"damage_healed":0.0,"max_hp_gain":0.0,"max_hp_loss":0.0,"gold_gain":61.0,"event_name":"Golden Wing","player_choice":"Gained Gold","floor":14.0,"gold_loss":0.0,"damage_taken":0.0},{"damage_healed":0.0,"max_hp_gain":0.0,"max_hp_loss":0.0,"gold_gain":0.0,"event_name":"Back to Basics","player_choice":"Simplicity","floor":19.0,"gold_loss":0.0,"damage_taken":0.0,"cards_upgraded":["Strike_R","Strike_R","Strike_R","Strike_R","Strike_R","Defend_R","Defend_R","Defend_R","Defend_R"]},{"damage_healed":0.0,"max_hp_gain":0.0,"max_hp_loss":0.0,"gold_gain":0.0,"event_name":"Accursed Blacksmith","player_choice":"Rummage","floor":20.0,"gold_loss":0.0,"damage_taken":0.0,"relics_obtained":["WarpedTongs"],"cards_obtained":["Pain"]},{"cards_removed":["Pain"],"damage_healed":0.0,"max_hp_gain":0.0,"max_hp_loss":0.0,"gold_gain":0.0,"event_name":"Designer","player_choice":"Upgrade and Remove","floor":23.0,"gold_loss":90.0,"damage_taken":0.0,"cards_upgraded":["Perfected Strike"]},{"cards_removed":["Strike_R"],"damage_healed":0,"gold_gain":0,"player_choice":"Removed Attack","damage_taken":0,"max_hp_gain":0,"max_hp_loss":0,"event_name":"Falling","floor":37,"gold_loss":0},{"damage_healed":0,"gold_gain":333,"player_choice":"Gave Idol","damage_taken":0,"max_hp_gain":0,"max_hp_loss":0,"event_name":"The Moai Head","floor":38,"relics_lost":["Golden Idol"],"gold_loss":0},{"damage_healed":0,"gold_gain":0,"player_choice":"Ignored","damage_taken":0,"max_hp_gain":0,"max_hp_loss":0,"event_name":"Mysterious Sphere","floor":39,"gold_loss":0},{"damage_healed":0,"gold_gain":0,"player_choice":"Fight","damage_taken":0,"max_hp_gain":0,"max_hp_loss":0,"event_name":"MindBloom","floor":41,"gold_loss":0},{"damage_healed":0,"gold_gain":0,"player_choice":"Memory 1","damage_taken":0,"max_hp_gain":0,"max_hp_loss":0,"event_name":"SensoryStone","floor":44,"gold_loss":0},{"damage_healed":0,"gold_gain":0,"player_choice":"Max HP","damage_taken":0,"max_hp_gain":0,"max_hp_loss":5,"event_name":"Winding Halls","floor":47,"gold_loss":0}],"is_beta":false,"boss_relics":[{"not_picked":["Black Star","Runic Dome"],"picked":"Calling Bell"},{"not_picked":["Pandora\u0027s Box","Busted Crown"],"picked":"Snecko Eye"}],"items_purged_floors":[46],"is_endless":false,"potions_floor_spawned":[4,5,6,10,22,33,41,42,48],"ascension_level":4}}