{"host":"sad04l3m69qtnhom","time":1612783979,"event":{"mods":["AchievementEnabler","BaseMod","Colored Map","Colored Powertips","DeckTracker","Highlight Path","Minty Spire (QoL Compilation)","Permanent Neow","Quick Restart","SuperFastMode","everything is the same but u backflip on backflip"],"gold_per_floor":[115,115,115,34,109,143,74,109,109,109,149,164,164,182,182,182,182],"floor_reached":16,"language":"KOR","playtime":373,"items_purged":[],"score":138,"play_id":"4c7f93ce-5e7b-4324-af08-31bea3fea95e","local_time":"20210208203259","is_ascension_mode":true,"campfire_choices":[{"data":"Hyperbeam","floor":10,"key":"SMITH"},{"floor":13,"key":"REST"},{"data":"Defragment","floor":15,"key":"SMITH"}],"circlet_count":0,"master_deck":["Strike_B","Strike_B","Strike_B","Strike_B","Defend_B","Defend_B","Defend_B","Defend_B","Zap","Dualcast","Hyperbeam+1","Genetic Algorithm","Defragment+1","Ball Lightning","Storm","Barrage","Leap"],"relics":["Cracked Core","Golden Idol","Dream Catcher","Pear","Odd Mushroom","InkBottle","Bottled Flame"],"acts_visited":["Exordium"],"potions_floor_usage":[11,16,16],"damage_taken":[{"damage":0,"enemies":"2 Louse","floor":1,"turns":2},{"damage":30,"enemies":"Gremlin Nob","floor":6,"turns":4},{"damage":8,"enemies":"The Mushroom Lair","floor":8,"turns":3},{"damage":10,"enemies":"3 Sentries","floor":11,"turns":2},{"damage":8,"enemies":"Jaw Worm","floor":12,"turns":4},{"damage":0,"enemies":"Small Slimes","floor":14,"turns":1},{"damage":29,"enemies":"Slime Boss","floor":16,"turns":4}],"seed_played":"1336207089793544190","potions_obtained":[{"floor":6,"key":"BlessingOfTheForge"},{"floor":8,"key":"ColorlessPotion"},{"floor":14,"key":"Explosive Potion"}],"is_trial":false,"path_per_floor":["M","?","?","$","?","E","$","?","T","R","E","M","R","M","R","B"],"character_chosen":"DEFECT","items_purchased":["Defragment","Storm"],"campfire_rested":1,"item_purchase_floors":[4,7],"current_hp_per_floor":[68,68,61,61,50,30,30,22,22,22,12,4,27,27,27,0,0],"gold":182,"neow_bonus":"ONE_RANDOM_RARE_CARD","is_daily":false,"chose_seed":false,"campfire_upgraded":2,"win_rate":0.0,"timestamp":1612783979,"path_taken":["M","?","?","$","?","E","?","?","T","R","E","M","R","M","R","BOSS"],"items_purchased_type":["Card","Card"],"build_version":"2020-12-22","purchased_purges":0,"victory":false,"max_hp_per_floor":[75,69,69,69,69,79,79,79,79,79,79,79,79,79,79,79,79],"card_choices":[{"not_picked":["Conserve Battery","Beam Cell"],"picked":"Genetic Algorithm","floor":1},{"not_picked":["Darkness","Conserve Battery"],"picked":"Ball Lightning","floor":6},{"not_picked":["Coolheaded","Blizzard"],"picked":"Barrage","floor":8},{"not_picked":["Sweeping Beam","White Noise","Capacitor"],"picked":"SKIP","floor":11},{"not_picked":["Loop","Streamline","Aggregate"],"picked":"SKIP","floor":12},{"not_picked":["Turbo","Stack"],"picked":"Leap","floor":13},{"not_picked":["Meteor Strike","Chaos","Sweeping Beam"],"picked":"SKIP","floor":14}],"player_experience":269732,"relics_obtained":[{"floor":6,"key":"Pear"},{"floor":8,"key":"Odd Mushroom"},{"floor":9,"key":"InkBottle"},{"floor":11,"key":"Bottled Flame"}],"event_choices":[{"damage_healed":0,"gold_gain":0,"player_choice":"Lose Max HP","damage_taken":0,"relics_obtained":["Golden Idol"],"max_hp_gain":0,"max_hp_loss":6,"event_name":"Golden Idol","floor":2,"gold_loss":0},{"damage_healed":0,"gold_gain":0,"player_choice":"Success","damage_taken":7,"relics_obtained":["Dream Catcher"],"max_hp_gain":0,"max_hp_loss":0,"event_name":"Scrap Ooze","floor":3,"gold_loss":0},{"damage_healed":0,"gold_gain":75,"player_choice":"Gather Gold","damage_taken":11,"max_hp_gain":0,"max_hp_loss":0,"event_name":"World of Goop","floor":5,"gold_loss":0},{"damage_healed":0,"gold_gain":0,"player_choice":"Fought Mushrooms","damage_taken":0,"max_hp_gain":0,"max_hp_loss":0,"event_name":"Mushrooms","floor":8,"gold_loss":0}],"is_beta":false,"boss_relics":[],"items_purged_floors":[],"is_endless":false,"potions_floor_spawned":[6,8,14],"killed_by":"Slime Boss","ascension_level":6}}