{"host":"1v3mnj67s3trvm6y","time":1612743515,"event":{"mods":["BaseMod","Challenge The Spire","Downfall","Minty Spire (QoL Compilation)","StSLib"],"gold_per_floor":[99,111,123,135,135,149,149,168,268,278,278,288,304,334,353,457,457,357,371,387,399,103,120,144,155,155,155,182,182,182,201,211,316,316,216,231,242,167,181,196,196,181,231,131,160,300,300,315,325,325,325,358,90,90,90,90,90,90],"floor_reached":56,"language":"ENG","playtime":5294,"items_purged":["Guardian:Strike_Guardian","Guardian:Defend_Guardian"],"score":884,"play_id":"f0725297-59df-45ce-a1c1-5ec4bf800ab8","local_time":"20210208091835","is_ascension_mode":false,"campfire_choices":[{"floor":1,"key":"REST"},{"floor":11,"key":"REST"},{"data":"Guardian:DonusPower","floor":18,"key":"SMITH"},{"data":"Guardian:BaubleBeam","floor":27,"key":"SMITH"},{"floor":30,"key":"RECALL"},{"floor":44,"key":"REST"}],"circlet_count":0,"master_deck":["Guardian:Defend_Guardian","Guardian:Defend_Guardian","Guardian:Defend_Guardian","Guardian:CurlUp","Guardian:TwinSlam+1","Guardian:GemFire","Guardian:DecasProtection","Guardian:ShieldCharger","Guardian:Gem_Green","Guardian:BronzeArmor","Guardian:VentSteam","Guardian:FuturePlans+1","Guardian:DonusPower+1","Guardian:Orbwalk+1","Guardian:BaubleBeam+1","Guardian:VentSteam+1","Guardian:Orbwalk+1","Guardian:TimeSifter+1","Guardian:ShieldCharger","Guardian:Gem_Fragmented","Guardian:GemFinder+1","Guardian:Gem_Green","Guardian:Gem_Red","Guardian:TemporalStrike+1","Guardian:TemporalShield+1","Guardian:BodySlam","Guardian:Gem_Red","Guardian:TimeCapacitor+1","Guardian:Recover+1","Guardian:BodySlam","Guardian:Gem_Lightblue","Guardian:PiercingHide+1","Guardian:WalkerClaw+1","Guardian:Gem_Cyan","Guardian:DonusPower+1","Guardian:Gem_Yellow","Guardian:Gem_Fragmented","Guardian:Gem_Cyan","Guardian:Gem_Green","Guardian:Gem_Cyan","Guardian:ChargeCore","Guardian:Gem_Cyan","Guardian:StasisEngine+1","expansioncontent:DashGenerateEvil","Guardian:Gem_Purple","Guardian:Gem_Green"],"relics":["Guardian:ModeShifter","Frozen Egg 2","Blood Vial","bronze:MakeshiftBattery","downfall:HeartBlessingGreen","Pantograph","Guardian:PickAxe","The Courier","Fusion Hammer","downfall:HeartBlessingRed","Peace Pipe","downfall:HeartBlessingBlue","bronze:BronzeIdol","ClockworkSouvenir","Centennial Puzzle","Strawberry"],"acts_visited":["Exordium","TheCity","TheBeyond","TheEnding"],"potions_floor_usage":[4,23,28,32,45,55,56,56],"damage_taken":[{"damage":1,"enemies":"Cultist","floor":2,"turns":5},{"damage":0,"enemies":"Small Slimes","floor":3,"turns":6},{"damage":1,"enemies":"Jaw Worm","floor":4,"turns":8},{"damage":16,"enemies":"Large Slime","floor":6,"turns":8},{"damage":5,"enemies":"2 Fungi Beasts","floor":8,"turns":4},{"damage":0,"enemies":"Large Slime","floor":10,"turns":2},{"damage":0,"enemies":"Blue Slaver","floor":12,"turns":3},{"damage":0,"enemies":"2 Fungi Beasts","floor":13,"turns":2},{"damage":0,"enemies":"Gremlin Nob","floor":14,"turns":3},{"damage":0,"enemies":"Lots of Slimes","floor":15,"turns":3},{"damage":29,"enemies":"IC_STATUS_ARCHETYPE","floor":16,"turns":11},{"damage":5,"enemies":"3 Byrds","floor":19,"turns":6},{"damage":4,"enemies":"Shell Parasite","floor":20,"turns":7},{"damage":5,"enemies":"Centurion and Healer","floor":21,"turns":7},{"damage":0,"enemies":"downfall:FleeingMerchant","floor":22,"turns":4},{"damage":0,"enemies":"Snake Plant","floor":23,"turns":1},{"damage":4,"enemies":"Cultist and Chosen","floor":25,"turns":5},{"damage":16,"enemies":"Book of Stabbing","floor":28,"turns":3},{"damage":22,"enemies":"Shelled Parasite and Fungi","floor":31,"turns":4},{"damage":1,"enemies":"Centurion and Healer","floor":32,"turns":5},{"damage":45,"enemies":"SI_MIRROR_ARCHETYPE","floor":33,"turns":12},{"damage":15,"enemies":"Orb Walker","floor":36,"turns":2},{"damage":0,"enemies":"3 Darklings","floor":37,"turns":1},{"damage":0,"enemies":"downfall:FleeingMerchant","floor":38,"turns":4},{"damage":30,"enemies":"Sphere and 2 Shapes","floor":39,"turns":5},{"damage":0,"enemies":"Spire Growth","floor":40,"turns":2},{"damage":0,"enemies":"downfall:FleeingMerchant","floor":42,"turns":4},{"damage":18,"enemies":"downfall:FleeingMerchant","floor":43,"turns":4},{"damage":0,"enemies":"Reptomancer","floor":45,"turns":4},{"damage":0,"enemies":"downfall:FleeingMerchant","floor":46,"turns":4},{"damage":19,"enemies":"Maw","floor":48,"turns":8},{"damage":10,"enemies":"Sphere and 2 Shapes","floor":49,"turns":3},{"damage":79,"enemies":"WA_ARCHETYPE_DIVINITY","floor":50,"turns":14},{"damage":12,"enemies":"downfall:CharBossMerchant","floor":52,"turns":5},{"damage":71,"enemies":"downfall:NeowBoss","floor":55,"turns":16},{"damage":62,"enemies":"downfall:NeowBossFinal","floor":56,"turns":11}],"seed_played":"-4366830518342083736","potions_obtained":[{"floor":3,"key":"Weak Potion"},{"floor":4,"key":"PowerPotion"},{"floor":8,"key":"Regen Potion"},{"floor":13,"key":"FearPotion"},{"floor":20,"key":"Strength Potion"},{"floor":25,"key":"PowerPotion"},{"floor":28,"key":"Block Potion"},{"floor":39,"key":"BlessingOfTheForge"},{"floor":45,"key":"Guardian:AcceleratePotion"},{"floor":48,"key":"Strength Potion"}],"is_trial":false,"path_per_floor":["R","M","M","M","?","M","T","M","?","M","R","M","M","E","M","B",null,"R","M","M","M","$","M","T","M","?","R","E","?","R","M","M","B",null,"R","M","M","$","M","M","T","$","?","R","E","$","R","M","M","B",null,"E","$","R","B","B"],"character_chosen":"GUARDIAN","items_purchased":["Pantograph","Guardian:Gem_White","ClockworkSouvenir","expansioncontent:DashGenerateEvil","Strawberry"],"campfire_rested":3,"item_purchase_floors":[22,22,46,53,53],"current_hp_per_floor":[80,79,79,78,78,62,62,57,57,57,80,80,80,80,80,51,80,80,75,73,70,72,74,74,72,72,72,63,63,63,43,44,26,80,80,65,67,69,41,43,43,45,54,90,90,90,90,71,63,11,90,78,85,85,26,0,0,0],"gold":90,"neow_bonus":"TRANSFORM_TWO_CARDS","is_daily":false,"chose_seed":false,"campfire_upgraded":2,"win_rate":0.0,"timestamp":1612743515,"path_taken":["R","M","M","M","?","M","T","M","?","M","R","?","M","E","M","BOSS","R","M","M","M","$","M","T","M","?","R","E","?","R","M","M","BOSS","R","M","M","$","M","M","T","$","?","R","E","$","R","M","M","BOSS","E","$","R","BOSS","BOSS"],"items_purchased_type":["Relic","Card","Relic","Card","Relic"],"build_version":"2020-12-22","purchased_purges":2,"victory":false,"max_hp_per_floor":[80,80,80,80,80,80,80,80,80,80,80,80,80,80,80,80,80,80,80,80,80,80,80,80,80,80,80,80,80,80,80,80,80,80,80,80,80,80,80,80,80,80,80,90,90,90,90,90,90,90,90,90,97,97,97,97,97,97],"card_choices":[{"not_picked":["Guardian:WalkerClaw","Guardian:TemporalStrike"],"picked":"Guardian:DecasProtection","floor":2},{"not_picked":["Guardian:PiercingHide","Guardian:Gem_Red"],"picked":"Guardian:ShieldCharger","floor":3},{"not_picked":["Guardian:TemporalShield","Guardian:VentSteam"],"picked":"Guardian:Gem_Fragmented","floor":4},{"not_picked":["Guardian:BodySlam","Guardian:Reroute"],"picked":"Guardian:Gem_Cyan","floor":6},{"not_picked":["Guardian:Planning","Guardian:RollAttack"],"picked":"Guardian:Gem_Green","floor":8},{"not_picked":["Guardian:RefractedBeam","Guardian:PiercingHide"],"picked":"Guardian:BronzeArmor","floor":10},{"not_picked":["Guardian:CrystalBeam","Guardian:Incinerate"],"picked":"Guardian:VentSteam","floor":12},{"not_picked":["Guardian:TemporalStrike","Guardian:PrimingBeam"],"picked":"Guardian:FuturePlans+1","floor":13},{"not_picked":["Guardian:SphericShield","Guardian:RefractedBeam"],"picked":"Guardian:DonusPower","floor":14},{"not_picked":["Guardian:VentSteam","Guardian:Incinerate"],"picked":"Guardian:Orbwalk+1","floor":15},{"not_picked":["Guardian:RevengeProtocol+1","Guardian:CompilePackage"],"picked":"Guardian:BaubleBeam","floor":16},{"not_picked":["Guardian:PrismaticBeam","Guardian:CrystalBeam+1"],"picked":"Guardian:VentSteam+1","floor":19},{"not_picked":["Guardian:ShieldSpikes","Guardian:VentSteam+1"],"picked":"Guardian:Orbwalk+1","floor":20},{"not_picked":["Guardian:Gem_Green","Guardian:Planning"],"picked":"Guardian:Gem_Cyan","floor":21},{"not_picked":["Guardian:Repulse+1","Guardian:ChargeCore"],"picked":"Guardian:Gem_Lightblue","floor":22},{"not_picked":["Guardian:Incinerate","Guardian:PrismaticBeam"],"picked":"Guardian:TimeSifter+1","floor":23},{"not_picked":["Guardian:TemporalShield","Guardian:ChargeCore"],"picked":"Guardian:Gem_Yellow","floor":25},{"not_picked":["Guardian:FloatingOrbs+1","Guardian:Suspension"],"picked":"Guardian:ShieldCharger","floor":28},{"not_picked":["Guardian:RollAttack","Guardian:Planning"],"picked":"Guardian:Gem_Cyan","floor":31},{"not_picked":["Guardian:SphericShield","Guardian:Reroute"],"picked":"Guardian:Gem_Fragmented","floor":32},{"not_picked":["Guardian:StasisStrike","Guardian:HyperBeam_Guardian"],"picked":"Guardian:GemFinder+1","floor":33},{"not_picked":["Guardian:Gem_Green","Guardian:Gem_Cyan"],"picked":"Guardian:Gem_Red","floor":36},{"not_picked":["Guardian:MultiBeam+1","Guardian:Reroute+1"],"picked":"Guardian:TemporalStrike+1","floor":36},{"not_picked":["Guardian:PrimingBeam+1","Guardian:WalkerClaw+1"],"picked":"Guardian:TemporalShield+1","floor":37},{"not_picked":["Guardian:Harden+1","Guardian:PrimingBeam+1"],"picked":"Guardian:BodySlam","floor":38},{"not_picked":["Guardian:Gem_Green","Guardian:Gem_Cyan"],"picked":"Guardian:Gem_Red","floor":39},{"not_picked":["Guardian:Gem_Fragmented","Guardian:Gem_Blue"],"picked":"Guardian:TimeCapacitor+1","floor":39},{"not_picked":["Guardian:RollAttack","Guardian:WalkerClaw"],"picked":"Guardian:Recover+1","floor":40},{"not_picked":["Guardian:ChargeCore+1","Guardian:ShieldCharger"],"picked":"Guardian:BodySlam","floor":42},{"not_picked":["Guardian:Gem_Red","Guardian:Gem_Green"],"picked":"Guardian:Gem_Lightblue","floor":43},{"not_picked":["Guardian:Gem_Lightblue","Guardian:Gem_Cyan"],"picked":"Guardian:PiercingHide+1","floor":43},{"not_picked":["Guardian:Gem_Lightblue","Guardian:Gem_Red"],"picked":"Guardian:Gem_Cyan","floor":45},{"not_picked":["Guardian:ArmoredProtocol+1","Guardian:Planning"],"picked":"Guardian:WalkerClaw+1","floor":45},{"not_picked":["Guardian:Gem_Red","Guardian:Gem_Green"],"picked":"Guardian:Gem_Cyan","floor":46},{"not_picked":["Guardian:Clone","Guardian:PrimingBeam"],"picked":"Guardian:DonusPower+1","floor":46},{"not_picked":["Guardian:Gem_Lightblue","Guardian:Gem_Red"],"picked":"Guardian:Gem_Cyan","floor":48},{"not_picked":["Guardian:PolyBeam+1","Guardian:CrystalBeam"],"picked":"Guardian:Gem_Green","floor":48},{"not_picked":["Guardian:Gem_Red","Guardian:Gem_Green"],"picked":"Guardian:Gem_Cyan","floor":49},{"not_picked":["Guardian:TemporalStrike+1","Guardian:Incinerate+1"],"picked":"Guardian:ChargeCore","floor":49},{"not_picked":["Guardian:Gem_Green","Guardian:Gem_Lightblue"],"picked":"Guardian:Gem_Cyan","floor":52},{"not_picked":["Guardian:BodySlam+1","Guardian:ChargeCore+1"],"picked":"Guardian:StasisEngine+1","floor":52}],"player_experience":1753868,"relics_obtained":[{"floor":7,"key":"Frozen Egg 2"},{"floor":14,"key":"Blood Vial"},{"floor":24,"key":"Guardian:PickAxe"},{"floor":28,"key":"The Courier"},{"floor":43,"key":"Peace Pipe"},{"floor":45,"key":"bronze:BronzeIdol"},{"floor":52,"key":"Centennial Puzzle"}],"event_choices":[{"damage_healed":0,"gold_gain":0,"player_choice":"Grow","damage_taken":0,"max_hp_gain":0,"max_hp_loss":0,"event_name":"Living Wall","floor":5,"gold_loss":0,"cards_upgraded":["Guardian:TwinSlam"]}],"is_beta":false,"boss_relics":[{"not_picked":["Runic Dome","Empty Cage"],"picked":"bronze:MakeshiftBattery"},{"not_picked":["Tiny House","Snecko Eye"],"picked":"Fusion Hammer"}],"items_purged_floors":[38,46],"is_endless":false,"potions_floor_spawned":[3,4,8,13,20,25,28,31,39,40,45,48],"killed_by":"downfall:NeowBossFinal","ascension_level":0}}