{"host":"k1hhfsso5sz592ni","time":1612769253,"event":{"mods":["BaseMod","Colored Map","Minty Spire (QoL Compilation)","Quick Restart","Replay The Spire","StSLib","TestMod","everything is the same but u backflip on backflip"],"gold_per_floor":[117,136,61,61,71,97,112,112,112,12,46,60,60,86,98,209,221,247,199,234,246,271,283,329,216,216,228,238,256,256,271,271,368,368,383,783,633,651,651,651,322,322,375,375,391,421,122,177,177,203],"floor_reached":51,"language":"ZHS","playtime":1155,"items_purged":["Bash","Defend_R","Defend_R","Strike_R","Strike_R+1","Defend_R+1"],"score":903,"play_id":"d586e0f6-98e1-4085-a021-b215ff591d32","local_time":"20210208152733","is_ascension_mode":false,"campfire_choices":[{"data":"Pommel Strike","floor":13,"key":"SMITH"},{"floor":15,"key":"REST"},{"data":"Strike_R","floor":23,"key":"SMITH"},{"data":"Strike_R","floor":32,"key":"SMITH"},{"data":"Defend_R","floor":40,"key":"SMITH"},{"floor":42,"key":"REST"},{"floor":44,"key":"REST"},{"floor":49,"key":"REST"}],"circlet_count":0,"master_deck":["Strike_R+1","Strike_R+1","Strike_R+1","Pommel Strike+1","Perfected Strike+1"],"relics":["Black Blood","testmod-BatchProcessingSystem","NeowsBlessing","Dream Catcher","Mercury Hourglass","testmod-ObsoleteBoomerang","MawBank","testmod-Recursion","Lantern","MutagenicStrength","testmod-Fortitude","Replay:Mystery Machine","Membership Card","Ancient Tea Set","Centennial Puzzle","ReplayFunnel","Replay:Bottled Steam","testmod-TheFather"],"acts_visited":["Exordium","TheCity","TheBeyond"],"potions_floor_usage":[50,50,50],"damage_taken":[{"damage":0,"enemies":"Cultist","floor":1,"turns":1},{"damage":0,"enemies":"Jaw Worm","floor":2,"turns":1},{"damage":0,"enemies":"2 Louse","floor":5,"turns":1},{"damage":48,"enemies":"Lagavulin","floor":6,"turns":9},{"damage":10,"enemies":"Exordium Thugs","floor":7,"turns":5},{"damage":17,"enemies":"3 Sentries","floor":11,"turns":6},{"damage":0,"enemies":"2 Fungi Beasts","floor":12,"turns":2},{"damage":25,"enemies":"The Guardian","floor":16,"turns":6},{"damage":0,"enemies":"2 Thieves","floor":18,"turns":1},{"damage":0,"enemies":"Spheric Guardian","floor":22,"turns":1},{"damage":0,"enemies":"Gremlin Leader","floor":24,"turns":2},{"damage":0,"enemies":"Centurion and Healer","floor":27,"turns":1},{"damage":0,"enemies":"Shelled Parasite and Fungi","floor":28,"turns":1},{"damage":0,"enemies":"Cultist and Chosen","floor":29,"turns":2},{"damage":0,"enemies":"Snake Plant","floor":31,"turns":1},{"damage":27,"enemies":"Collector","floor":33,"turns":3},{"damage":0,"enemies":"Orb Walker","floor":35,"turns":1},{"damage":1,"enemies":"3 Shapes","floor":38,"turns":1},{"damage":0,"enemies":"3 Darklings","floor":45,"turns":2},{"damage":19,"enemies":"R_Hoarder","floor":46,"turns":6},{"damage":12,"enemies":"2 Orb Walkers","floor":48,"turns":2},{"damage":12,"enemies":"Donu and Deca","floor":50,"turns":3}],"seed_played":"8443875053356992816","potions_obtained":[{"floor":5,"key":"Reflective Coating"},{"floor":6,"key":"Venom Potion"},{"floor":12,"key":"Explosive Potion"},{"floor":22,"key":"Strength Potion"}],"is_trial":false,"path_per_floor":["M","M","$","?","M","E","M","?","T","$","E","M","R","T","R","B",null,"M","?","T","?","M","R","E","$","T","M","M","M","?","M","R","B",null,"M","?","$","M","?","R","$","R","T","R","M","E","$","?","R","B",null],"character_chosen":"IRONCLAD","items_purchased":["Membership Card","ReplayFunnel","Replay:Bottled Steam"],"campfire_rested":4,"item_purchase_floors":[41,47,47],"current_hp_per_floor":[80,80,80,80,80,38,34,34,34,34,23,29,29,29,53,34,80,80,80,80,80,80,80,80,80,80,80,80,80,80,80,80,59,80,80,80,80,80,80,80,80,80,80,80,80,78,78,78,80,80],"gold":203,"neow_bonus":"THREE_ENEMY_KILL","is_daily":false,"chose_seed":false,"campfire_upgraded":4,"win_rate":0.0,"timestamp":1612769253,"path_taken":["M","?","$","?","M","E","M","?","T","?","E","M","R","?","R","BOSS","M","?","?","?","M","R","E","$","T","M","M","?","?","M","R","BOSS","M","?","$","M","?","R","?","R","T","R","M","E","$","?","R","BOSS"],"items_purchased_type":["Relic","Relic","Relic"],"build_version":"2020-12-22","purchased_purges":6,"victory":true,"max_hp_per_floor":[80,80,80,80,80,80,80,80,80,80,80,80,80,80,80,80,80,80,80,80,80,80,80,80,80,80,80,80,80,80,80,80,80,80,80,80,80,80,80,80,80,80,80,80,80,80,80,80,80,80],"card_choices":[{"not_picked":["Cleave","Flex","Thunderclap"],"picked":"SKIP","floor":1},{"not_picked":["Anger","Infernal Blade","ReplayTheSpireMod:Muscle Training"],"picked":"SKIP","floor":2},{"not_picked":["Wild Strike","Uppercut","Twin Strike"],"picked":"SKIP","floor":5},{"not_picked":["Intimidate","Thunderclap","Disarm"],"picked":"SKIP","floor":6},{"not_picked":["Sentinel","Uppercut","Anger"],"picked":"SKIP","floor":7},{"not_picked":["Headbutt","Rage"],"picked":"Pommel Strike","floor":11},{"not_picked":["Shrug It Off","Ghostly Armor","Clothesline"],"picked":"SKIP","floor":12},{"not_picked":["Whirlwind","Defy Death","ReplayTheSpireMod:LeadingStrike"],"picked":"SKIP","floor":18},{"not_picked":["Second Wind+1","Spot Weakness","Burning Pact+1"],"picked":"SKIP","floor":22},{"not_picked":["Shrug It Off","ReplayReversal","Life Link"],"picked":"SKIP","floor":24},{"not_picked":["Cleave","Perfected Strike","Twin Strike"],"picked":"SKIP","floor":27},{"not_picked":["Twin Strike","Rampage","True Grit+1"],"picked":"SKIP","floor":28},{"not_picked":["Twin Strike+1","Rage","Clash"],"picked":"SKIP","floor":29},{"not_picked":["Carnage","Shrug It Off","Anger"],"picked":"SKIP","floor":31},{"not_picked":["Entrench","Thunderclap","Havoc"],"picked":"SKIP","floor":35},{"not_picked":["Shrug It Off","Blood for Blood","Dual Wield"],"picked":"SKIP","floor":38},{"not_picked":["Searing Blow+1","Body Slam","Armaments+1"],"picked":"SKIP","floor":45},{"not_picked":["Sever Soul","Abandon","Flame Barrier+1"],"picked":"SKIP","floor":46},{"not_picked":["True Grit+1","Dark Embrace+1"],"picked":"Perfected Strike+1","floor":49}],"player_experience":577983,"relics_obtained":[{"floor":6,"key":"Dream Catcher"},{"floor":9,"key":"Mercury Hourglass"},{"floor":11,"key":"testmod-ObsoleteBoomerang"},{"floor":14,"key":"MawBank"},{"floor":20,"key":"Lantern"},{"floor":24,"key":"testmod-Fortitude"},{"floor":26,"key":"Replay:Mystery Machine"},{"floor":43,"key":"Ancient Tea Set"},{"floor":46,"key":"Centennial Puzzle"},{"floor":48,"key":"testmod-TheFather"}],"event_choices":[{"damage_healed":0,"gold_gain":0,"player_choice":"Swap Relic","damage_taken":0,"relics_obtained":["Guide Book"],"max_hp_gain":0,"max_hp_loss":0,"event_name":"给自己的盒子","floor":4,"relics_lost":["Guide Book"],"gold_loss":0},{"damage_healed":0,"gold_gain":0,"player_choice":"Ignored","damage_taken":0,"max_hp_gain":0,"max_hp_loss":0,"event_name":"Shining Light","floor":8,"gold_loss":0},{"damage_healed":0,"gold_gain":0,"player_choice":"Inject Mutagens","damage_taken":0,"relics_obtained":["MutagenicStrength"],"max_hp_gain":0,"max_hp_loss":0,"event_name":"Drug Dealer","floor":21,"gold_loss":0},{"cards_removed":["Defend_R"],"damage_healed":0,"gold_gain":0,"player_choice":"Elegance","damage_taken":0,"max_hp_gain":0,"max_hp_loss":0,"event_name":"Back to Basics","floor":30,"gold_loss":0},{"damage_healed":0,"gold_gain":400,"player_choice":"Sell","damage_taken":0,"max_hp_gain":0,"max_hp_loss":0,"event_name":"恩洛斯的盘子","floor":36,"relics_lost":["testmod-TestBox"],"gold_loss":0},{"damage_healed":0,"gold_gain":0,"player_choice":"Ignored","damage_taken":0,"max_hp_gain":0,"max_hp_loss":0,"event_name":"Tomb of Lord Red Mask","floor":39,"gold_loss":0},{"damage_healed":0,"gold_gain":0,"player_choice":"Fight","damage_taken":0,"max_hp_gain":0,"max_hp_loss":0,"event_name":"Mysterious Sphere","floor":48,"gold_loss":0}],"is_beta":false,"boss_relics":[{"not_picked":["testmod-Fanaticism","testmod-StringDisintegrator"],"picked":"testmod-Recursion"},{"not_picked":["ChewingGum","Fusion Hammer"],"picked":"Black Blood"}],"items_purged_floors":[3,10,25,37,41,47],"is_endless":false,"potions_floor_spawned":[5,6,12,16,22,27,28,45,46,48],"ascension_level":0}}