{"host":"m4pe905ae9bldoe7","time":1612789689,"event":{"mods":["BaseMod","Bestiary","Block Reminder","Downfall","Minty Spire (QoL Compilation)","StSLib"],"gold_per_floor":[109,109,119,194,109,139,139,157,184,204,204,230,242,254,266,278,278],"floor_reached":16,"language":"ENG","playtime":435,"items_purged":[],"score":184,"play_id":"ef4dc09c-d9b2-42c4-aa21-cf14fe6af944","local_time":"20210208140809","is_ascension_mode":true,"campfire_choices":[{"floor":7.0,"key":"REST"},{"floor":11.0,"key":"REST"},{"floor":15.0,"key":"REST"}],"circlet_count":0,"master_deck":["AscendersBane","Strike_R","Strike_R","Strike_R+1","Strike_R","Strike_R","Defend_R","Defend_R+1","Defend_R","Defend_R","Bash","Spot Weakness","Pummel","Carnage","Armaments","Perfected Strike","Clash","Headbutt","Sword Boomerang","Injury"],"relics":["Black Star","Lantern","Dream Catcher","Potion Belt","Mummified Hand","MawBank","Golden Idol"],"acts_visited":[],"potions_floor_usage":[16],"damage_taken":[{"damage":6.0,"enemies":"2 Louse","floor":1.0,"turns":3.0},{"damage":7.0,"enemies":"Small Slimes","floor":3.0,"turns":3.0},{"damage":27.0,"enemies":"3 Sentries","floor":6.0,"turns":10.0},{"damage":7.0,"enemies":"Jaw Worm","floor":8.0,"turns":2.0},{"damage":1.0,"enemies":"Exordium Thugs","floor":10.0,"turns":4.0},{"damage":13.0,"enemies":"Gremlin Nob","floor":12.0,"turns":3.0},{"damage":36,"enemies":"Hexaghost","floor":16,"turns":7}],"seed_played":"8424005886515254951","potions_obtained":[{"floor":6.0,"key":"Fire Potion"},{"floor":8.0,"key":"hexamod:SoulburnPotion"},{"floor":10.0,"key":"SpeedPotion"},{"floor":12.0,"key":"Ancient Potion"}],"is_trial":false,"path_per_floor":["M","?","M","?","$","E","R","M","T","M","R","E","?","?","R","B"],"character_chosen":"IRONCLAD","items_purchased":["Carnage","Armaments"],"campfire_rested":3,"item_purchase_floors":[5,5],"current_hp_per_floor":[62,47,40,29,29,2,24,17,17,16,38,25,25,13,35,0,0],"gold":278,"neow_bonus":"BOSS_RELIC","is_daily":false,"chose_seed":false,"campfire_upgraded":0,"win_rate":0.0,"timestamp":1612789689,"path_taken":["M","?","M","?","?","E","R","M","T","?","R","E","?","?","R","BOSS"],"items_purchased_type":["Card","Card"],"build_version":"2020-12-22","purchased_purges":0,"victory":false,"max_hp_per_floor":[75,75,75,75,75,75,75,75,75,75,75,75,75,75,75,75,75],"card_choices":[{"not_picked":["Clash","Blood for Blood"],"picked":"Spot Weakness","floor":1.0},{"not_picked":["Shockwave","Wild Strike"],"picked":"Pummel","floor":3.0},{"not_picked":["Armaments","Wild Strike"],"picked":"Perfected Strike","floor":6.0},{"not_picked":["Shrug It Off","Body Slam"],"picked":"Clash","floor":8.0},{"not_picked":["Feel No Pain","Rage"],"picked":"Headbutt","floor":10.0},{"not_picked":["Pommel Strike","Anger"],"picked":"Sword Boomerang","floor":11.0},{"not_picked":["Pummel","Dark Embrace","Fire Breathing"],"picked":"SKIP","floor":12.0}],"player_experience":528060,"relics_obtained":[{"floor":6.0,"key":"Lantern"},{"floor":6.0,"key":"Dream Catcher"},{"floor":9.0,"key":"Potion Belt"},{"floor":12.0,"key":"Mummified Hand"},{"floor":12.0,"key":"MawBank"}],"event_choices":[{"damage_healed":0.0,"max_hp_gain":0.0,"max_hp_loss":0.0,"gold_gain":0.0,"event_name":"Shining Light","player_choice":"Entered Light","floor":2.0,"gold_loss":0.0,"damage_taken":15.0,"cards_upgraded":["Strike_R","Defend_R"]},{"damage_healed":0.0,"max_hp_gain":0.0,"max_hp_loss":0.0,"gold_gain":75.0,"event_name":"World of Goop","player_choice":"Gather Gold","floor":4.0,"gold_loss":0.0,"damage_taken":11.0},{"damage_healed":0.0,"max_hp_gain":0.0,"max_hp_loss":0.0,"gold_gain":0.0,"event_name":"Golden Idol","player_choice":"Take Wound","floor":13.0,"gold_loss":0.0,"damage_taken":0.0,"relics_obtained":["Golden Idol"],"cards_obtained":["Injury"]},{"damage_healed":0.0,"max_hp_gain":0.0,"max_hp_loss":0.0,"gold_gain":0.0,"event_name":"Scrap Ooze","player_choice":"Fled","floor":14.0,"gold_loss":0.0,"damage_taken":12.0}],"is_beta":false,"boss_relics":[],"items_purged_floors":[],"is_endless":false,"potions_floor_spawned":[6,8,10,12],"killed_by":"Hexaghost","ascension_level":14}}