{"host":"5kirneupyg4uzd3w","time":1612757275,"event":{"mods":["BaseMod","Colored Map","Custom Start","Minty Spire (QoL Compilation)","StSLib","SuperFastMode"],"gold_per_floor":[113,113,188,198,213,213,259,259,282,207,237,237,248,279,279,353,353,372,372,392,226,241,241,241],"floor_reached":23,"language":"KOR","playtime":590,"items_purged":["Strike_R"],"score":398,"play_id":"fcf011cb-60c5-48d9-a6b5-4bdd62eb808c","local_time":"20210208130755","is_ascension_mode":true,"campfire_choices":[{"data":"Immolate","floor":6.0,"key":"SMITH"},{"data":"Battle Trance","floor":8.0,"key":"SMITH"},{"data":"Clothesline","floor":12.0,"key":"SMITH"},{"data":"Armaments","floor":15.0,"key":"SMITH"}],"circlet_count":0,"master_deck":["AscendersBane","Strike_R","Strike_R","Defend_R","Defend_R","Defend_R","Defend_R","Bash","Immolate+1","Sword Boomerang","Battle Trance+1","Clothesline+1","Armaments+1","Berserk","Twin Strike","Intimidate","Power Through","Enlightenment","Shrug It Off"],"relics":["Burning Blood","Red Skull","Strawberry","Toy Ornithopter","Art of War","Runic Dome"],"acts_visited":["Exordium","TheCity"],"potions_floor_usage":[16],"damage_taken":[{"damage":0.0,"enemies":"2 Louse","floor":1.0,"turns":1.0},{"damage":9.0,"enemies":"Jaw Worm","floor":4.0,"turns":4.0},{"damage":3.0,"enemies":"Small Slimes","floor":5.0,"turns":2.0},{"damage":27.0,"enemies":"3 Sentries","floor":11.0,"turns":6.0},{"damage":10.0,"enemies":"Red Slaver","floor":13.0,"turns":3.0},{"damage":46.0,"enemies":"Lagavulin","floor":14.0,"turns":6.0},{"damage":27,"enemies":"The Guardian","floor":16,"turns":9},{"damage":25,"enemies":"2 Thieves","floor":18,"turns":4},{"damage":19,"enemies":"Spheric Guardian","floor":20,"turns":4},{"damage":11,"enemies":"Snecko","floor":22,"turns":4},{"damage":36,"enemies":"Book of Stabbing","floor":23,"turns":5}],"seed_played":"-8395021079499140947","potions_obtained":[{"floor":13.0,"key":"BloodPotion"},{"floor":14.0,"key":"SteroidPotion"},{"floor":16,"key":"Swift Potion"}],"is_trial":false,"path_per_floor":["M","?","?","M","M","R","T","R","T","?","E","R","M","E","R","B",null,"M","?","M","$","M","E"],"character_chosen":"IRONCLAD","items_purchased":["Enlightenment"],"campfire_rested":0,"item_purchase_floors":[21],"current_hp_per_floor":[74,79,68,65,68,68,68,68,75,75,54,54,50,32,32,16,69,50,50,37,37,32,0,0],"gold":241,"neow_bonus":"ONE_RANDOM_RARE_CARD","is_daily":false,"chose_seed":false,"campfire_upgraded":4,"win_rate":0.0,"timestamp":1612757275,"path_taken":["M","?","?","M","M","R","?","R","T","?","E","R","M","E","R","BOSS","M","?","M","$","M","E"],"items_purchased_type":["Card"],"build_version":"2020-12-22","purchased_purges":1,"victory":false,"max_hp_per_floor":[75,80,80,80,80,80,80,80,87,87,87,87,87,87,87,87,87,87,87,87,87,87,87,87],"card_choices":[{"not_picked":["Cleave","Spot Weakness"],"picked":"Sword Boomerang","floor":1.0},{"not_picked":["Metallicize","Pommel Strike"],"picked":"Battle Trance","floor":4.0},{"not_picked":["Sword Boomerang","Rampage","Juggernaut"],"picked":"SKIP","floor":5.0},{"not_picked":["Battle Trance","Dark Embrace"],"picked":"Clothesline","floor":11.0},{"not_picked":["Flex","Intimidate","Thunderclap"],"picked":"SKIP","floor":13.0},{"not_picked":["Iron Wave","Anger"],"picked":"Armaments","floor":14.0},{"not_picked":["Immolate","Juggernaut"],"picked":"Berserk","floor":16},{"not_picked":["Bloodletting","Clash"],"picked":"Twin Strike","floor":18},{"not_picked":["Pommel Strike","Flex"],"picked":"Power Through","floor":20},{"not_picked":["Heavy Blade","Armaments"],"picked":"Shrug It Off","floor":22}],"player_experience":304685,"relics_obtained":[{"floor":7.0,"key":"Red Skull"},{"floor":9.0,"key":"Strawberry"},{"floor":11.0,"key":"Toy Ornithopter"},{"floor":14.0,"key":"Art of War"}],"event_choices":[{"damage_healed":0.0,"max_hp_gain":5.0,"max_hp_loss":0.0,"gold_gain":0.0,"event_name":"Big Fish","player_choice":"Donut","floor":2.0,"gold_loss":0.0,"damage_taken":0.0},{"damage_healed":0.0,"max_hp_gain":0.0,"max_hp_loss":0.0,"gold_gain":75.0,"event_name":"World of Goop","player_choice":"Gather Gold","floor":3.0,"gold_loss":0.0,"damage_taken":11.0},{"cards_removed":["Strike_R"],"damage_healed":0.0,"max_hp_gain":0.0,"max_hp_loss":0.0,"gold_gain":0.0,"event_name":"The Cleric","player_choice":"Card Removal","floor":10.0,"gold_loss":75.0,"damage_taken":0.0},{"damage_healed":0,"gold_gain":0,"cards_transformed":["Strike_R"],"player_choice":"Transformed","damage_taken":0,"max_hp_gain":0,"max_hp_loss":0,"event_name":"Transmorgrifier","floor":19,"gold_loss":0,"cards_obtained":["Intimidate"]}],"is_beta":false,"boss_relics":[{"not_picked":["Runic Pyramid","Runic Cube"],"picked":"Runic Dome"}],"items_purged_floors":[21],"is_endless":false,"potions_floor_spawned":[13,14,16],"killed_by":"Book of Stabbing","ascension_level":20}}