{"host":"oigynbtg272c19pw","time":1612781413,"event":{"mods":["BaseMod","Colored Map","Minty Spire (QoL Compilation)","Relic Stats","Slay the Relics Exporter","StSLib"],"gold_per_floor":[112,128,148,162,177,203,203,253,331,331,343,343,371,386,386,457,457,474,474,493,508,508,508],"floor_reached":22,"playtime":1108,"items_purged":[],"score":450,"play_id":"72d9204c-c72a-4bb9-af02-d21e89e63892","local_time":"20210208115013","is_ascension_mode":true,"campfire_choices":[{"data":"Consecrate","floor":7.0,"key":"SMITH"},{"data":"CrushJoints","floor":10,"key":"SMITH"},{"data":"DeceiveReality","floor":12,"key":"SMITH"},{"data":"EmptyBody","floor":15,"key":"SMITH"}],"circlet_count":0,"master_deck":["AscendersBane","Strike_P","Strike_P+1","Strike_P+1","Strike_P","Defend_P","Defend_P","Defend_P","Defend_P","Eruption","Vigilance","Conclude","LikeWater","CrushJoints+1","Consecrate+1","EmptyFist","EmptyBody+1","DeceiveReality+1","Scrawl","Sanctity"],"relics":["PureWater","Whetstone","Kunai","StoneCalendar","Cursed Key","Nloth\u0027s Gift"],"acts_visited":["Exordium","TheCity"],"potions_floor_usage":[13,16,16,16,20,22],"damage_taken":[{"damage":1.0,"enemies":"Cultist","floor":1.0,"turns":4.0},{"damage":0.0,"enemies":"Small Slimes","floor":2.0,"turns":1.0},{"damage":7.0,"enemies":"Jaw Worm","floor":3.0,"turns":4.0},{"damage":3.0,"enemies":"Blue Slaver","floor":4.0,"turns":4.0},{"damage":1.0,"enemies":"Looter","floor":5.0,"turns":4.0},{"damage":0.0,"enemies":"Gremlin Nob","floor":6.0,"turns":2.0},{"damage":0,"enemies":"Large Slime","floor":11,"turns":3},{"damage":1,"enemies":"3 Sentries","floor":13,"turns":3},{"damage":0,"enemies":"3 Louse","floor":14,"turns":2},{"damage":17,"enemies":"Hexaghost","floor":16,"turns":14},{"damage":0,"enemies":"2 Thieves","floor":18,"turns":4},{"damage":17,"enemies":"3 Byrds","floor":20,"turns":3},{"damage":7,"enemies":"Snecko","floor":21,"turns":5},{"damage":33,"enemies":"Snake Plant","floor":22,"turns":6}],"seed_played":"7443354721374316549","potions_obtained":[{"floor":2.0,"key":"ColorlessPotion"},{"floor":3.0,"key":"Energy Potion"},{"floor":11,"key":"EntropicBrew"},{"floor":14,"key":"EssenceOfSteel"},{"floor":16,"key":"LiquidBronze"},{"floor":21,"key":"AttackPotion"}],"is_trial":false,"path_per_floor":["M","M","M","M","M","E","R","?","T","R","M","R","E","M","R","B",null,"M","?","M","M","M"],"character_chosen":"WATCHER","items_purchased":[],"campfire_rested":0,"item_purchase_floors":[],"current_hp_per_floor":[60,60,53,50,49,49,49,43,43,43,43,43,42,42,42,25,57,57,57,40,33,0,0],"gold":508,"neow_bonus":"RANDOM_COMMON_RELIC","is_daily":false,"chose_seed":false,"campfire_upgraded":4,"win_rate":0.0,"timestamp":1612781413,"path_taken":["M","M","M","M","M","E","R","?","T","R","M","R","E","?","R","BOSS","M","?","M","M","M"],"items_purchased_type":[],"build_version":"2020-12-13","purchased_purges":0,"victory":false,"max_hp_per_floor":[68,68,68,68,68,68,68,68,68,68,68,68,68,68,68,68,68,68,68,68,68,68,68],"relic_stats":{"counters":[14,59],"StoneCalendar":[52],"Nloth\u0027s Gift":0,"Whetstone":["Strike_P","Strike_P"],"Kunai":[16],"Cursed Key":0,"obtain_stats":[{"Dream Catcher":6,"StoneCalendar":13,"Nloth\u0027s Gift":19,"Whetstone":0,"Kunai":9,"PureWater":0,"Cursed Key":17},{"Dream Catcher":6,"StoneCalendar":8,"Nloth\u0027s Gift":11,"Whetstone":0,"Kunai":6,"PureWater":0,"Cursed Key":10},{"Dream Catcher":19,"StoneCalendar":25,"Nloth\u0027s Gift":45,"Whetstone":0,"Kunai":19,"PureWater":0,"Cursed Key":41}]},"card_choices":[{"not_picked":["SashWhip","Weave"],"picked":"Conclude","floor":1.0},{"not_picked":["JustLucky","FlyingSleeves"],"picked":"LikeWater","floor":2.0},{"not_picked":["ThirdEye","CutThroughFate"],"picked":"CrushJoints","floor":3.0},{"not_picked":["Crescendo","WindmillStrike"],"picked":"Consecrate","floor":4.0},{"not_picked":["Adaptation","DevaForm"],"picked":"EmptyFist","floor":5.0},{"not_picked":["Evaluate","EmptyFist"],"picked":"EmptyBody","floor":6.0},{"not_picked":["Prostrate","Worship"],"picked":"DeceiveReality","floor":11},{"not_picked":["EmptyFist","WheelKick","EmptyBody"],"picked":"SKIP","floor":13},{"not_picked":["WreathOfFlame","FlyingSleeves","Crescendo"],"picked":"SKIP","floor":14},{"not_picked":["Blasphemy","DeusExMachina"],"picked":"Scrawl","floor":16},{"not_picked":["PathToVictory","ForeignInfluence"],"picked":"Sanctity","floor":18},{"not_picked":["Swivel","Conclude","Worship"],"picked":"SKIP","floor":20},{"not_picked":["CrushJoints+1","WindmillStrike","FlyingSleeves"],"picked":"SKIP","floor":21}],"player_experience":1560895,"relics_obtained":[{"floor":6.0,"key":"Dream Catcher"},{"floor":9,"key":"Kunai"},{"floor":13,"key":"StoneCalendar"}],"event_choices":[{"damage_healed":0,"gold_gain":50,"player_choice":"Touch","damage_taken":6,"max_hp_gain":0,"max_hp_loss":0,"event_name":"FaceTrader","floor":8,"gold_loss":0},{"damage_healed":0,"gold_gain":0,"player_choice":"Traded Relic","damage_taken":0,"relics_obtained":["Nloth\u0027s Gift"],"max_hp_gain":0,"max_hp_loss":0,"event_name":"N\u0027loth","floor":19,"relics_lost":["Dream Catcher"],"gold_loss":0}],"is_beta":false,"boss_relics":[{"not_picked":["Black Star","Empty Cage"],"picked":"Cursed Key"}],"items_purged_floors":[],"is_endless":false,"potions_floor_spawned":[2,3,4,11,14,16,18,21],"killed_by":"Snake Plant","ascension_level":20}}