{"host":"dbb4fkd1j4jczim2","time":1612764014,"event":{"mods":["BaseMod","Downfall","Marisa????????","Minty Spire (QoL Compilation)","Permanent Neow","StSLib"],"gold_per_floor":[99,115,133,151,161,193,193,212,1,1,1,14,31,50,60,163,163,163,176,86,98,98,111,137,38,50,64,64,99,119,119,135,232,232,32,132,132,132,132],"floor_reached":37,"language":"ENG","playtime":2670,"items_purged":["Decay","Shame"],"score":397,"play_id":"35f6d800-a6dd-4b16-b146-e3309c896520","local_time":"20210208000014","is_ascension_mode":false,"campfire_choices":[{"data":"hexamod:Float","floor":1.0,"key":"SMITH"},{"data":"expansioncontent:DashGenerateEvil","floor":11.0,"key":"SMITH"},{"data":"hexamod:HexaLevel","floor":18.0,"key":"SMITH"},{"data":"hexamod:BurningTouch","floor":28.0,"key":"SMITH"},{"data":"hexamod:UnlimitedPower","floor":35.0,"key":"SMITH"}],"circlet_count":0,"master_deck":["hexamod:Strike","hexamod:Strike","hexamod:Strike","hexamod:Strike","hexamod:Defend+1","hexamod:Defend+1","hexamod:Defend+1","hexamod:Defend+1","hexamod:Sear+1","hexamod:Float+1","hexamod:NightmareGuise+1","hexamod:HauntingEcho+1","hexamod:SkipABeat+1","hexamod:FlamesFromBeyond+1","hexamod:ExtraCrispy+1","hexamod:CatchUp+1","hexamod:GhostflameBarrier+1","expansioncontent:DashGenerateEvil+1","hexamod:InspiringFlames+1","hexamod:GhostShield+1","hexamod:GhostShield+1","hexamod:HexaLevel+1","hexamod:FlamesFromBeyond+1","hexamod:HeatCrush+1","expansioncontent:DashGenerateEvil+1","hexamod:Sear+1","hexamod:ShieldOfDarkness+1","hexamod:DynamicBlow+1","hexamod:BurningTouch+1","hexamod:ThermalTransfer+1","hexamod:EtherealExpedition+1","hexamod:NightmareGuise+1","hexamod:UnlimitedPower+1","hexamod:Sear","hexamod:InspiringFlames","hexamod:PhantomCloak","hexamod:GiftsFromTheDead","Finesse","downfall:Malfunctioning","hexamod:GhostShield+1"],"relics":["hexamod:SpiritBrand","Toy Ornithopter","Pantograph","HornCleat","Philosopher\u0027s Stone","War Paint","Eternal Feather","Frozen Eye","White Beast Statue","downfall:RedIOU","downfall:RedIOUUpgrade","downfall:HeartsMalice","downfall:ShatteredFragment","Coffee Dripper","downfall:HeartBlessingGreen","downfall:HeartBlessingBlue","downfall:GremlinSack"],"acts_visited":["Exordium","TheCity","TheBeyond"],"potions_floor_usage":[],"damage_taken":[{"damage":0.0,"enemies":"Small Slimes","floor":2.0,"turns":3.0},{"damage":0.0,"enemies":"Cultist","floor":3.0,"turns":4.0},{"damage":1.0,"enemies":"Jaw Worm","floor":4.0,"turns":4.0},{"damage":40.0,"enemies":"Gremlin Gang","floor":5.0,"turns":8.0},{"damage":14.0,"enemies":"Lagavulin","floor":6.0,"turns":7.0},{"damage":0.0,"enemies":"Red Slaver","floor":8.0,"turns":4.0},{"damage":0.0,"enemies":"downfall:FleeingMerchant","floor":9.0,"turns":4.0},{"damage":9.0,"enemies":"3 Louse","floor":12.0,"turns":3.0},{"damage":0.0,"enemies":"Exordium Thugs","floor":13.0,"turns":2.0},{"damage":0.0,"enemies":"Gremlin Gang","floor":14.0,"turns":5.0},{"damage":0.0,"enemies":"Lots of Slimes","floor":15.0,"turns":4.0},{"damage":37.0,"enemies":"DF_ARCHETYPE_STREAMLINE","floor":16.0,"turns":12.0},{"damage":4.0,"enemies":"3 Byrds","floor":19.0,"turns":4.0},{"damage":3.0,"enemies":"downfall:FleeingMerchant","floor":20.0,"turns":4.0},{"damage":6.0,"enemies":"Shell Parasite","floor":21.0,"turns":7.0},{"damage":10.0,"enemies":"Sentry and Sphere","floor":23.0,"turns":4.0},{"damage":0.0,"enemies":"downfall:FleeingMerchant","floor":25.0,"turns":4.0},{"damage":27.0,"enemies":"Centurion and Healer","floor":26.0,"turns":7.0},{"damage":0.0,"enemies":"Chosen and Byrds","floor":27.0,"turns":5.0},{"damage":15.0,"enemies":"Slavers","floor":29.0,"turns":6.0},{"damage":11.0,"enemies":"Sentry and Sphere","floor":30.0,"turns":5.0},{"damage":0.0,"enemies":"Centurion and Healer","floor":32.0,"turns":6.0},{"damage":0.0,"enemies":"IC_MUSHROOM_ARCHETYPE","floor":33.0,"turns":1.0},{"damage":0.0,"enemies":"IC_MUSHROOM_ARCHETYPE","floor":36.0,"turns":1.0}],"seed_played":"1178983860129855813","potions_obtained":[{"floor":5.0,"key":"Dexterity Potion"},{"floor":8.0,"key":"PowerPotion"},{"floor":12.0,"key":"Fire Potion"},{"floor":13.0,"key":"Fire Potion"},{"floor":14.0,"key":"ColorlessPotion"},{"floor":15.0,"key":"Swift Potion"},{"floor":16.0,"key":"Strength Potion"},{"floor":21.0,"key":"Ancient Potion"},{"floor":27.0,"key":"Regen Potion"},{"floor":31.0,"key":"CultistPotion"},{"floor":32.0,"key":"sneckomod:MuddlingPotion"},{"floor":36.0,"key":"DistilledChaos"}],"is_trial":false,"path_per_floor":["R","M","M","M","M","E","T","M","$","?","R","M","M","M","M","B",null,"R","M","$","M","?","M","T","$","M","M","R","E","M","?","M","B",null,"R","?","M"],"character_chosen":"THE_SPIRIT","items_purchased":["expansioncontent:DashGenerateEvil","hexamod:BurningTouch","War Paint","Block Potion","Eternal Feather","Frozen Eye"],"campfire_rested":0,"item_purchase_floors":[9,25,25,25,25,25],"current_hp_per_floor":[70,70,70,69,29,20,20,20,20,20,20,11,11,16,21,24,70,70,66,63,57,57,47,47,47,30,45,63,48,37,37,57,57,70,80,80,80,80,80],"gold":132,"neow_bonus":"RANDOM_COMMON_RELIC","is_daily":false,"chose_seed":false,"campfire_upgraded":5,"win_rate":0.0,"timestamp":1612764014,"path_taken":["R","M","M","M","M","E","T","M","$","?","R","M","M","?","M","BOSS","R","M","$","M","?","?","T","?","M","M","R","E","M","?","M","BOSS","R","?","?"],"items_purchased_type":["Card","Card","Relic","Potion","Relic","Relic"],"build_version":"2020-12-22","purchased_purges":2,"victory":false,"max_hp_per_floor":[70,70,70,70,70,70,70,70,70,70,70,70,70,70,70,70,70,70,70,70,70,70,70,70,70,70,70,70,70,70,70,70,70,70,80,80,80,80,80],"card_choices":[{"not_picked":["hexamod:GhostShield","hexamod:SpectersWail"],"picked":"hexamod:NightmareGuise","floor":2.0},{"not_picked":["hexamod:RainOfEmbers","hexamod:GhostOfSpirePast"],"picked":"hexamod:HauntingEcho","floor":3.0},{"not_picked":["hexamod:UnleashSpirits","hexamod:BacktrackSmack"],"picked":"hexamod:SkipABeat","floor":4.0},{"not_picked":["hexamod:BurningTouch","hexamod:FastForward"],"picked":"hexamod:FlamesFromBeyond","floor":5.0},{"not_picked":["hexamod:SwordOfDarkness","hexamod:Haunt"],"picked":"hexamod:ExtraCrispy","floor":6.0},{"not_picked":["hexamod:Hexaguard","hexamod:HauntingEcho"],"picked":"hexamod:CatchUp","floor":8.0},{"not_picked":["hexamod:RainOfEmbers","hexamod:StepThrough"],"picked":"hexamod:GhostflameBarrier","floor":9.0},{"not_picked":["hexamod:ThermalTransfer","hexamod:InspiringFlames","hexamod:HauntingEcho"],"picked":"SKIP","floor":12.0},{"not_picked":["hexamod:Firestarter","hexamod:GhostLash"],"picked":"hexamod:InspiringFlames","floor":13.0},{"not_picked":["hexamod:Firestarter","hexamod:UnleashSpirits"],"picked":"hexamod:GhostShield","floor":14.0},{"not_picked":["hexamod:SpectersWail","hexamod:NightmareGuise"],"picked":"hexamod:GhostShield","floor":15.0},{"not_picked":["hexamod:VolcanoVisage","hexamod:TurnItUp"],"picked":"hexamod:HexaLevel","floor":16.0},{"not_picked":["hexamod:Rewind","hexamod:AdvancingGuard"],"picked":"hexamod:FlamesFromBeyond","floor":19.0},{"not_picked":["hexamod:PhantomFireball","hexamod:GhostLash","hexamod:GhostOfSpirePresent"],"picked":"SKIP","floor":20.0},{"not_picked":["hexamod:SwordOfDarkness","hexamod:PhantomFireball"],"picked":"hexamod:HeatCrush","floor":21.0},{"not_picked":["hexamod:NightmareGuise","hexamod:Firestarter+1"],"picked":"hexamod:ShieldOfDarkness","floor":23.0},{"not_picked":["hexamod:FlamesFromBeyond","hexamod:ShieldOfDarkness+1"],"picked":"hexamod:DynamicBlow","floor":25.0},{"not_picked":["hexamod:PhantomFireball+1","hexamod:GhostflameBarrier"],"picked":"hexamod:ThermalTransfer","floor":26.0},{"not_picked":["hexamod:UnleashSpirits","hexamod:ShieldOfDarkness","hexamod:NightmareStrike"],"picked":"SKIP","floor":27.0},{"not_picked":["hexamod:SwordOfDarkness","hexamod:GhostflameBarrier"],"picked":"hexamod:EtherealExpedition","floor":29.0},{"not_picked":["hexamod:HauntingEcho","hexamod:FlamesFromBeyond","hexamod:FirstSeal"],"picked":"SKIP","floor":30.0},{"not_picked":["hexamod:Firestarter+1","hexamod:SkipABeat"],"picked":"hexamod:NightmareGuise+1","floor":32.0},{"not_picked":["hexamod:HexaLevel","hexamod:SixthSeal"],"picked":"hexamod:UnlimitedPower","floor":33.0},{"not_picked":["hexamod:ThermalTransfer","hexamod:FastForward"],"picked":"hexamod:GhostShield+1","floor":36.0}],"player_experience":334323,"relics_obtained":[{"floor":6.0,"key":"Pantograph"},{"floor":7.0,"key":"HornCleat"},{"floor":29.0,"key":"White Beast Statue"},{"floor":36.0,"key":"downfall:GremlinSack"}],"event_choices":[{"damage_healed":0.0,"max_hp_gain":0.0,"max_hp_loss":0.0,"gold_gain":0.0,"event_name":"Wheel of Change","player_choice":"Cursed","floor":10.0,"gold_loss":0.0,"damage_taken":0.0,"cards_obtained":["Decay"]},{"damage_healed":0.0,"max_hp_gain":0.0,"max_hp_loss":0.0,"gold_gain":0.0,"event_name":"Upgrade Shrine","player_choice":"Upgraded","floor":32.0,"gold_loss":0.0,"damage_taken":0.0,"cards_upgraded":["hexamod:EtherealExpedition"]},{"damage_healed":0.0,"max_hp_gain":0.0,"max_hp_loss":0.0,"gold_gain":0.0,"event_name":"Upgrade Shrine","player_choice":"Upgraded","floor":32.0,"gold_loss":0.0,"damage_taken":0.0,"cards_upgraded":["hexamod:SkipABeat"]},{"damage_healed":0.0,"max_hp_gain":0.0,"max_hp_loss":0.0,"gold_gain":0.0,"event_name":"Upgrade Shrine","player_choice":"Upgraded","floor":32.0,"gold_loss":0.0,"damage_taken":0.0,"cards_upgraded":["hexamod:Sear"]},{"damage_healed":0.0,"max_hp_gain":0.0,"max_hp_loss":0.0,"gold_gain":0.0,"event_name":"Upgrade Shrine","player_choice":"Upgraded","floor":32.0,"gold_loss":0.0,"damage_taken":0.0,"cards_upgraded":["hexamod:Sear"]},{"damage_healed":0.0,"max_hp_gain":0.0,"max_hp_loss":0.0,"gold_gain":0.0,"event_name":"Upgrade Shrine","player_choice":"Upgraded","floor":32.0,"gold_loss":0.0,"damage_taken":0.0,"cards_upgraded":["hexamod:HeatCrush"]},{"damage_healed":0.0,"max_hp_gain":0.0,"max_hp_loss":0.0,"gold_gain":0.0,"event_name":"Upgrade Shrine","player_choice":"Upgraded","floor":32.0,"gold_loss":0.0,"damage_taken":0.0,"cards_upgraded":["hexamod:HauntingEcho"]},{"damage_healed":0.0,"max_hp_gain":0.0,"max_hp_loss":0.0,"gold_gain":0.0,"event_name":"Upgrade Shrine","player_choice":"Upgraded","floor":32.0,"gold_loss":0.0,"damage_taken":0.0,"cards_upgraded":["hexamod:FlamesFromBeyond"]},{"damage_healed":0.0,"max_hp_gain":0.0,"max_hp_loss":0.0,"gold_gain":0.0,"event_name":"Upgrade Shrine","player_choice":"Upgraded","floor":32.0,"gold_loss":0.0,"damage_taken":0.0,"cards_upgraded":["hexamod:ExtraCrispy"]},{"damage_healed":0.0,"max_hp_gain":0.0,"max_hp_loss":0.0,"gold_gain":0.0,"event_name":"Upgrade Shrine","player_choice":"Upgraded","floor":32.0,"gold_loss":0.0,"damage_taken":0.0,"cards_upgraded":["hexamod:CatchUp"]},{"damage_healed":0.0,"max_hp_gain":0.0,"max_hp_loss":0.0,"gold_gain":0.0,"event_name":"Upgrade Shrine","player_choice":"Upgraded","floor":32.0,"gold_loss":0.0,"damage_taken":0.0,"cards_upgraded":["hexamod:InspiringFlames"]},{"damage_healed":0.0,"max_hp_gain":0.0,"max_hp_loss":0.0,"gold_gain":0.0,"event_name":"Upgrade Shrine","player_choice":"Upgraded","floor":32.0,"gold_loss":0.0,"damage_taken":0.0,"cards_upgraded":["hexamod:GhostShield"]},{"damage_healed":0.0,"max_hp_gain":0.0,"max_hp_loss":0.0,"gold_gain":0.0,"event_name":"Upgrade Shrine","player_choice":"Upgraded","floor":32.0,"gold_loss":0.0,"damage_taken":0.0,"cards_upgraded":["hexamod:GhostShield"]},{"damage_healed":0.0,"max_hp_gain":0.0,"max_hp_loss":0.0,"gold_gain":0.0,"event_name":"Upgrade Shrine","player_choice":"Upgraded","floor":32.0,"gold_loss":0.0,"damage_taken":0.0,"cards_upgraded":["hexamod:FlamesFromBeyond"]},{"damage_healed":0.0,"max_hp_gain":0.0,"max_hp_loss":0.0,"gold_gain":0.0,"event_name":"Upgrade Shrine","player_choice":"Upgraded","floor":32.0,"gold_loss":0.0,"damage_taken":0.0,"cards_upgraded":["hexamod:ShieldOfDarkness"]},{"damage_healed":0.0,"max_hp_gain":0.0,"max_hp_loss":0.0,"gold_gain":0.0,"event_name":"Upgrade Shrine","player_choice":"Upgraded","floor":32.0,"gold_loss":0.0,"damage_taken":0.0,"cards_upgraded":["hexamod:DynamicBlow"]},{"damage_healed":0.0,"max_hp_gain":0.0,"max_hp_loss":0.0,"gold_gain":0.0,"event_name":"Upgrade Shrine","player_choice":"Upgraded","floor":32.0,"gold_loss":0.0,"damage_taken":0.0,"cards_upgraded":["hexamod:ThermalTransfer"]},{"damage_healed":0.0,"max_hp_gain":0.0,"max_hp_loss":0.0,"gold_gain":0.0,"event_name":"Upgrade Shrine","player_choice":"Upgraded","floor":32.0,"gold_loss":0.0,"damage_taken":0.0,"cards_upgraded":["hexamod:Defend"]},{"damage_healed":0.0,"max_hp_gain":0.0,"max_hp_loss":0.0,"gold_gain":0.0,"event_name":"Upgrade Shrine","player_choice":"Upgraded","floor":32.0,"gold_loss":0.0,"damage_taken":0.0,"cards_upgraded":["hexamod:Defend"]},{"damage_healed":0.0,"max_hp_gain":0.0,"max_hp_loss":0.0,"gold_gain":0.0,"event_name":"Upgrade Shrine","player_choice":"Upgraded","floor":32.0,"gold_loss":0.0,"damage_taken":0.0,"cards_upgraded":["hexamod:Defend"]},{"damage_healed":0.0,"max_hp_gain":0.0,"max_hp_loss":0.0,"gold_gain":0.0,"event_name":"Upgrade Shrine","player_choice":"Upgraded","floor":32.0,"gold_loss":0.0,"damage_taken":0.0,"cards_upgraded":["hexamod:Defend"]}],"is_beta":false,"boss_relics":[{"not_picked":["Empty Cage","Pandora\u0027s Box"],"picked":"Philosopher\u0027s Stone"},{"not_picked":["Astrolabe","Velvet Choker"],"picked":"Coffee Dripper"}],"items_purged_floors":[20,25],"is_endless":false,"potions_floor_spawned":[5,8,12,13,14,15,16,21,27,29,30,32,33,36],"killed_by":"3 Darklings","ascension_level":0}}