{"host":"7368wqr6hq1ej5wt","time":1612792540,"event":{"mods":["BaseMod","Colored Map","Colored Powertips","Minty Spire (QoL Compilation)","Replay The Spire","StSLib"],"gold_per_floor":[112,127,142,158,172,201,201,218,245,197,197,197,197,46,46,46],"floor_reached":15,"language":"ENG","playtime":1795,"items_purged":["Defend_R"],"score":97,"play_id":"373fe955-71dc-4b33-8b34-a8efc173d1c1","local_time":"20210208145540","is_ascension_mode":false,"campfire_choices":[{"data":"Heavy Blade","floor":7,"key":"SMITH"}],"circlet_count":0,"master_deck":["Strike_R","Strike_R","Strike_R","Strike_R","Defend_R","Defend_R","Defend_R","Bash","Flex","Iron Wave","Shrug It Off","Infernal Blade+1","Heavy Blade+1","Headbutt","Life Link"],"relics":["Burning Blood"],"acts_visited":["Exordium"],"potions_floor_usage":[6,8],"damage_taken":[{"damage":1,"enemies":"Jaw Worm","floor":1,"turns":5},{"damage":2,"enemies":"Small Slimes","floor":2,"turns":5},{"damage":5,"enemies":"Cultist","floor":3,"turns":4},{"damage":10,"enemies":"Looter","floor":4,"turns":3},{"damage":10,"enemies":"Large Slime","floor":5,"turns":6},{"damage":35,"enemies":"3 Sentries","floor":6,"turns":15},{"damage":17,"enemies":"Exordium Wildlife","floor":8,"turns":4},{"damage":36,"enemies":"Lagavulin","floor":15,"turns":5}],"seed_played":"3798891322450258344","potions_obtained":[{"floor":3,"key":"Strength Potion"},{"floor":4,"key":"Adrenaline Potion"},{"floor":6,"key":"ColorlessPotion"}],"is_trial":false,"path_per_floor":["M","M","M","M","M","E","R","M","T","?","?","PTL","PTL","$","E"],"character_chosen":"IRONCLAD","items_purchased":["Life Link"],"campfire_rested":0,"item_purchase_floors":[14],"current_hp_per_floor":[80,80,80,76,72,43,43,32,32,32,32,32,32,32,0,0],"gold":46,"neow_bonus":"REMOVE_CARD","is_daily":false,"chose_seed":false,"campfire_upgraded":1,"win_rate":0.0,"timestamp":1612792540,"path_taken":["M","M","M","M","M","E","R","M","T","?","?","PTL","PTL","?","E"],"items_purchased_type":["Card"],"build_version":"2020-12-22","purchased_purges":1,"victory":false,"max_hp_per_floor":[80,80,80,80,80,80,80,80,80,80,80,80,80,80,80,80],"card_choices":[{"not_picked":["Ghostly Armor","Havoc"],"picked":"Flex","floor":1},{"not_picked":["Pommel Strike","Entrench"],"picked":"Iron Wave","floor":2},{"not_picked":["Second Wind","Thunderclap","Body Slam"],"picked":"SKIP","floor":3},{"not_picked":["Havoc","Pummel"],"picked":"Shrug It Off","floor":4},{"not_picked":["Dual Wield","ReplayTheSpireMod:Corrosion Curse"],"picked":"Infernal Blade","floor":5},{"not_picked":["Pommel Strike","Immolate"],"picked":"Heavy Blade","floor":6},{"not_picked":["Iron Wave","Replay:Undeath\u0027s Touch"],"picked":"Headbutt","floor":8}],"player_experience":206651,"relics_obtained":[],"event_choices":[{"damage_healed":0,"gold_gain":0,"player_choice":"Left Gold","damage_taken":0,"max_hp_gain":0,"max_hp_loss":0,"event_name":"World of Goop","floor":10,"gold_loss":48}],"is_beta":false,"boss_relics":[],"items_purged_floors":[14],"is_endless":false,"potions_floor_spawned":[3,4,6],"killed_by":"Lagavulin","ascension_level":0}}