{"host":"c6u7e77myxvw4d0m","time":1612770837,"event":{"mods":["AchievementEnabler","BaseMod","Bestiary","Colored Map","Colored Powertips","Minty Spire (QoL Compilation)","Rare Cards Sparkle","Relic Stats","everything is the same but u backflip on backflip"],"gold_per_floor":[115,134,146,146,165,191,191,191,191,191,202,221,221,237,237,314,314,314,314,77,77,0,0,0,0,0,0,0,0,0,0,0,0,0,0,0,0,0,0,0,0,0,0,0,0,0,0,0,0,0,0,0],"floor_reached":51,"language":"ENG","playtime":5894,"items_purged":["Strike_G"],"score":1562,"play_id":"0e08d93a-38c9-4691-a548-a73d6d988bde","local_time":"20210208095357","is_ascension_mode":true,"campfire_choices":[{"data":"Dash","floor":7,"key":"SMITH"},{"data":"Cloak And Dagger","floor":10,"key":"SMITH"},{"data":"Footwork","floor":13,"key":"SMITH"},{"data":"Blade Dance","floor":15,"key":"SMITH"},{"data":"Wraith Form v2","floor":23,"key":"SMITH"},{"floor":32,"key":"REST"},{"data":"Catalyst","floor":41,"key":"SMITH"},{"data":"Noxious Fumes","floor":46,"key":"SMITH"},{"floor":49,"key":"REST"}],"circlet_count":0,"master_deck":["AscendersBane","Strike_G","Strike_G","Strike_G","Strike_G","Defend_G","Defend_G","Defend_G","Defend_G","Defend_G","Survivor","Sucker Punch","Blade Dance+1","Dash+1","Cloak And Dagger+1","Deadly Poison","Footwork+1","Acrobatics","Dagger Spray","Wraith Form v2+1","Deadly Poison","Catalyst+1","Backflip+1","Noxious Fumes+1","Corpse Explosion","Prepared+1","Accuracy","Deflect+1","Leg Sweep","Escape Plan+1","Blade Dance+1","Venomology"],"relics":["Ring of the Serpent","Gremlin Horn","Omamori","Dead Branch","Ectoplasm","Oddly Smooth Stone","Sundial","Bag of Marbles","Meat on the Bone","Red Mask","Unceasing Top","Snake Skull","Bag of Preparation","Strawberry"],"acts_visited":["Exordium","TheCity","TheBeyond"],"potions_floor_usage":[6,16,21,25,29,35,42,45,50,50,51],"damage_taken":[{"damage":5,"enemies":"Cultist","floor":1,"turns":6},{"damage":2,"enemies":"Jaw Worm","floor":2,"turns":4},{"damage":3,"enemies":"2 Louse","floor":3,"turns":3},{"damage":8,"enemies":"Exordium Thugs","floor":5,"turns":6},{"damage":7,"enemies":"3 Sentries","floor":6,"turns":8},{"damage":0,"enemies":"2 Fungi Beasts","floor":11,"turns":3},{"damage":0,"enemies":"Blue Slaver","floor":12,"turns":4},{"damage":3,"enemies":"3 Louse","floor":14,"turns":3},{"damage":38,"enemies":"The Guardian","floor":16,"turns":9},{"damage":11,"enemies":"Spheric Guardian","floor":18,"turns":3},{"damage":3,"enemies":"3 Byrds","floor":21,"turns":4},{"damage":7,"enemies":"Shelled Parasite and Fungi","floor":24,"turns":7},{"damage":8,"enemies":"Slavers","floor":25,"turns":6},{"damage":5,"enemies":"Cultist and Chosen","floor":27,"turns":5},{"damage":0,"enemies":"Centurion and Healer","floor":29,"turns":4},{"damage":44,"enemies":"Gremlin Leader","floor":30,"turns":6},{"damage":3,"enemies":"Automaton","floor":33,"turns":9},{"damage":0,"enemies":"3 Shapes","floor":35,"turns":5},{"damage":5,"enemies":"Orb Walker","floor":36,"turns":5},{"damage":2,"enemies":"Maw","floor":38,"turns":7},{"damage":0,"enemies":"Reptomancer","floor":40,"turns":6},{"damage":4,"enemies":"Spire Growth","floor":42,"turns":5},{"damage":13,"enemies":"Giant Head","floor":44,"turns":7},{"damage":13,"enemies":"Writhing Mass","floor":45,"turns":6},{"damage":2,"enemies":"Reptomancer","floor":47,"turns":5},{"damage":0,"enemies":"Transient","floor":48,"turns":6},{"damage":56,"enemies":"Donu and Deca","floor":50,"turns":8},{"damage":44,"enemies":"Awakened One","floor":51,"turns":11}],"seed_played":"-3574908508177816267","potions_obtained":[{"floor":3,"key":"FairyPotion"},{"floor":5,"key":"Explosive Potion"},{"floor":6,"key":"DuplicationPotion"},{"floor":19,"key":"AttackPotion"},{"floor":21,"key":"Explosive Potion"},{"floor":27,"key":"GamblersBrew"},{"floor":30,"key":"SteroidPotion"},{"floor":33,"key":"LiquidMemories"},{"floor":35,"key":"LiquidBronze"},{"floor":42,"key":"Explosive Potion"},{"floor":48,"key":"GamblersBrew"}],"is_trial":false,"path_per_floor":["M","M","M","T","M","E","R","?","T","R","M","M","R","M","R","B",null,"M","?","$","M","?","R","M","E","T","M","$","M","E","?","R","B",null,"M","M","?","M","?","E","R","M","T","E","M","R","E","M","R","B","B"],"character_chosen":"THE_SILENT","items_purchased":["Oddly Smooth Stone"],"campfire_rested":2,"item_purchase_floors":[20],"current_hp_per_floor":[60,58,55,55,47,40,40,45,45,45,45,45,45,42,42,4,59,48,48,48,45,45,45,38,30,30,25,25,25,7,22,45,42,68,68,63,63,61,61,61,61,57,57,44,43,43,48,48,73,29,0,0],"gold":0,"neow_bonus":"TEN_PERCENT_HP_BONUS","is_daily":false,"chose_seed":false,"campfire_upgraded":7,"win_rate":0.0,"timestamp":1612770837,"path_taken":["M","M","M","?","M","E","R","?","T","R","M","M","R","M","R","BOSS","M","?","?","M","?","R","M","E","T","M","?","M","E","?","R","BOSS","M","M","?","M","?","E","R","M","T","E","M","R","E","M","R","BOSS","BOSS"],"items_purchased_type":["Relic"],"build_version":"2020-12-22","purchased_purges":1,"victory":false,"max_hp_per_floor":[72,72,72,72,72,72,72,77,77,77,77,77,77,77,77,77,77,77,77,77,77,77,77,77,77,77,77,77,77,77,77,77,77,77,77,77,77,77,77,77,77,77,77,77,77,77,84,84,84,84,84,84],"relic_stats":{"Gremlin Horn":[31,34],"counters":[28,161],"Sundial":[12],"Dead Branch":[339],"Ectoplasm":425,"Snake Skull":[53],"Bag of Preparation":[10],"obtain_stats":[{"Gremlin Horn":4,"Dead Branch":9,"Oddly Smooth Stone":20,"Snake Skull":43,"Omamori":6,"Bag of Preparation":44,"Sundial":25,"Strawberry":47,"Ectoplasm":17,"Bag of Marbles":26,"Red Mask":39,"Ring of the Serpent":34,"Unceasing Top":40,"Ring of the Snake":0,"Meat on the Bone":30},{"Gremlin Horn":3,"Dead Branch":5,"Oddly Smooth Stone":10,"Snake Skull":22,"Omamori":5,"Bag of Preparation":23,"Sundial":13,"Strawberry":25,"Ectoplasm":9,"Bag of Marbles":13,"Red Mask":20,"Ring of the Serpent":17,"Unceasing Top":21,"Ring of the Snake":0,"Meat on the Bone":16},{"Gremlin Horn":13,"Dead Branch":27,"Oddly Smooth Stone":49,"Snake Skull":118,"Omamori":27,"Bag of Preparation":125,"Sundial":66,"Strawberry":136,"Ectoplasm":46,"Bag of Marbles":66,"Red Mask":107,"Ring of the Serpent":90,"Unceasing Top":113,"Ring of the Snake":0,"Meat on the Bone":81}],"Unceasing Top":[1],"Meat on the Bone":24},"card_choices":[{"not_picked":["Dodge and Roll","Deadly Poison"],"picked":"Sucker Punch","floor":1},{"not_picked":["Endless Agony","Dagger Throw"],"picked":"Blade Dance","floor":2},{"not_picked":["Flying Knee","Poisoned Stab"],"picked":"Dash","floor":3},{"not_picked":["Reflex","Tactician"],"picked":"Cloak And Dagger","floor":5},{"not_picked":["Expertise","Riddle With Holes"],"picked":"Deadly Poison","floor":6},{"not_picked":["Slice","Escape Plan"],"picked":"Footwork","floor":11},{"not_picked":["Underhanded Strike","Dagger Throw"],"picked":"Acrobatics","floor":12},{"not_picked":["Choke","Calculated Gamble"],"picked":"Dagger Spray","floor":14},{"not_picked":["Bullet Time","Doppelganger"],"picked":"Wraith Form v2","floor":16},{"not_picked":["Dash","Dagger Throw"],"picked":"Deadly Poison","floor":18},{"not_picked":["Acrobatics","Prepared"],"picked":"Catalyst","floor":21},{"not_picked":["Outmaneuver","Caltrops"],"picked":"Backflip+1","floor":24},{"not_picked":["Backflip","Underhanded Strike","Caltrops"],"picked":"SKIP","floor":25},{"not_picked":["Dodge and Roll","Eviscerate","Blade Dance"],"picked":"SKIP","floor":27},{"not_picked":["Deadly Poison","Dash"],"picked":"Noxious Fumes","floor":29},{"not_picked":["Expertise","Choke","Quick Slash"],"picked":"SKIP","floor":30},{"not_picked":["Tools of the Trade","After Image"],"picked":"Corpse Explosion","floor":33},{"not_picked":["Setup","Bane","Underhanded Strike"],"picked":"SKIP","floor":35},{"not_picked":["Blade Dance","Poisoned Stab"],"picked":"Prepared+1","floor":36},{"not_picked":["Backstab","Reflex"],"picked":"Accuracy","floor":38},{"not_picked":["Flying Knee+1","Prepared+1"],"picked":"Deflect+1","floor":40},{"not_picked":["Skewer","Prepared+1"],"picked":"Leg Sweep","floor":42},{"not_picked":["Bouncing Flask","Skewer"],"picked":"Escape Plan+1","floor":44},{"not_picked":["Acrobatics","Backflip+1"],"picked":"Blade Dance+1","floor":45},{"not_picked":["Backflip","Setup+1"],"picked":"Venomology","floor":47},{"not_picked":["Poisoned Stab","Bane","Skewer"],"picked":"SKIP","floor":48}],"player_experience":714577,"relics_obtained":[{"floor":4,"key":"Gremlin Horn"},{"floor":6,"key":"Omamori"},{"floor":9,"key":"Dead Branch"},{"floor":25,"key":"Sundial"},{"floor":26,"key":"Bag of Marbles"},{"floor":30,"key":"Meat on the Bone"},{"floor":40,"key":"Unceasing Top"},{"floor":43,"key":"Snake Skull"},{"floor":44,"key":"Bag of Preparation"},{"floor":47,"key":"Strawberry"}],"event_choices":[{"damage_healed":0,"gold_gain":0,"player_choice":"Donut","damage_taken":0,"max_hp_gain":5,"max_hp_loss":0,"event_name":"Big Fish","floor":8,"gold_loss":0},{"damage_healed":0,"gold_gain":0,"player_choice":"Got Potions","damage_taken":0,"max_hp_gain":0,"max_hp_loss":0,"event_name":"Lab","floor":19,"gold_loss":0},{"damage_healed":0,"gold_gain":0,"player_choice":"Paid Fearfully","damage_taken":0,"max_hp_gain":0,"max_hp_loss":0,"event_name":"Masked Bandits","floor":22,"gold_loss":77},{"damage_healed":15,"gold_gain":0,"player_choice":"Heal","damage_taken":0,"max_hp_gain":0,"max_hp_loss":0,"event_name":"The Library","floor":31,"gold_loss":0},{"cards_removed":["Neutralize"],"damage_healed":0,"gold_gain":0,"player_choice":"Removed Attack","damage_taken":0,"max_hp_gain":0,"max_hp_loss":0,"event_name":"Falling","floor":37,"gold_loss":0},{"damage_healed":0,"gold_gain":0,"player_choice":"Paid","damage_taken":0,"relics_obtained":["Red Mask"],"max_hp_gain":0,"max_hp_loss":0,"event_name":"Tomb of Lord Red Mask","floor":39,"gold_loss":0}],"is_beta":false,"boss_relics":[{"not_picked":["Tiny House","SlaversCollar"],"picked":"Ectoplasm"},{"not_picked":["Black Star","Astrolabe"],"picked":"Ring of the Serpent"}],"items_purged_floors":[20],"is_endless":false,"potions_floor_spawned":[3,5,6,11,12,21,24,27,30,33,35,40,42,48],"killed_by":"Awakened One","ascension_level":20}}