{"host":"izuk9e9wv4u4y8b4","time":1612794931,"event":{"mods":["A Penny For Your Troubles","BaseMod","Better Debug","Better Third Choice","Curses Come First","Custom Start","Highlight Path","Minty Spire (QoL Compilation)","Permanent Neow","Quick Restart","Relic Sorter","Relic Stats","Reorder Act Four","Shop Mod","Smile Girya","StSLib"],"gold_per_floor":[112,112,112,112,129,160,160,188,200,212,278,290,302,302],"floor_reached":13,"language":"ENG","playtime":382,"items_purged":[],"score":178,"play_id":"03b5dc2f-8e69-4bd8-8287-1eb7884a17a4","local_time":"20210208143531","is_ascension_mode":true,"campfire_choices":[{"floor":7,"key":"REST"},{"data":"True Grit","floor":10,"key":"SMITH"},{"data":"Bash","floor":12,"key":"SMITH"}],"circlet_count":0,"master_deck":["AscendersBane","Strike_R","Strike_R","Strike_R","Defend_R","Defend_R","Defend_R","Defend_R","Bash+1","Twin Strike","Infernal Blade","Fire Breathing","Battle Trance","True Grit+1"],"relics":["Burning Blood","Smiling Mask","Orichalcum","Self Forming Clay","MawBank","Pantograph","Bag of Marbles"],"acts_visited":["Exordium"],"potions_floor_usage":[6,13],"damage_taken":[{"damage":2,"enemies":"2 Louse","floor":1,"turns":3},{"damage":2,"enemies":"Jaw Worm","floor":5,"turns":3},{"damage":54,"enemies":"Gremlin Nob","floor":6,"turns":6},{"damage":7,"enemies":"3 Sentries","floor":8,"turns":5},{"damage":50,"enemies":"Lagavulin","floor":13,"turns":9}],"seed_played":"8841317701695809672","potions_obtained":[{"floor":5,"key":"GamblersBrew"},{"floor":6,"key":"Swift Potion"}],"is_trial":false,"path_per_floor":["M","?","?","T","M","E","R","E","T","R","T","R","E"],"character_chosen":"IRONCLAD","items_purchased":[],"campfire_rested":1,"item_purchase_floors":[],"current_hp_per_floor":[72,72,65,65,69,21,43,42,42,42,42,42,0,0],"gold":302,"neow_bonus":"RANDOM_COMMON_RELIC","is_daily":false,"chose_seed":false,"campfire_upgraded":2,"win_rate":0.0,"timestamp":1612794931,"path_taken":["M","?","?","?","M","E","R","E","T","R","?","R","E"],"items_purchased_type":[],"build_version":"2020-12-22","purchased_purges":0,"victory":false,"max_hp_per_floor":[75,75,75,75,75,75,75,75,75,75,75,75,75,75],"relic_stats":{"counters":[5,26],"Self Forming Clay":[18],"Pantograph":0,"Orichalcum":[42],"Smiling Mask":0,"MawBank":60,"obtain_stats":[{"Self Forming Clay":6,"Pantograph":9,"Bag of Marbles":11,"Orichalcum":4,"Smiling Mask":0,"MawBank":8,"Burning Blood":0},{"Self Forming Clay":3,"Pantograph":4,"Bag of Marbles":4,"Orichalcum":1,"Smiling Mask":0,"MawBank":4,"Burning Blood":0},{"Self Forming Clay":12,"Pantograph":17,"Bag of Marbles":17,"Orichalcum":3,"Smiling Mask":0,"MawBank":17,"Burning Blood":0}],"Burning Blood":24},"card_choices":[{"not_picked":["Flex","Sever Soul"],"picked":"Twin Strike","floor":1},{"not_picked":["Havoc","Evolve"],"picked":"Fire Breathing","floor":5},{"not_picked":["Perfected Strike","True Grit"],"picked":"Battle Trance","floor":6},{"not_picked":["Heavy Blade","Cleave"],"picked":"True Grit","floor":8}],"player_experience":852068,"relics_obtained":[{"floor":4,"key":"Orichalcum"},{"floor":6,"key":"Self Forming Clay"},{"floor":8,"key":"MawBank"},{"floor":9,"key":"Pantograph"},{"floor":11,"key":"Bag of Marbles"}],"event_choices":[{"damage_healed":0,"gold_gain":0,"cards_transformed":["Strike_R"],"player_choice":"Change","damage_taken":0,"max_hp_gain":0,"max_hp_loss":0,"event_name":"Living Wall","floor":2,"gold_loss":0,"cards_obtained":["Infernal Blade"]},{"cards_removed":["Strike_R"],"damage_healed":0,"gold_gain":0,"player_choice":"Card Removal","damage_taken":7,"max_hp_gain":0,"max_hp_loss":0,"event_name":"Golden Wing","floor":3,"gold_loss":0}],"is_beta":false,"boss_relics":[],"items_purged_floors":[],"is_endless":false,"potions_floor_spawned":[5,6],"killed_by":"Lagavulin","ascension_level":20}}