{"host":"vyiqbz5w606ur92t","time":1612774271,"event":{"mods":["BaseMod","Downfall","Minty Spire (QoL Compilation)","StSLib"],"gold_per_floor":[99,112,112,112,132,132,132,42,59,59,87,100,132,132,146,241,241,141,156,166,177,62,79,79,92,92,118,130,148,248,267,287,385,385,285,295,307,317,112,139,139,139,153,453,469,494,394,413,425,425,425,457,13,13,13,13],"floor_reached":57,"language":"ENG","playtime":7920,"items_purged":["Regret","hexamod:Strike","hexamod:Defend","hexamod:Strike"],"score":1610,"play_id":"67291b82-8f65-41c5-8a4b-058ba1a9426f","local_time":"20210208085111","is_ascension_mode":true,"campfire_choices":[{"data":"hexamod:RetreatToShadows","floor":1,"key":"SMITH"},{"data":"hexamod:Float","floor":10,"key":"SMITH"},{"floor":18,"key":"RECALL"},{"floor":35,"key":"REST"},{"floor":47,"key":"REST"},{"floor":54,"key":"REST"}],"circlet_count":0,"master_deck":["hexamod:Defend+1","hexamod:Defend","hexamod:Defend+1","hexamod:Sear+1","hexamod:Float+1","hexamod:BacktrackSmack+1","hexamod:RetreatToShadows+1","hexamod:SpectersWail","hexamod:FirstSeal","hexamod:ExtraCrispy","hexamod:RetreatToShadows+1","hexamod:PhantomCloak+1","hexamod:BacktrackSmack","hexamod:ThermalTransfer","hexamod:BurningTouch","hexamod:FlamesFromBeyond","hexamod:HexaLevel","hexamod:Haunt+1","hexamod:RecurringNightmare+1","hexamod:StepThrough","hexamod:ShieldOfDarkness+1","hexamod:Hexaguard","Necronomicurse","hexamod:SpectralSpark+1","hexamod:SwordOfDarkness","hexamod:Haunt","hexamod:FlamesFromBeyond+1","hexamod:SixthSeal","hexamod:RainOfEmbers+1","hexamod:SoulSteal+1","hexamod:RetreatToShadows+1","hexamod:Toasty+1"],"relics":["hexamod:UnbrokenSoul","hexamod:CandleOfCauterizing","bronze:DecasWashers","Blood Vial","champ:DuelingGlove","downfall:ShatteredFragment","Fusion Hammer","downfall:HeartBlessingGreen","Necronomicon","Unceasing Top","White Beast Statue","downfall:HeartBlessingRed","Mummified Hand","Frozen Eye","Strawberry","Gremlin Horn","Orichalcum","downfall:HeartBlessingBlue","InkBottle","Toolbox","Boot"],"acts_visited":["Exordium","TheCity","TheBeyond","TheEnding"],"potions_floor_usage":[39,49,50,55,56,56],"damage_taken":[{"damage":4,"enemies":"2 Louse","floor":2,"turns":3},{"damage":4,"enemies":"Small Slimes","floor":5,"turns":3},{"damage":6,"enemies":"downfall:FleeingMerchant","floor":8,"turns":4},{"damage":0,"enemies":"Cultist","floor":9,"turns":3},{"damage":20,"enemies":"3 Sentries","floor":11,"turns":6},{"damage":3,"enemies":"2 Fungi Beasts","floor":12,"turns":3},{"damage":4,"enemies":"Lagavulin","floor":13,"turns":7},{"damage":6,"enemies":"3 Louse","floor":15,"turns":3},{"damage":13,"enemies":"IC_STATUS_ARCHETYPE","floor":16,"turns":6},{"damage":0,"enemies":"Spheric Guardian","floor":19,"turns":3},{"damage":0,"enemies":"Chosen","floor":20,"turns":3},{"damage":6,"enemies":"Snake Plant","floor":21,"turns":3},{"damage":4,"enemies":"downfall:FleeingMerchant","floor":22,"turns":4},{"damage":3,"enemies":"3 Cultists","floor":23,"turns":3},{"damage":3,"enemies":"Chosen and Byrds","floor":25,"turns":4},{"damage":1,"enemies":"Gremlin Leader","floor":27,"turns":6},{"damage":7,"enemies":"Snake Plant","floor":28,"turns":3},{"damage":1,"enemies":"Centurion and Healer","floor":29,"turns":3},{"damage":0,"enemies":"downfall:LadyInBlue","floor":30,"turns":3},{"damage":5,"enemies":"Snecko","floor":31,"turns":3},{"damage":13,"enemies":"Snake Plant","floor":32,"turns":3},{"damage":25,"enemies":"WA_ARCHETYPE_CALM","floor":33,"turns":9},{"damage":4,"enemies":"Orb Walker","floor":36,"turns":2},{"damage":13,"enemies":"3 Shapes","floor":37,"turns":3},{"damage":7,"enemies":"Transient","floor":38,"turns":5},{"damage":2,"enemies":"downfall:FleeingMerchant","floor":39,"turns":4},{"damage":12,"enemies":"Reptomancer","floor":40,"turns":3},{"damage":3,"enemies":"Maw","floor":43,"turns":3},{"damage":5,"enemies":"Sphere and 2 Shapes","floor":45,"turns":3},{"damage":6,"enemies":"Nemesis","floor":46,"turns":3},{"damage":5,"enemies":"Spire Growth","floor":48,"turns":3},{"damage":4,"enemies":"Transient","floor":49,"turns":5},{"damage":10,"enemies":"SI_POISON_ARCHETYPE","floor":50,"turns":6},{"damage":8,"enemies":"downfall:CharBossMerchant","floor":52,"turns":6},{"damage":7,"enemies":"downfall:NeowBoss","floor":55,"turns":9},{"damage":40,"enemies":"downfall:NeowBossFinal","floor":56,"turns":6}],"seed_played":"2919719874544507295","potions_obtained":[{"floor":5,"key":"hexamod:SoulburnPotion"},{"floor":12,"key":"Energy Potion"},{"floor":16,"key":"Block Potion"},{"floor":38,"key":"PowerPotion"},{"floor":39,"key":"Block Potion"},{"floor":40,"key":"DistilledChaos"},{"floor":49,"key":"LiquidMemories"},{"floor":52,"key":"Swift Potion"}],"is_trial":false,"path_per_floor":["R","M","?","?","M","?","T","$","M","R","E","M","E","?","M","B",null,"R","M","M","M","$","M","T","M","?","E","M","M","?","M","M","B",null,"R","M","M","M","$","E","T","?","M","?","M","E","R","M","M","B",null,"E","$","R","B","B",null],"character_chosen":"THE_SPIRIT","items_purchased":["Mummified Hand","Frozen Eye","Toolbox","Boot"],"campfire_rested":3,"item_purchase_floors":[39,39,53,53],"current_hp_per_floor":[63,59,59,52,55,55,55,56,63,63,50,56,61,40,43,32,55,55,63,63,63,63,60,60,63,47,55,57,63,63,58,54,38,57,63,59,55,57,57,54,54,54,53,53,57,60,80,80,80,77,79,79,79,80,80,47],"gold":13,"neow_bonus":"TRANSFORM_TWO_CARDS","is_daily":false,"chose_seed":false,"campfire_upgraded":2,"win_rate":0.0,"timestamp":1612774271,"path_taken":["R","M","?","?","M","?","T","$","M","R","E","?","E","?","M","BOSS","R","M","M","M","$","M","T","M","?","E","M","M","?","?","M","BOSS","R","M","M","M","$","E","T","?","M","?","M","E","R","?","M","BOSS","E","$","R","BOSS","BOSS"],"items_purchased_type":["Relic","Relic","Relic","Relic"],"build_version":"2020-12-22","purchased_purges":4,"victory":true,"max_hp_per_floor":[63,63,63,63,63,63,63,63,63,63,63,63,63,63,63,63,63,63,63,63,63,63,63,63,63,63,63,63,63,63,63,63,63,63,63,63,63,63,63,70,70,70,70,70,70,70,80,80,80,80,80,80,80,80,80,80],"card_choices":[{"not_picked":["hexamod:Hexaguard","hexamod:NightmareStrike"],"picked":"hexamod:SpectersWail","floor":2},{"not_picked":["hexamod:ShieldOfDarkness","hexamod:SpectersWail"],"picked":"hexamod:ExtraCrispy","floor":5},{"not_picked":["hexamod:BurningTouch","hexamod:BacktrackSmack"],"picked":"hexamod:PhantomCloak","floor":8},{"not_picked":["hexamod:RadiantFlame","hexamod:FastForward"],"picked":"hexamod:BacktrackSmack","floor":9},{"not_picked":["hexamod:FirstSeal","hexamod:SpectersWail"],"picked":"hexamod:ThermalTransfer","floor":11},{"not_picked":["hexamod:SpectralAdrenaline","hexamod:GhostShield"],"picked":"hexamod:BurningTouch","floor":12},{"not_picked":["hexamod:NightmareStrike","hexamod:FirstSeal","hexamod:UnlimitedPower"],"picked":"SKIP","floor":13},{"not_picked":["hexamod:Firestarter","hexamod:FastForward"],"picked":"hexamod:FlamesFromBeyond","floor":15},{"not_picked":["hexamod:SixthSeal","hexamod:ApocalypticArmor"],"picked":"hexamod:HexaLevel","floor":16},{"not_picked":["hexamod:RecurringNightmare","hexamod:Hexaguard"],"picked":"hexamod:Haunt","floor":19},{"not_picked":["hexamod:BacktrackSmack+1","hexamod:BurningTouch"],"picked":"hexamod:RecurringNightmare","floor":20},{"not_picked":["hexamod:DynamicBlow","hexamod:Firestarter+1"],"picked":"hexamod:StepThrough","floor":21},{"not_picked":["hexamod:HeatMetal+1","hexamod:PowerFromBeyond"],"picked":"hexamod:ShieldOfDarkness","floor":22},{"not_picked":["hexamod:NightmareGuise","hexamod:GhostLash+1","hexamod:NightmareStrike"],"picked":"SKIP","floor":23},{"not_picked":["hexamod:SwordOfDarkness","hexamod:SkipABeat+1"],"picked":"hexamod:Hexaguard","floor":25},{"not_picked":["hexamod:BacktrackSmack","hexamod:FlameSwitch"],"picked":"hexamod:SpectralSpark","floor":27},{"not_picked":["hexamod:StepThrough+1","hexamod:Firestarter+1"],"picked":"hexamod:SwordOfDarkness","floor":28},{"not_picked":["hexamod:FastForward","hexamod:ChargedBarrage"],"picked":"hexamod:Haunt","floor":29},{"not_picked":["hexamod:HeatMetal+1","hexamod:RadiantFlame","hexamod:Hexaguard"],"picked":"SKIP","floor":31},{"not_picked":["hexamod:SuperheatedStrike","hexamod:NecessarySacrifice+1"],"picked":"hexamod:FlamesFromBeyond+1","floor":32},{"not_picked":["hexamod:FlameSwitch","hexamod:ForkedFlame"],"picked":"hexamod:SixthSeal","floor":33},{"not_picked":["hexamod:SpectersWail+1","hexamod:HeatMetal+1","hexamod:ShieldOfDarkness"],"picked":"SKIP","floor":36},{"not_picked":["hexamod:AdvancingGuard","hexamod:FastForward"],"picked":"hexamod:RainOfEmbers+1","floor":37},{"not_picked":["hexamod:PhantomCloak","hexamod:SkipABeat+1","hexamod:NightmareGuise+1"],"picked":"SKIP","floor":38},{"not_picked":["hexamod:DynamicBlow+1","hexamod:Hexaguard+1"],"picked":"hexamod:SoulSteal+1","floor":39},{"not_picked":["hexamod:DynamicBlow","hexamod:GhostLash","hexamod:SpectersWail+1"],"picked":"SKIP","floor":40},{"not_picked":["hexamod:BurningTouch+1","hexamod:HauntingEcho"],"picked":"hexamod:RetreatToShadows+1","floor":43},{"not_picked":["hexamod:PhantomCloak+1","hexamod:WildfireWeapon","hexamod:SoulSteal+1"],"picked":"SKIP","floor":45},{"not_picked":["hexamod:StepThrough","hexamod:NightmareStrike"],"picked":"hexamod:Toasty","floor":46},{"not_picked":["hexamod:ThirdSeal","hexamod:SecondSeal","hexamod:CatchUp+1"],"picked":"SKIP","floor":48},{"not_picked":["hexamod:BurningTouch","hexamod:SpectersWail+1","hexamod:ShieldOfDarkness"],"picked":"SKIP","floor":49},{"not_picked":["hexamod:Firestarter+1","hexamod:SpectersWail","hexamod:HauntingEcho"],"picked":"SKIP","floor":52}],"player_experience":1626452,"relics_obtained":[{"floor":7,"key":"bronze:DecasWashers"},{"floor":11,"key":"Blood Vial"},{"floor":13,"key":"champ:DuelingGlove"},{"floor":26,"key":"Necronomicon"},{"floor":27,"key":"Unceasing Top"},{"floor":30,"key":"White Beast Statue"},{"floor":40,"key":"Strawberry"},{"floor":41,"key":"Gremlin Horn"},{"floor":46,"key":"Orichalcum"},{"floor":52,"key":"InkBottle"}],"event_choices":[{"damage_healed":0,"gold_gain":0,"player_choice":"Box","damage_taken":0,"relics_obtained":["hexamod:CandleOfCauterizing"],"max_hp_gain":0,"max_hp_loss":0,"event_name":"Big Fish","floor":3,"gold_loss":0,"cards_obtained":["Regret"]},{"damage_healed":0,"gold_gain":300,"player_choice":"Gold","damage_taken":0,"max_hp_gain":0,"max_hp_loss":0,"event_name":"Wheel of Change","floor":44,"gold_loss":0}],"is_beta":false,"boss_relics":[{"not_picked":["Busted Crown","Calling Bell"],"picked":"Fusion Hammer"},{"not_picked":["Philosopher\u0027s Stone","Sozu"],"picked":"hexamod:UnbrokenSoul"}],"items_purged_floors":[8,22,39,53],"is_endless":false,"potions_floor_spawned":[5,12,16,20,23,27,29,31,32,33,36,37,38,39,40,43,45,46,48,49,52],"ascension_level":6}}