{"host":"52m1o8iwwagurbjs","time":1612756848,"event":{"mods":["AchievementEnabler","BaseMod","Bestiary","Challenge The Spire","Colored Powertips","GifTheSpireLib","Minty Spire (QoL Compilation)","Quick Restart","Relic Stats","StSLib"],"gold_per_floor":[165,179,179,192,205,240,240,268,322,322,333,363,394,23,23,128,128,148,162,113,128,128,128,128,143,143,169,181,199,228,238,238,238,238],"floor_reached":33,"language":"ENG","playtime":1681,"items_purged":["Strike_B"],"score":402,"play_id":"4e0bb14d-f27d-4e04-8a0b-d0f82fae0092","local_time":"20210207230048","is_ascension_mode":true,"campfire_choices":[{"data":"Loop","floor":7.0,"key":"SMITH"},{"data":"Sunder","floor":10.0,"key":"SMITH"},{"data":"Consume","floor":15.0,"key":"SMITH"},{"data":"Static Discharge","floor":23.0,"key":"SMITH"},{"floor":32,"key":"REST"}],"circlet_count":0,"master_deck":["Zap","Dualcast","Loop+1","Rebound","Ball Lightning+1","Sunder+1","Steam","Meteor Strike","Recycle","Coolheaded","Sweeping Beam","Conserve Battery","Consume+1","Skim","FTL","Machine Learning","Multi-Cast","Chill","Chaos","Core Surge","Melter","Static Discharge+1","Steam Power","Cold Snap+1","Coolheaded","Ghostly","Ghostly","Ghostly","Ghostly","Ghostly","Seek","Glacier"],"relics":["Tiny House","Ancient Tea Set","Singing Bowl","MealTicket","Regal Pillow","Whetstone","Orrery","Pandora\u0027s Box","DataDisk","Omamori","Ginger"],"acts_visited":["Exordium","TheCity"],"potions_floor_usage":[30,33],"damage_taken":[{"damage":0.0,"enemies":"Cultist","floor":1.0,"turns":4.0},{"damage":7.0,"enemies":"Small Slimes","floor":2.0,"turns":3.0},{"damage":0.0,"enemies":"2 Louse","floor":4.0,"turns":2.0},{"damage":15.0,"enemies":"Exordium Wildlife","floor":5.0,"turns":5.0},{"damage":6.0,"enemies":"Gremlin Nob","floor":6.0,"turns":4.0},{"damage":4.0,"enemies":"Lagavulin","floor":8.0,"turns":6.0},{"damage":1.0,"enemies":"Large Slime","floor":11.0,"turns":3.0},{"damage":6.0,"enemies":"Gremlin Nob","floor":13.0,"turns":3.0},{"damage":0.0,"enemies":"Slime Boss","floor":16.0,"turns":5.0},{"damage":10.0,"enemies":"2 Thieves","floor":18.0,"turns":3.0},{"damage":10.0,"enemies":"Chosen","floor":19.0,"turns":3.0},{"damage":19.0,"enemies":"Snake Plant","floor":21.0,"turns":3.0},{"damage":15.0,"enemies":"Cultist and Chosen","floor":25.0,"turns":9.0},{"damage":6.0,"enemies":"Slavers","floor":27.0,"turns":4.0},{"damage":0.0,"enemies":"Chosen and Byrds","floor":28.0,"turns":7.0},{"damage":3.0,"enemies":"Snake Plant","floor":29.0,"turns":6.0},{"damage":20,"enemies":"Book of Stabbing","floor":30,"turns":7},{"damage":2,"enemies":"Centurion and Healer","floor":31,"turns":9},{"damage":63,"enemies":"Champ","floor":33,"turns":20}],"seed_played":"95698077093011824","potions_obtained":[{"floor":0.0,"key":"PowerPotion"},{"floor":1.0,"key":"PowerPotion"},{"floor":4.0,"key":"SpeedPotion"},{"floor":6.0,"key":"EssenceOfDarkness"},{"floor":8.0,"key":"FearPotion"},{"floor":13.0,"key":"PowerPotion"},{"floor":18.0,"key":"Explosive Potion"},{"floor":19.0,"key":"ColorlessPotion"},{"floor":27.0,"key":"SkillPotion"},{"floor":29.0,"key":"DuplicationPotion"},{"floor":31,"key":"Dexterity Potion"}],"is_trial":false,"path_per_floor":["M","M","?","M","M","E","R","E","T","R","M","?","E","$","R","B",null,"M","M","$","M","?","R","?","M","T","E","M","M","E","M","R","B"],"character_chosen":"DEFECT","items_purchased":["Orrery","Skim","FTL","Fire Potion"],"campfire_rested":1,"item_purchase_floors":[14,14,14,20],"current_hp_per_floor":[80,73,73,73,58,52,52,48,48,48,47,47,41,60,60,60,84,74,64,79,62,43,43,43,30,30,26,28,27,7,5,35,0,0],"gold":238,"neow_bonus":"BOSS_RELIC","is_daily":false,"chose_seed":false,"campfire_upgraded":4,"win_rate":0.0,"timestamp":1612756848,"path_taken":["M","?","?","M","M","E","R","E","T","R","M","?","E","$","R","BOSS","M","M","$","M","?","R","?","M","T","E","M","M","E","?","R","BOSS"],"items_purchased_type":["Relic","Card","Card","Potion"],"build_version":"2020-12-22","purchased_purges":1,"victory":false,"max_hp_per_floor":[80,80,80,80,80,80,80,80,80,80,80,80,80,84,84,84,84,84,84,84,86,43,43,43,45,45,47,49,51,51,51,51,51,51],"relic_stats":{"Regal Pillow":15,"Singing Bowl":14,"counters":[19,105],"MealTicket":30,"Pandora\u0027s Box":["Multi-Cast","Chill","Chaos","Core Surge","Melter","Static Discharge","Steam Power"],"Whetstone":["Ball Lightning","Strike_B"],"Ginger":[8],"obtain_stats":[{"Regal Pillow":12,"DataDisk":26,"Tiny House":0,"Singing Bowl":8,"Orrery":14,"MealTicket":9,"Pandora\u0027s Box":17,"Omamori":27,"Whetstone":13,"Ginger":30,"Cracked Core":0,"Ancient Tea Set":6},{"Regal Pillow":7,"DataDisk":13,"Tiny House":0,"Singing Bowl":6,"Orrery":8,"MealTicket":6,"Pandora\u0027s Box":9,"Omamori":14,"Whetstone":8,"Ginger":17,"Cracked Core":0,"Ancient Tea Set":5},{"Regal Pillow":27,"DataDisk":53,"Tiny House":0,"Singing Bowl":24,"Orrery":30,"MealTicket":24,"Pandora\u0027s Box":35,"Omamori":56,"Whetstone":30,"Ginger":76,"Cracked Core":0,"Ancient Tea Set":18}]},"card_choices":[{"not_picked":["Rebound","Recycle"],"picked":"Loop","floor":0.0},{"not_picked":["Recycle","Barrage"],"picked":"Rebound","floor":1.0},{"not_picked":["Barrage","Hologram"],"picked":"Ball Lightning","floor":2.0},{"not_picked":["Leap","Auto Shields"],"picked":"Sunder","floor":4.0},{"not_picked":["Redo","Lockon","Darkness"],"picked":"SKIP","floor":5.0},{"not_picked":["Gash","Beam Cell"],"picked":"Steam","floor":6.0},{"not_picked":["Sweeping Beam","Steam"],"picked":"Meteor Strike","floor":8.0},{"not_picked":["Stack","Go for the Eyes"],"picked":"Recycle","floor":11.0},{"not_picked":["Darkness","Beam Cell"],"picked":"Coolheaded","floor":13.0},{"not_picked":["Lockon","Turbo","Blizzard"],"picked":"Singing Bowl","floor":14.0},{"not_picked":["Barrage","Amplify","Chaos"],"picked":"Singing Bowl","floor":14.0},{"not_picked":["Conserve Battery","Go for the Eyes"],"picked":"Sweeping Beam","floor":14.0},{"not_picked":["Steam","Double Energy"],"picked":"Conserve Battery","floor":14.0},{"not_picked":["Go for the Eyes","Auto Shields"],"picked":"Consume","floor":14.0},{"not_picked":["Buffer","Thunder Strike"],"picked":"Machine Learning","floor":16.0},{"not_picked":["Streamline","Beam Cell"],"picked":"Cold Snap+1","floor":18.0},{"not_picked":["Darkness+1","Stack"],"picked":"Coolheaded","floor":19.0},{"not_picked":["Compile Driver","Hologram","Cold Snap"],"picked":"Singing Bowl","floor":21.0},{"not_picked":["Streamline","Stack+1","Darkness+1"],"picked":"Singing Bowl","floor":25.0},{"not_picked":["Meteor Strike","FTL","Barrage"],"picked":"Singing Bowl","floor":27.0},{"not_picked":["Stack","Go for the Eyes","Hologram"],"picked":"Singing Bowl","floor":28.0},{"not_picked":["Coolheaded+1","Turbo","Hologram"],"picked":"Singing Bowl","floor":29.0},{"not_picked":["Scrape","Steam Power"],"picked":"Seek","floor":30},{"not_picked":["Reinforced Body","Chaos+1"],"picked":"Glacier","floor":31}],"player_experience":1327164,"relics_obtained":[{"floor":6.0,"key":"Ancient Tea Set"},{"floor":8.0,"key":"Singing Bowl"},{"floor":9.0,"key":"MealTicket"},{"floor":13.0,"key":"Whetstone"},{"floor":26.0,"key":"DataDisk"},{"floor":27.0,"key":"Omamori"},{"floor":30,"key":"Ginger"}],"event_choices":[{"damage_healed":0.0,"max_hp_gain":0.0,"max_hp_loss":0.0,"gold_gain":0.0,"event_name":"Scrap Ooze","player_choice":"Fled","floor":3.0,"gold_loss":0.0,"damage_taken":0.0},{"damage_healed":0.0,"max_hp_gain":0.0,"max_hp_loss":0.0,"gold_gain":30.0,"event_name":"Dead Adventurer","player_choice":"Searched \u00273\u0027 times","floor":12.0,"gold_loss":0.0,"damage_taken":0.0,"relics_obtained":["Regal Pillow"]},{"damage_healed":0.0,"max_hp_gain":0.0,"max_hp_loss":43.0,"gold_gain":0.0,"event_name":"Ghosts","player_choice":"Became a Ghost","floor":22.0,"gold_loss":0.0,"damage_taken":0.0,"cards_obtained":["Ghostly","Ghostly","Ghostly","Ghostly","Ghostly"]},{"damage_healed":0.0,"max_hp_gain":0.0,"max_hp_loss":0.0,"gold_gain":0.0,"event_name":"NoteForYourself","player_choice":"Ignored","floor":24.0,"gold_loss":0.0,"damage_taken":0.0}],"is_beta":false,"boss_relics":[{"not_picked":["Astrolabe","Runic Dome"],"picked":"Pandora\u0027s Box"}],"items_purged_floors":[14],"is_endless":false,"potions_floor_spawned":[1,4,6,8,13,18,19,27,29,31],"killed_by":"Champ","ascension_level":1}}