{"host":"ydg0vn0pu4pubmdt","time":1612781851,"event":{"mods":["AchievementEnabler","BaseMod","Colored Map","Gold Saver","Minty Spire (QoL Compilation)","Quick Restart","SuperFastMode"],"gold_per_floor":[791,199,199,124,124,124,159,46,46,46,64,83,114,114,114,191,191,206,220,220,233,123,153,172,14,68,68,79,79,79,39,39,116,116,132,144,19,38,38,65,79,79,79,110,110,144,160,186,186,186,186,186,186,36,68,68],"floor_reached":57,"language":"KOR","playtime":2131,"items_purged":["Strike_P","Strike_P+1","Conclude","Defend_P"],"score":3192,"play_id":"3ff28bce-f1d4-4de4-8879-5b2f59928d79","local_time":"20210208195731","is_ascension_mode":true,"campfire_choices":[{"data":"Apotheosis","floor":6.0,"key":"SMITH"},{"data":"Adaptation","floor":10.0,"key":"SMITH"},{"floor":15.0,"key":"RECALL"},{"floor":27.0,"key":"REST"},{"floor":29.0,"key":"REST"},{"floor":32.0,"key":"REST"},{"floor":42.0,"key":"REST"},{"floor":49.0,"key":"REST"},{"floor":53.0,"key":"REST"}],"circlet_count":0,"master_deck":["AscendersBane","Defend_P","Eruption+1","Vigilance","Devotion","Brilliance","Apotheosis+1","FearNoEvil","Adaptation+1","MentalFortress","InnerPeace","JustLucky","EmptyFist","Scrawl","Finesse"],"relics":["PureWater","TheAbacus","Mercury Hourglass","InkBottle","Oddly Smooth Stone","Fusion Hammer","Nunchaku","Omamori","Enchiridion","Black Star","Pantograph","Bag of Preparation","StoneCalendar","Du-Vu Doll","Letter Opener","Bag of Marbles","Damaru","Regal Pillow","Pear","StrikeDummy"],"acts_visited":["Exordium","TheCity","TheBeyond","TheEnding"],"potions_floor_usage":[56,56],"damage_taken":[{"damage":7.0,"enemies":"2 Louse","floor":1.0,"turns":3.0},{"damage":20.0,"enemies":"Gremlin Nob","floor":7.0,"turns":3.0},{"damage":0.0,"enemies":"Small Slimes","floor":11.0,"turns":2.0},{"damage":0.0,"enemies":"Jaw Worm","floor":12.0,"turns":2.0},{"damage":0.0,"enemies":"Lagavulin","floor":13.0,"turns":4.0},{"damage":5.0,"enemies":"Hexaghost","floor":16.0,"turns":8.0},{"damage":7.0,"enemies":"Spheric Guardian","floor":18.0,"turns":3.0},{"damage":14.0,"enemies":"Shell Parasite","floor":19.0,"turns":4.0},{"damage":0.0,"enemies":"Shelled Parasite and Fungi","floor":21.0,"turns":1.0},{"damage":25.0,"enemies":"Book of Stabbing","floor":23.0,"turns":5.0},{"damage":18.0,"enemies":"Cultist and Chosen","floor":24.0,"turns":6.0},{"damage":12.0,"enemies":"Chosen and Byrds","floor":28.0,"turns":5.0},{"damage":12.0,"enemies":"Collector","floor":33.0,"turns":5.0},{"damage":0.0,"enemies":"3 Shapes","floor":35.0,"turns":1.0},{"damage":0.0,"enemies":"3 Darklings","floor":36.0,"turns":2.0},{"damage":9.0,"enemies":"Writhing Mass","floor":38.0,"turns":3.0},{"damage":0.0,"enemies":"Giant Head","floor":40.0,"turns":5.0},{"damage":0.0,"enemies":"Spire Growth","floor":41.0,"turns":2.0},{"damage":0.0,"enemies":"Reptomancer","floor":44.0,"turns":2.0},{"damage":39.0,"enemies":"Nemesis","floor":46.0,"turns":3.0},{"damage":0.0,"enemies":"Maw","floor":47.0,"turns":4.0},{"damage":0.0,"enemies":"Giant Head","floor":48.0,"turns":2.0},{"damage":5.0,"enemies":"Donu and Deca","floor":50.0,"turns":5.0},{"damage":18.0,"enemies":"Awakened One","floor":51.0,"turns":4.0},{"damage":0.0,"enemies":"Shield and Spear","floor":55.0,"turns":2.0},{"damage":37,"enemies":"The Heart","floor":56,"turns":6}],"seed_played":"-605588554619321113","potions_obtained":[{"floor":1.0,"key":"ColorlessPotion"},{"floor":11.0,"key":"Regen Potion"},{"floor":13.0,"key":"Fire Potion"},{"floor":28.0,"key":"GamblersBrew"},{"floor":31.0,"key":"AttackPotion"},{"floor":33.0,"key":"SkillPotion"},{"floor":35.0,"key":"AttackPotion"},{"floor":40.0,"key":"Fire Potion"},{"floor":46.0,"key":"SteroidPotion"},{"floor":47.0,"key":"StancePotion"},{"floor":48.0,"key":"FearPotion"}],"is_trial":false,"path_per_floor":["M","$","?","?","?","R","E","$","T","R","M","M","E","?","R","B",null,"M","M","?","M","?","E","M","$","T","R","M","R","?","?","R","B",null,"M","M","$","M","?","E","M","R","T","E","?","E","M","E","R","B","B",null,"R","$","E","B",null],"character_chosen":"WATCHER","items_purchased":["Brilliance","Apotheosis","TheAbacus","FearNoEvil","Adaptation","EmptyFist"],"campfire_rested":6,"item_purchase_floors":[2,2,2,8,8,25],"current_hp_per_floor":[54,54,47,47,47,47,27,27,27,27,27,27,27,32,32,27,62,55,53,53,53,53,28,10,10,10,31,19,40,19,19,40,28,62,62,62,62,53,53,53,53,73,73,73,63,24,24,24,60,68,55,69,73,73,83,46],"gold":68,"neow_bonus":"ONE_RANDOM_RARE_CARD","is_daily":false,"chose_seed":false,"campfire_upgraded":2,"win_rate":0.0,"timestamp":1612781851,"path_taken":["M","$","?","?","?","R","E","$","T","R","M","M","E","?","R","BOSS","M","M","?","M","?","E","?","$","T","R","M","R","?","?","R","BOSS","M","M","?","M","?","E","M","R","T","E","?","E","M","E","R","BOSS","BOSS","R","$","E","BOSS"],"items_purchased_type":["Card","Card","Relic","Card","Card","Card"],"build_version":"2020-12-22","purchased_purges":4,"victory":true,"max_hp_per_floor":[68,68,68,68,68,68,68,68,68,68,68,68,68,73,73,73,73,73,73,73,73,73,73,73,73,73,73,73,73,73,73,73,73,73,73,73,73,73,73,73,73,73,73,73,73,73,73,73,73,73,73,73,73,73,83,83],"card_choices":[{"not_picked":["Evaluate","CutThroughFate"],"picked":"Conclude","floor":1.0},{"not_picked":["ForeignInfluence","Meditate","Protect"],"picked":"SKIP","floor":7.0},{"not_picked":["JustLucky","Study","CrushJoints"],"picked":"SKIP","floor":11.0},{"not_picked":["FollowUp","FearNoEvil","Collect"],"picked":"SKIP","floor":12.0},{"not_picked":["FollowUp","ClearTheMind"],"picked":"MentalFortress","floor":13.0},{"not_picked":["Indignation","BowlingBash+1"],"picked":"InnerPeace","floor":18.0},{"not_picked":["Crescendo+1","Worship","ThirdEye"],"picked":"SKIP","floor":19.0},{"not_picked":["FollowUp","Wireheading","Swivel"],"picked":"SKIP","floor":21.0},{"not_picked":["Wallop","Evaluate","Perseverance"],"picked":"SKIP","floor":23.0},{"not_picked":["MentalFortress+1","Swivel"],"picked":"Tantrum+1","floor":24.0},{"not_picked":["Indignation+1","ReachHeaven","SignatureMove"],"picked":"SKIP","floor":28.0},{"not_picked":["MasterReality","Judgement"],"picked":"Scrawl","floor":33.0},{"not_picked":["FlyingSleeves+1","PathToVictory","Conclude"],"picked":"SKIP","floor":35.0},{"not_picked":["Wallop","Conclude","Protect+1"],"picked":"SKIP","floor":36.0},{"not_picked":["SashWhip","Tantrum","FollowUp"],"picked":"SKIP","floor":38.0},{"not_picked":["FlurryOfBlows+1","ClearTheMind+1","SignatureMove"],"picked":"SKIP","floor":40.0},{"not_picked":["Halt","SashWhip","Evaluate"],"picked":"SKIP","floor":41.0},{"not_picked":["WaveOfTheHand","EmptyMind","Wireheading"],"picked":"SKIP","floor":44.0},{"not_picked":["Blind","Dark Shackles"],"picked":"Finesse","floor":45.0},{"not_picked":["Fasting2+1","ClearTheMind","PathToVictory+1"],"picked":"SKIP","floor":46.0},{"not_picked":["ReachHeaven","Swivel","BowlingBash"],"picked":"SKIP","floor":47.0},{"not_picked":["LessonLearned","FollowUp","ThirdEye"],"picked":"SKIP","floor":48.0},{"not_picked":["InnerPeace+1","CutThroughFate","JustLucky+1"],"picked":"SKIP","floor":55.0}],"player_experience":668022,"relics_obtained":[{"floor":7.0,"key":"Mercury Hourglass"},{"floor":9.0,"key":"InkBottle"},{"floor":13.0,"key":"Oddly Smooth Stone"},{"floor":23.0,"key":"Nunchaku"},{"floor":26.0,"key":"Omamori"},{"floor":30.0,"key":"Enchiridion"},{"floor":40.0,"key":"Pantograph"},{"floor":40.0,"key":"Bag of Preparation"},{"floor":44.0,"key":"StoneCalendar"},{"floor":44.0,"key":"Du-Vu Doll"},{"floor":46.0,"key":"Letter Opener"},{"floor":46.0,"key":"Bag of Marbles"},{"floor":48.0,"key":"Damaru"},{"floor":48.0,"key":"Regal Pillow"},{"floor":55.0,"key":"Pear"},{"floor":55.0,"key":"StrikeDummy"}],"event_choices":[{"cards_removed":["Defend_P"],"damage_healed":0.0,"max_hp_gain":0.0,"max_hp_loss":0.0,"gold_gain":0.0,"event_name":"Golden Wing","player_choice":"Card Removal","floor":3.0,"gold_loss":0.0,"damage_taken":7.0},{"cards_removed":["Strike_P"],"damage_healed":0.0,"max_hp_gain":0.0,"max_hp_loss":0.0,"gold_gain":0.0,"event_name":"The Cleric","player_choice":"Card Removal","floor":4.0,"gold_loss":75.0,"damage_taken":0.0},{"damage_healed":0.0,"max_hp_gain":0.0,"max_hp_loss":0.0,"gold_gain":0.0,"event_name":"Living Wall","player_choice":"Grow","floor":5.0,"gold_loss":0.0,"damage_taken":0.0,"cards_upgraded":["Eruption"]},{"damage_healed":0.0,"max_hp_gain":5.0,"max_hp_loss":0.0,"gold_gain":0.0,"event_name":"Big Fish","player_choice":"Donut","floor":14.0,"gold_loss":0.0,"damage_taken":0.0},{"damage_healed":0.0,"max_hp_gain":0.0,"max_hp_loss":0.0,"gold_gain":0.0,"cards_transformed":["Strike_P","Defend_P"],"event_name":"Drug Dealer","player_choice":"Became Test Subject","floor":20.0,"gold_loss":0.0,"damage_taken":0.0,"cards_obtained":["JustLucky","Judgement"]},{"cards_removed":["Judgement"],"damage_healed":0.0,"max_hp_gain":0.0,"max_hp_loss":0.0,"gold_gain":0.0,"event_name":"Designer","player_choice":"Upgrade and Remove","floor":22.0,"gold_loss":110.0,"damage_taken":0.0,"cards_upgraded":["Strike_P"]},{"damage_healed":0.0,"max_hp_gain":0.0,"max_hp_loss":0.0,"gold_gain":0.0,"event_name":"Cursed Tome","player_choice":"Obtained Book","floor":30.0,"gold_loss":0.0,"damage_taken":21.0},{"damage_healed":0.0,"max_hp_gain":0.0,"max_hp_loss":0.0,"gold_gain":0.0,"event_name":"The Woman in Blue","player_choice":"Bought 3 Potions","floor":31.0,"gold_loss":0.0,"damage_taken":0.0},{"cards_removed":["Tantrum"],"damage_healed":0.0,"max_hp_gain":0.0,"max_hp_loss":0.0,"gold_gain":0.0,"event_name":"Falling","player_choice":"Removed Attack","floor":39.0,"gold_loss":0.0,"damage_taken":0.0},{"damage_healed":0.0,"max_hp_gain":0.0,"max_hp_loss":0.0,"gold_gain":0.0,"event_name":"SensoryStone","player_choice":"Memory 3","floor":45.0,"gold_loss":0.0,"damage_taken":10.0}],"is_beta":false,"boss_relics":[{"not_picked":["Philosopher\u0027s Stone","Runic Dome"],"picked":"Fusion Hammer"},{"not_picked":["Coffee Dripper","Pandora\u0027s Box"],"picked":"Black Star"}],"items_purged_floors":[2,25,37,54],"is_endless":false,"potions_floor_spawned":[1,11,13,28,33,35,40,46,47,48,55],"ascension_level":20}}