{"host":"13ii7kifcsv20hya","time":1612791876,"event":{"mods":["BaseMod","Downfall","Minty Spire (QoL Compilation)","StSLib"],"gold_per_floor":[99,99,99,99,99,99,124,124,83,117,117,137,147,147,158,253,253,253,265,281,7,19,4,4,16,1,20,36,36,52,81,95,193,193,93,103,153,172,188,216,239,239,239,250,277,291,291,291,303,303,303,303],"floor_reached":50,"language":"ENG","playtime":4789,"items_purged":[],"score":524,"play_id":"2d1434f2-62a1-406a-bbdc-6106afeb37c4","local_time":"20210208144436","is_ascension_mode":false,"campfire_choices":[{"data":"Guardian:TwinSlam","floor":1,"key":"SMITH"},{"data":"Guardian:Clone","floor":6,"key":"SMITH"},{"data":"Guardian:StasisField","floor":11,"key":"SMITH"},{"data":"Guardian:ShieldCharger","floor":18,"key":"SMITH"},{"floor":29,"key":"REST"},{"data":"Guardian:ExploitGems","floor":35,"key":"SMITH"},{"data":"Guardian:Repulse","floor":43,"key":"SMITH"},{"floor":47,"key":"REST"}],"circlet_count":0,"master_deck":["Guardian:Strike_Guardian","Guardian:Strike_Guardian","Guardian:Strike_Guardian","Guardian:Defend_Guardian","Guardian:Defend_Guardian","Guardian:Defend_Guardian","Guardian:Defend_Guardian","Guardian:CurlUp","Guardian:TwinSlam+1","Guardian:Clone+1","Guardian:RollAttack","Guardian:RefractedBeam","Guardian:StasisField+1","Guardian:ShieldCharger+1","Guardian:Repulse+1","Guardian:Recover+1","Guardian:ShieldCharger","Guardian:MultiBeam+1","Guardian:WalkerClaw+1","Guardian:ChargeCore+1","Guardian:ExploitGems+1","Guardian:PolyBeam+1","Guardian:BaubleBeam+1","Guardian:PrismaticBarrier+1","Guardian:Suspension+1","Guardian:TimeCapacitor+1","Guardian:Gem_Lightblue","Guardian:PrimingBeam+1","Guardian:Repulse+1"],"relics":["Guardian:ModeShifter","downfall:HeartsMalice","Pocketwatch","Akabeko","Question Card","Kunai","Black Star","Molten Egg 2","TungstenRod","Guardian:SackOfGems","Happy Flower","bronze:MakeshiftBattery","downfall:HeartBlessingGreen","Incense Burner","Boot","Calipers","Nunchaku","StrikeDummy","Toxic Egg 2"],"acts_visited":["Exordium","TheCity","TheBeyond"],"potions_floor_usage":[28,31,33,33,33,37,40,50,50],"damage_taken":[{"damage":0,"enemies":"Small Slimes","floor":2,"turns":1},{"damage":0,"enemies":"Jaw Worm","floor":5,"turns":1},{"damage":0,"enemies":"downfall:FleeingMerchant","floor":9,"turns":1},{"damage":8,"enemies":"3 Sentries","floor":10,"turns":6},{"damage":0,"enemies":"Cultist","floor":12,"turns":3},{"damage":15,"enemies":"Exordium Thugs","floor":13,"turns":3},{"damage":0,"enemies":"Blue Slaver","floor":15,"turns":2},{"damage":8,"enemies":"IC_STATUS_ARCHETYPE","floor":16,"turns":10},{"damage":1,"enemies":"Spheric Guardian","floor":19,"turns":3},{"damage":5,"enemies":"Shell Parasite","floor":20,"turns":5},{"damage":0,"enemies":"downfall:FleeingMerchant","floor":21,"turns":4},{"damage":0,"enemies":"Cultist and Chosen","floor":22,"turns":7},{"damage":15,"enemies":"downfall:FleeingMerchant","floor":23,"turns":4},{"damage":0,"enemies":"Centurion and Healer","floor":25,"turns":6},{"damage":9,"enemies":"downfall:FleeingMerchant","floor":26,"turns":4},{"damage":6,"enemies":"Sentry and Sphere","floor":27,"turns":7},{"damage":6,"enemies":"Snecko","floor":28,"turns":5},{"damage":8,"enemies":"Cultist and Chosen","floor":30,"turns":4},{"damage":23,"enemies":"Slavers","floor":31,"turns":4},{"damage":11,"enemies":"Snake Plant","floor":32,"turns":5},{"damage":14,"enemies":"SI_MIRROR_ARCHETYPE","floor":33,"turns":11},{"damage":7,"enemies":"Orb Walker","floor":36,"turns":3},{"damage":2,"enemies":"Orb Walker","floor":37,"turns":9},{"damage":0,"enemies":"3 Darklings","floor":38,"turns":1},{"damage":17,"enemies":"Spire Growth","floor":39,"turns":6},{"damage":15,"enemies":"Nemesis","floor":40,"turns":9},{"damage":0,"enemies":"Transient","floor":44,"turns":5},{"damage":37,"enemies":"Reptomancer","floor":45,"turns":7},{"damage":7,"enemies":"3 Darklings","floor":46,"turns":6},{"damage":0,"enemies":"Maw","floor":49,"turns":7},{"damage":84,"enemies":"DF_ARCHETYPE_ORBS","floor":50,"turns":17}],"seed_played":"7180780139731885688","potions_obtained":[{"floor":10,"key":"Explosive Potion"},{"floor":12,"key":"SkillPotion"},{"floor":15,"key":"Strength Potion"},{"floor":16,"key":"bronze:BurnAndBuffPotion"},{"floor":30,"key":"PowerPotion"},{"floor":31,"key":"Weak Potion"},{"floor":33,"key":"GamblersBrew"},{"floor":37,"key":"Fruit Juice"},{"floor":38,"key":"Dexterity Potion"},{"floor":39,"key":"Block Potion"},{"floor":46,"key":"SkillPotion"}],"is_trial":false,"path_per_floor":["R","M","?","?","M","R","T","T","$","E","R","M","M","?","M","B",null,"R","M","M","$","M","$","T","M","$","M","M","R","M","E","M","B",null,"R","M","?","M","M","E","T","?","R","M","E","M","R","?","M","B"],"character_chosen":"GUARDIAN","items_purchased":["Guardian:RefractedBeam","Molten Egg 2"],"campfire_rested":2,"item_purchase_floors":[9,21],"current_hp_per_floor":[80,80,80,77,77,77,77,77,77,69,69,69,54,54,54,46,80,80,79,74,74,74,59,59,59,50,44,38,62,54,31,20,6,80,80,73,76,76,59,44,44,74,74,74,37,30,52,74,74,0,0,0],"gold":303,"neow_bonus":"THREE_ENEMY_KILL","is_daily":false,"chose_seed":false,"campfire_upgraded":6,"win_rate":0.0,"timestamp":1612791876,"path_taken":["R","M","?","?","M","R","T","?","?","E","R","M","M","?","M","BOSS","R","M","M","$","M","?","T","M","$","M","M","R","M","E","M","BOSS","R","M","?","M","M","E","T","?","R","M","E","M","R","?","M","BOSS"],"items_purchased_type":["Card","Relic"],"build_version":"2020-12-22","purchased_purges":0,"victory":false,"max_hp_per_floor":[80,80,80,80,80,80,80,80,80,80,80,80,80,80,80,80,80,80,80,80,80,80,80,80,80,80,80,80,80,80,80,80,80,80,80,80,85,85,85,85,85,74,74,74,74,74,74,74,74,74,74,74],"card_choices":[{"not_picked":["Guardian:Repulse","Guardian:Gem_Lightblue"],"picked":"Guardian:Clone","floor":2},{"not_picked":["Guardian:Gem_Green","Guardian:TemporalShield"],"picked":"Guardian:RollAttack","floor":5},{"not_picked":["Guardian:VentSteam","Guardian:Suspension","Guardian:PrismaticBarrier"],"picked":"Guardian:Gem_Cyan","floor":9},{"not_picked":["Guardian:Planning","Guardian:Reroute","Guardian:Gem_Synthetic"],"picked":"Guardian:StasisField","floor":10},{"not_picked":["Guardian:CrystalBeam","Guardian:Reroute","Guardian:TemporalStrike","Guardian:Suspension"],"picked":"SKIP","floor":12},{"not_picked":["Guardian:VentSteam","Guardian:ChargeCore","Guardian:CrystalBeam"],"picked":"Guardian:ShieldCharger","floor":13},{"not_picked":["Guardian:PrismaticBeam","Guardian:CrystalBeam","Guardian:ChargeCore"],"picked":"Guardian:Repulse","floor":15},{"not_picked":["Guardian:ExploitGems","Guardian:StasisField","Guardian:RevengeProtocol"],"picked":"Guardian:Gem_Synthetic","floor":16},{"not_picked":["Guardian:Gem_Red","Guardian:BronzeOrb","Guardian:Suspension"],"picked":"Guardian:Recover+1","floor":19},{"not_picked":["Guardian:Gem_Fragmented","Guardian:FloatingOrbs","Guardian:RollAttack+1"],"picked":"Guardian:ShieldCharger","floor":20},{"not_picked":["Guardian:RefractedBeam","Guardian:BronzeArmor","Guardian:Reroute"],"picked":"Guardian:MultiBeam+1","floor":21},{"not_picked":["Guardian:Repulse+1","Guardian:Planning+1","Guardian:Gem_Lightblue"],"picked":"Guardian:WalkerClaw+1","floor":22},{"not_picked":["Guardian:Recover","Guardian:ShieldCharger","Guardian:Emergency"],"picked":"Guardian:Gem_Synthetic","floor":23},{"not_picked":["Guardian:PrismaticBarrier","Guardian:Planning","Guardian:Gem_Cyan"],"picked":"Guardian:ChargeCore+1","floor":25},{"not_picked":["Guardian:BodySlam+1","Guardian:Clone","Guardian:Suspension"],"picked":"Guardian:ExploitGems","floor":26},{"not_picked":["Guardian:ChargeCore+1","Guardian:TemporalStrike+1","Guardian:Gem_Green"],"picked":"Guardian:Gem_Blue","floor":27},{"not_picked":["Guardian:Gem_Cyan","Guardian:TemporalStrike+1","Guardian:Suspension","Guardian:PiercingHide"],"picked":"SKIP","floor":28},{"not_picked":["Guardian:Gem_Cyan","Guardian:TemporalStrike+1","Guardian:SentryBeam+1"],"picked":"Guardian:PolyBeam+1","floor":30},{"not_picked":["Guardian:ShieldCharger","Guardian:FloatingOrbs","Guardian:Suspension"],"picked":"Guardian:BaubleBeam+1","floor":31},{"not_picked":["Guardian:BronzeArmor","Guardian:WalkerClaw+1","Guardian:CrystalBeam+1"],"picked":"Guardian:Gem_White","floor":32},{"not_picked":["Guardian:AncientConstruct","Guardian:ConstructionForm","Guardian:FastForward"],"picked":"Guardian:Gem_Orange","floor":33},{"not_picked":["Guardian:RollAttack+1","Guardian:Reroute+1","Guardian:Incinerate+1"],"picked":"Guardian:PrismaticBarrier+1","floor":36},{"not_picked":["Guardian:ShieldCharger","Guardian:Gem_Lightblue","Guardian:DecasProtection"],"picked":"Guardian:Suspension+1","floor":37},{"not_picked":["Guardian:Reroute+1","Guardian:SpikerProtocol","Guardian:ShieldSpikes"],"picked":"Guardian:TimeCapacitor+1","floor":38},{"not_picked":["Guardian:TimeBomb+1","Guardian:MultiBeam+1","Guardian:TemporalStrike+1"],"picked":"Guardian:Gem_Synthetic","floor":39},{"not_picked":["Guardian:SentryBeam+1","Guardian:Suspension","Guardian:Gem_Red"],"picked":"Guardian:Gem_Lightblue","floor":40},{"not_picked":["Guardian:RollAttack+1","Guardian:Recover","Guardian:DonusPower+1"],"picked":"Guardian:PrimingBeam+1","floor":44},{"not_picked":["Guardian:TemporalShield+1","Guardian:FloatingOrbs","Guardian:SentryBeam+1"],"picked":"Guardian:Gem_Orange","floor":45},{"not_picked":["Guardian:Gem_Purple","Guardian:TemporalShield+1","Guardian:PiercingHide+1","Guardian:GuardianWhirl+1"],"picked":"SKIP","floor":46},{"not_picked":["Guardian:WalkerClaw+1","Guardian:Gem_Green","Guardian:Gem_Cyan"],"picked":"Guardian:Repulse+1","floor":49}],"player_experience":140841,"relics_obtained":[{"floor":7,"key":"Akabeko"},{"floor":8,"key":"Question Card"},{"floor":10,"key":"Kunai"},{"floor":24,"key":"TungstenRod"},{"floor":31,"key":"Guardian:SackOfGems"},{"floor":31,"key":"Happy Flower"},{"floor":37,"key":"Incense Burner"},{"floor":40,"key":"Boot"},{"floor":40,"key":"Calipers"},{"floor":41,"key":"Nunchaku"},{"floor":45,"key":"StrikeDummy"},{"floor":45,"key":"Toxic Egg 2"}],"event_choices":[{"damage_healed":0,"gold_gain":0,"player_choice":"Success","damage_taken":3,"relics_obtained":["Pocketwatch"],"max_hp_gain":0,"max_hp_loss":0,"event_name":"Scrap Ooze","floor":4,"gold_loss":0},{"damage_healed":22,"gold_gain":0,"player_choice":"Full Heal","damage_taken":0,"max_hp_gain":0,"max_hp_loss":0,"event_name":"Wheel of Change","floor":48,"gold_loss":0}],"is_beta":false,"boss_relics":[{"not_picked":["Calling Bell","Runic Dome"],"picked":"Black Star"},{"not_picked":["Guardian:StasisSlotReductionRelic","Fusion Hammer"],"picked":"bronze:MakeshiftBattery"}],"items_purged_floors":[],"is_endless":false,"potions_floor_spawned":[10,12,15,16,22,27,30,31,33,37,38,39,46],"killed_by":"DF_ARCHETYPE_ORBS","ascension_level":0}}