{"host":"5sge6gv1nm0vflk2","time":1612763902,"event":{"mods":["AchievementEnabler","Aspiration","Bard","BaseMod","Beaked The Cultist","Better Third Choice","BetterRewards","Challenge The Spire","Colored Powertips","Conspire","Curses Come First","Downfall","Halation","Hubris","Infinite Spire","Minty Spire (QoL Compilation)","Relic Stats","Shade Mod","Shop Mod","Spicy Shops","StSLib","The Construct","The Cursed","The Disciple","The Hierophant","The Runesmith","The Servant 0.9.4"],"gold_per_floor":[115,131,147,147,164,164,197,197,246,268,292,292,306,338,338,442,442,457,357,396,396,10,10,53,93,93,93,93,109,109],"floor_reached":29,"language":"ENG","playtime":2571,"items_purged":["Decay"],"score":451,"play_id":"4a842ba9-1bea-46a3-ac38-4c1d188d4b61","local_time":"20210207235822","is_ascension_mode":false,"campfire_choices":[{"data":"TheCursedMod:CursedWand","floor":6.0,"key":"SMITH"},{"floor":8.0,"key":"REST"},{"data":"TheCursedMod:SurpriseAttack","floor":12.0,"key":"SMITH"},{"floor":15.0,"key":"REST"},{"data":"TheCursedMod:AbyssShockwave","floor":23,"key":"SMITH"}],"circlet_count":0,"master_deck":["TheCursedMod:CursedWand+1","TheCursedMod:CleanUpWorkshop","TheCursedMod:Dregs","TheCursedMod:SpitefulStrike","TheCursedMod:SurpriseAttack+1","TheCursedMod:CursedAmulet","TheCursedMod:CursedBlade","Writhe","infinitespire:Menacing","TheCursedMod:CircleOfCorruption","TheCursedMod:CircleOfFlame","TheCursedMod:Torture","TheCursedMod:Stigma","TheCursedMod:AbyssShockwave","TheCursedMod:CollectTribute","TheCursedMod:VitalStrike","TheCursedMod:CollectTribute","TheCursedMod:Grudge","TheCursedMod:VoidForm","TheCursedMod:CursedMace","TheCursedMod:AbyssShockwave+1","TheCursedMod:VoidForm","TheCursedMod:BloodBarrier","TheCursedMod:FleshFromBone","conspire:SpireCoStock","conspire:SpireCoStock","hubris:Greed","TheCursedMod:SpitefulPlan","TheCursedMod:LuckyCharm","TheCursedMod:CircleOfBlood+1","hubris:Greed","TheCursedMod:HellfireBreathing","hubris:Greed"],"relics":["TheCursedMod:BlackMagic101","hubris:OldNail","Anchor","Odd Mushroom","Blood Vial","Bronze Scales","MerchantsRug","Bird Faced Urn","Shuriken","aspiration:EmptySkull"],"acts_visited":["Exordium","TheCity"],"potions_floor_usage":[16,24,24,24],"damage_taken":[{"damage":5.0,"enemies":"Cultist","floor":1.0,"turns":4.0},{"damage":3.0,"enemies":"Jaw Worm","floor":2.0,"turns":3.0},{"damage":9.0,"enemies":"Small Slimes","floor":3.0,"turns":4.0},{"damage":0.0,"enemies":"Blue Slaver","floor":5.0,"turns":3.0},{"damage":28.0,"enemies":"3 Sentries","floor":7.0,"turns":9.0},{"damage":0.0,"enemies":"The Mushroom Lair","floor":10.0,"turns":3.0},{"damage":12.0,"enemies":"Large Slime","floor":13.0,"turns":6.0},{"damage":21.0,"enemies":"Lagavulin","floor":14.0,"turns":5.0},{"damage":16,"enemies":"Slime Boss","floor":16,"turns":10},{"damage":13,"enemies":"2 Thieves","floor":18,"turns":3},{"damage":0,"enemies":"3 Byrds","floor":20,"turns":3},{"damage":34,"enemies":"Book of Stabbing","floor":24,"turns":4},{"damage":16,"enemies":"Shelled Parasite and Fungi","floor":25,"turns":4},{"damage":40,"enemies":"Slavers","floor":29,"turns":3}],"seed_played":"-1811007205218594669","potions_obtained":[{"floor":2.0,"key":"sneckomod:MuddlingPotion"},{"floor":5.0,"key":"Strength Potion"},{"floor":10.0,"key":"Fruit Juice"},{"floor":13.0,"key":"FearPotion"},{"floor":16,"key":"LiquidMemories"},{"floor":18,"key":"Fire Potion"}],"is_trial":false,"path_per_floor":["M","M","M","?","M","R","E","R","T","?","T","R","M","E","R","B",null,"M","?","M","?","$","R","E","M","T","AVR","?","E"],"character_chosen":"THE_CURSED","items_purchased":["TheCursedMod:SpitefulStrike","MerchantsRug","TheCursedMod:LuckyCharm","Bird Faced Urn"],"campfire_rested":2,"item_purchase_floors":[0,22,22,22],"current_hp_per_floor":[70,67,58,58,58,58,30,52,52,57,57,57,47,28,52,38,80,67,67,69,69,69,69,43,31,31,31,31,0,0],"gold":109,"neow_bonus":"","is_daily":false,"chose_seed":false,"campfire_upgraded":3,"win_rate":0.0,"timestamp":1612763902,"path_taken":["M","M","?","?","M","R","E","R","T","?","?","R","?","E","R","BOSS","M","?","M","?","?","R","E","?","T","AVR","?","E"],"items_purchased_type":["Card","Relic","Card","Relic"],"build_version":"2020-12-22","purchased_purges":1,"victory":false,"max_hp_per_floor":[75,75,75,75,75,75,75,75,75,80,80,80,80,80,80,80,80,80,80,80,80,80,80,80,80,80,80,80,80,80],"relic_stats":{"Blood Vial":14,"counters":[22,100],"Shuriken":[1],"Bronze Scales":[99],"Bird Faced Urn":[14],"obtain_stats":[{"TheCursedMod:BlackMagic101":0,"MerchantsRug":22,"Lantern":9,"hubris:Teleporter":6,"Vajra":3,"Pen Nib":0,"Odd Mushroom":10,"Smiling Mask":4,"Blood Vial":11,"Anchor":9,"aspiration:EmptySkull":27,"Shuriken":24,"Bronze Scales":14,"Bird Faced Urn":22,"Pandora\u0027s Box":17,"infinitespire:EmpoweringShard":14,"halation:AfternoonTea":12,"hubris:OldNail":7},{"TheCursedMod:BlackMagic101":0,"MerchantsRug":19,"Lantern":3,"hubris:Teleporter":2,"Vajra":1,"Pen Nib":0,"Odd Mushroom":14,"Smiling Mask":1,"Blood Vial":14,"Anchor":13,"aspiration:EmptySkull":21,"Shuriken":20,"Bronze Scales":16,"Bird Faced Urn":19,"Pandora\u0027s Box":17,"infinitespire:EmpoweringShard":7,"halation:AfternoonTea":6,"hubris:OldNail":13},{"TheCursedMod:BlackMagic101":0,"MerchantsRug":89,"Lantern":11,"hubris:Teleporter":9,"Vajra":3,"Pen Nib":0,"Odd Mushroom":62,"Smiling Mask":3,"Blood Vial":62,"Anchor":59,"aspiration:EmptySkull":97,"Shuriken":93,"Bronze Scales":73,"Bird Faced Urn":89,"Pandora\u0027s Box":83,"infinitespire:EmpoweringShard":28,"halation:AfternoonTea":22,"hubris:OldNail":59}]},"card_choices":[{"not_picked":["TheCursedMod:ReleasedStrength","TheCursedMod:ManaBullet"],"picked":"TheCursedMod:SurpriseAttack","floor":1.0},{"not_picked":["TheCursedMod:SurpriseAttack","TheCursedMod:CursedMace"],"picked":"TheCursedMod:CursedAmulet","floor":2.0},{"not_picked":["TheCursedMod:Torture","TheCursedMod:PrepareRite"],"picked":"TheCursedMod:CursedBlade","floor":3.0},{"not_picked":["hubris:Rewind","infinitespire:UltimateForm"],"picked":"infinitespire:Menacing","floor":4.0},{"not_picked":["TheCursedMod:StingEye","TheCursedMod:FuryStrike"],"picked":"TheCursedMod:CircleOfCorruption","floor":5.0},{"not_picked":["TheCursedMod:ForbiddenAlchemy","TheCursedMod:CircleOfCorruption"],"picked":"TheCursedMod:CircleOfFlame","floor":7.0},{"not_picked":["TheCursedMod:Obscuration","TheCursedMod:Grudge"],"picked":"TheCursedMod:Torture","floor":10.0},{"not_picked":["TheCursedMod:TacticalStrike","TheCursedMod:SmokeScreen"],"picked":"TheCursedMod:Stigma","floor":13.0},{"not_picked":["TheCursedMod:CursedBoomerang","TheCursedMod:Evocation"],"picked":"TheCursedMod:AbyssShockwave","floor":14.0},{"not_picked":["TheCursedMod:UltimatePain","TheCursedMod:DarkBarrier"],"picked":"TheCursedMod:CollectTribute","floor":16},{"not_picked":["TheCursedMod:Obscuration","TheCursedMod:SpitefulStrike"],"picked":"TheCursedMod:FleshFromBone","floor":18},{"not_picked":["TheCursedMod:CursedShiv","TheCursedMod:CircleOfFlame"],"picked":"TheCursedMod:SpitefulPlan","floor":20},{"not_picked":["TheCursedMod:Wield","TheCursedMod:LuckyCharm"],"picked":"TheCursedMod:CircleOfBlood+1","floor":24},{"not_picked":["TheCursedMod:CircleOfAbyss","TheCursedMod:SpitefulPlan"],"picked":"TheCursedMod:HellfireBreathing","floor":25}],"player_experience":498485,"relics_obtained":[{"floor":7.0,"key":"hubris:OldNail"},{"floor":9.0,"key":"Anchor"},{"floor":10.0,"key":"Odd Mushroom"},{"floor":11.0,"key":"Blood Vial"},{"floor":14.0,"key":"Bronze Scales"},{"floor":24,"key":"Shuriken"}],"event_choices":[{"damage_healed":0.0,"max_hp_gain":0.0,"max_hp_loss":0.0,"gold_gain":0.0,"event_name":"Mushrooms","player_choice":"Fought Mushrooms","floor":10.0,"gold_loss":0.0,"damage_taken":0.0},{"damage_healed":0,"gold_gain":0,"player_choice":"Invest 2","damage_taken":0,"max_hp_gain":0,"max_hp_loss":0,"event_name":"conspire:Investor","floor":19,"gold_loss":0},{"damage_healed":0,"gold_gain":0,"player_choice":"Ignored","damage_taken":0,"max_hp_gain":0,"max_hp_loss":0,"event_name":"Ghosts","floor":21,"gold_loss":0},{"damage_healed":0,"gold_gain":0,"player_choice":"Ignored","damage_taken":0,"max_hp_gain":0,"max_hp_loss":0,"event_name":"Fountain of Cleansing","floor":28,"gold_loss":0}],"is_beta":false,"boss_relics":[{"not_picked":["Cursed Key","Sozu"],"picked":"Pandora\u0027s Box"}],"items_purged_floors":[27],"is_endless":false,"potions_floor_spawned":[2,5,10,13,14,16,18,20],"killed_by":"Slavers","ascension_level":0}}