{"host":"t9zjxed0utvsfjwc","time":1612797627,"event":{"mods":["2.2 Compatiblity","Aspiration","BaseMod","Better Altar","Better Match","Better Note","Better Sensory Stone","Better Skull","Better Third Choice","Block Reminder","Colored Map","Colored Powertips","Custom Start","Downfall","Hermit","Highlight Path","Hubris","Infinite Spire","Marisa????????","Minty Spire (QoL Compilation)","Quick Restart","Rare Cards Sparkle","Reliquary","Replay The Spire","StSLib","The Cursed","The Marked","The Runesmith","Unceasing Turn Reminder","everything is the same but u backflip on backflip"],"gold_per_floor":[113,113,113,125,139,165,177,187,187,187,206,51,84,85,85,85,85],"floor_reached":16,"language":"ENG","playtime":663,"items_purged":[],"score":112,"play_id":"06563793-80f1-4825-9334-7d2b59f13b4e","local_time":"20210208152027","is_ascension_mode":false,"campfire_choices":[{"floor":10,"key":"REST"},{"data":"hermit:Shortfuse","floor":15,"key":"SMITH"}],"circlet_count":0,"master_deck":["hermit:Strike_Hermit","hermit:Strike_Hermit","hermit:Strike_Hermit","hermit:Defend_Hermit","hermit:Defend_Hermit","hermit:Defend_Hermit","hermit:Defend_Hermit","hermit:Snapshot","hermit:Covet","hermit:Desperado","hermit:Shortfuse+1","hermit:CursedWeapon","hermit:EyeOfTheStorm","hermit:Midnight","Normality"],"relics":["hermit:Momento","aspiration:Nostalgia","champ:ChampionCrown","aspiration:BabyByrd","Centennial Puzzle","infinitespire:FocusingShard","PreservedInsect","aspiration:HiddenCompartment","ReplayTheSpireMod:CursedCoin","Akabeko"],"acts_visited":["Exordium"],"potions_floor_usage":[6,6,13],"damage_taken":[{"damage":0,"enemies":"Cultist","floor":1,"turns":3},{"damage":0,"enemies":"2 Louse","floor":4,"turns":2},{"damage":1,"enemies":"Jaw Worm","floor":5,"turns":2},{"damage":16,"enemies":"Gremlin Nob","floor":6,"turns":3},{"damage":5,"enemies":"Red Slaver","floor":7,"turns":2},{"damage":14,"enemies":"Exordium Thugs","floor":8,"turns":3},{"damage":8,"enemies":"Exordium Wildlife","floor":11,"turns":3},{"damage":9,"enemies":"Replay:BlueRogue","floor":13,"turns":2},{"damage":59,"enemies":"Fading Forest","floor":16,"turns":10}],"seed_played":"4310257061927308827","potions_obtained":[{"floor":1,"key":"Milkshake"},{"floor":5,"key":"BlessingOfTheForge"},{"floor":11,"key":"FearPotion"}],"is_trial":false,"path_per_floor":["M","?","?","M","M","E","M","M","T","R","M","$","E","$","R","B"],"character_chosen":"HERMIT","items_purchased":["PreservedInsect","ReplayTheSpireMod:CursedCoin","Akabeko"],"campfire_rested":1,"item_purchase_floors":[12,14,14],"current_hp_per_floor":[75,75,75,75,74,58,53,39,39,61,53,53,44,44,44,0,0],"gold":85,"neow_bonus":"NOSTALGIA","is_daily":false,"chose_seed":false,"campfire_upgraded":1,"win_rate":0.0,"timestamp":1612797627,"path_taken":["M","?","?","M","M","E","M","M","T","R","?","?","E","$","R","BOSS"],"items_purchased_type":["Relic","Relic","Relic"],"build_version":"2020-12-22","purchased_purges":0,"victory":false,"max_hp_per_floor":[75,75,75,75,75,75,75,75,75,75,75,75,75,75,75,75,75],"card_choices":[{"not_picked":["hermit:Roulette","hermit:ItchyTrigger"],"picked":"hermit:Desperado","floor":1},{"not_picked":["hermit:LuckOfTheDraw","hermit:Snipe"],"picked":"hermit:Shortfuse","floor":4},{"not_picked":["hermit:Coalescence","hermit:SprayPray","hermit:EternalForm"],"picked":"SKIP","floor":5},{"not_picked":["hermit:HighCaliber","hermit:BodyArmor"],"picked":"hermit:CursedWeapon","floor":6},{"not_picked":["hermit:ItchyTrigger","hermit:HoleUp"],"picked":"hermit:EyeOfTheStorm","floor":7},{"not_picked":["hermit:Ricochet","hermit:Coalescence","hermit:Feint"],"picked":"SKIP","floor":8},{"not_picked":["hermit:Shortfuse","hermit:Coalescence"],"picked":"hermit:Midnight","floor":11},{"not_picked":["hermit:Feint","hermit:SprayPray","hermit:Enervate"],"picked":"SKIP","floor":13}],"player_experience":534143,"relics_obtained":[{"floor":6,"key":"Centennial Puzzle"},{"floor":9,"key":"infinitespire:FocusingShard"},{"floor":13,"key":"aspiration:HiddenCompartment"}],"event_choices":[{"cards_removed":["hermit:Strike_Hermit"],"damage_healed":0,"gold_gain":0,"player_choice":"Offered Basic","damage_taken":0,"max_hp_gain":0,"max_hp_loss":0,"event_name":"Bonfire Elementals","floor":3,"gold_loss":0}],"is_beta":false,"boss_relics":[],"items_purged_floors":[],"is_endless":false,"potions_floor_spawned":[1,5,11],"killed_by":"Fading Forest","ascension_level":0}}