{"host":"hf83sijwe64ts2lm","time":1612824942,"event":{"mods":["2.2 Compatiblity","BaseMod","Better Altar","Better Match","Better Note","Better Sensory Stone","Better Skull","Better Third Choice","Colored Map","Colored Powertips","Highlight Path","Hubris","Infinite Spire","Minty Spire (QoL Compilation)","Quick Restart","Rare Cards Sparkle","Relic Stats","Reliquary","Replay The Spire","Shop Mod","Spicy Shops","Spire Arcade","StSLib","Thieving Mod"],"gold_per_floor":[109,109,125,125,125,125,14,14,65,83,118,132,147,165,165,264,264,274,274,289,308,18,18,118,118,167,167,182,195,207,239,239,239,239],"floor_reached":33,"language":"ENG","playtime":665,"items_purged":[],"score":336,"play_id":"a40127c9-4df7-4993-ae63-cfeaa1621ce2","local_time":"20210208175542","is_ascension_mode":true,"campfire_choices":[{"floor":6.0,"key":"RECALL"},{"data":"Armaments","floor":8.0,"key":"SMITH"},{"data":"ReplayTheSpireMod:Muscle Training","floor":15.0,"key":"SMITH"},{"floor":23.0,"key":"REST"},{"floor":27.0,"key":"REST"},{"floor":32.0,"key":"REST"}],"circlet_count":0,"master_deck":["Strike_R+1","Strike_R","Strike_R","Strike_R","Strike_R","Defend_R+1","Defend_R","Defend_R","Defend_R","Bash+1","Thunderclap+1","ReplayTheSpireMod:Stacked+1","Cleave+1","Cleave","Armaments+1","Reckless Charge","Spot Weakness","ReplayTheSpireMod:Muscle Training+1","Armaments","Impervious","Juggernaut","ReplayTheSpireMod:Muscle Training","Perfected Strike+1","Whirlwind+1","Iron Wave","Trip","infinitespire:FutureSight","CurseOfTheBell","Whirlwind","ReplayTheSpireMod:Muscle Training+1","Heavy Blade+1","Reaper"],"relics":["Burning Blood","Question Card","Black Star","hubris:Icosahedron","Whetstone","Calling Bell","War Paint","Quantum Egg","Charon\u0027s Ashes","Replay:Mystery Machine","Omamori","reliquary:IridiumChain"],"acts_visited":["Exordium","TheCity"],"potions_floor_usage":[],"damage_taken":[{"damage":0.0,"enemies":"Small Slimes","floor":1.0,"turns":3.0},{"damage":6.0,"enemies":"Cultist","floor":3.0,"turns":3.0},{"damage":2.0,"enemies":"2 Louse","floor":10.0,"turns":2.0},{"damage":16.0,"enemies":"Gremlin Nob","floor":11.0,"turns":3.0},{"damage":0.0,"enemies":"Gremlin Gang","floor":12.0,"turns":1.0},{"damage":0.0,"enemies":"3 Louse","floor":13.0,"turns":2.0},{"damage":14.0,"enemies":"Red Slaver","floor":14.0,"turns":3.0},{"damage":61.0,"enemies":"Fading Forest","floor":16.0,"turns":11.0},{"damage":28.0,"enemies":"Shell Parasite","floor":18.0,"turns":7.0},{"damage":7.0,"enemies":"Chosen","floor":20.0,"turns":4.0},{"damage":31.0,"enemies":"Snake Plant","floor":21.0,"turns":5.0},{"damage":24.0,"enemies":"Snecko","floor":28.0,"turns":5.0},{"damage":1.0,"enemies":"Cultist and Chosen","floor":29.0,"turns":4.0},{"damage":51.0,"enemies":"Sentry and Sphere","floor":30.0,"turns":5.0},{"damage":51.0,"enemies":"Book of Stabbing","floor":31.0,"turns":5.0},{"damage":92,"enemies":"Automaton","floor":33,"turns":6}],"seed_played":"-6675628498801114660","potions_obtained":[{"floor":3.0,"key":"DistilledChaos"},{"floor":5.0,"key":"infinitespire:BlackPotion"},{"floor":5.0,"key":"Strength Potion"},{"floor":11.0,"key":"Energy Potion"},{"floor":16.0,"key":"Swift Potion"},{"floor":20.0,"key":"GamblersBrew"},{"floor":21.0,"key":"SkillPotion"},{"floor":28.0,"key":"ThievingMod:ThievingPotion"}],"is_trial":false,"path_per_floor":["M","?","M","?","?","R","$","R","T","M","E","M","M","M","R","B",null,"M","?","M","M","$","R","?","AVR","T","R","M","M","M","E","R","B"],"character_chosen":"IRONCLAD","items_purchased":["Cleave","Armaments","Iron Wave","Whetstone","Trip"],"campfire_rested":3,"item_purchase_floors":[7,7,22,22,22],"current_hp_per_floor":[88,88,88,88,88,88,88,88,88,88,78,84,88,80,80,25,72,50,50,49,24,24,50,50,50,50,76,58,63,18,43,69,0,0],"gold":239,"neow_bonus":"TEN_PERCENT_HP_BONUS","is_daily":false,"chose_seed":false,"campfire_upgraded":2,"win_rate":0.0,"timestamp":1612824942,"path_taken":["M","?","M","?","?","R","$","R","T","M","E","M","M","M","R","BOSS","M","?","M","M","$","R","?","AVR","T","R","M","M","?","E","R","BOSS"],"items_purchased_type":["Card","Card","Card","Relic","Card"],"build_version":"2020-12-22","purchased_purges":0,"victory":false,"max_hp_per_floor":[88,88,88,88,88,88,88,88,88,88,88,88,88,88,88,88,88,88,88,88,88,88,88,88,88,88,88,88,88,88,88,88,88,88],"relic_stats":{"counters":[16,69],"Charon\u0027s Ashes":[33],"Black Star":1,"Whetstone":["Cleave","Strike_R"],"War Paint":["ReplayTheSpireMod:Stacked","Defend_R"],"Question Card":14,"obtain_stats":[{"Calling Bell":25,"hubris:Icosahedron":19,"Quantum Egg":25,"Charon\u0027s Ashes":25,"Black Star":17,"Omamori":31,"Whetstone":22,"War Paint":25,"Replay:Mystery Machine":26,"Question Card":11,"Burning Blood":0,"reliquary:IridiumChain":31},{"Calling Bell":11,"hubris:Icosahedron":9,"Quantum Egg":11,"Charon\u0027s Ashes":11,"Black Star":8,"Omamori":15,"Whetstone":11,"War Paint":11,"Replay:Mystery Machine":11,"Question Card":4,"Burning Blood":0,"reliquary:IridiumChain":15},{"Calling Bell":44,"hubris:Icosahedron":35,"Quantum Egg":44,"Charon\u0027s Ashes":44,"Black Star":28,"Omamori":63,"Whetstone":44,"War Paint":44,"Replay:Mystery Machine":44,"Question Card":11,"Burning Blood":0,"reliquary:IridiumChain":63}],"Burning Blood":78},"card_choices":[{"not_picked":["Armaments","Infernal Blade"],"picked":"Thunderclap","floor":1.0},{"not_picked":["Body Slam","True Grit"],"picked":"ReplayTheSpireMod:Stacked","floor":3.0},{"not_picked":["Searing Blow","ReplayTheSpireMod:Strike From Hell"],"picked":"Reckless Charge","floor":10.0},{"not_picked":["Cleave","Flame Barrier"],"picked":"Spot Weakness","floor":11.0},{"not_picked":["Armaments","Body Slam","Cleave"],"picked":"ReplayTheSpireMod:Muscle Training","floor":12.0},{"not_picked":["Anger","Clash","hubris:ReadiedAction"],"picked":"Armaments","floor":13.0},{"not_picked":["Cleave","Anger","Twin Strike"],"picked":"Impervious","floor":14.0},{"not_picked":["Brutality","Impervious","Hemogenesis"],"picked":"Juggernaut","floor":16.0},{"not_picked":["Havoc","hubris:ReadiedAction","Intimidate"],"picked":"ReplayTheSpireMod:Muscle Training","floor":18.0},{"not_picked":["Abandon","Sword Boomerang+1","Battle Trance"],"picked":"Perfected Strike+1","floor":20.0},{"not_picked":["Dual Wield","Rupture","Run Through"],"picked":"Whirlwind+1","floor":21.0},{"not_picked":["ReplayTheSpireMod:Strike From Hell","Anger","Shockwave"],"picked":"Whirlwind","floor":28.0},{"not_picked":["Combust","Cleave","Flex"],"picked":"ReplayTheSpireMod:Muscle Training+1","floor":29.0},{"not_picked":["Fire Breathing+1","ReplayTheSpireMod:Corrosion Curse","Thunderclap"],"picked":"Heavy Blade+1","floor":30.0},{"not_picked":["ReplayTheSpireMod:LeadingStrike","Cleave","Wild Strike"],"picked":"Reaper","floor":31.0}],"player_experience":161688,"relics_obtained":[{"floor":11.0,"key":"Question Card"},{"floor":25.0,"key":"War Paint"},{"floor":25.0,"key":"Quantum Egg"},{"floor":25.0,"key":"Charon\u0027s Ashes"},{"floor":26.0,"key":"Replay:Mystery Machine"},{"floor":31.0,"key":"Omamori"},{"floor":31.0,"key":"reliquary:IridiumChain"}],"event_choices":[{"damage_healed":0.0,"max_hp_gain":0.0,"max_hp_loss":0.0,"gold_gain":0.0,"event_name":"Living Wall","player_choice":"Grow","floor":2.0,"gold_loss":0.0,"damage_taken":0.0,"cards_upgraded":["Thunderclap"]},{"damage_healed":0.0,"max_hp_gain":0.0,"max_hp_loss":0.0,"gold_gain":0.0,"event_name":"Lab","player_choice":"Got Potions","floor":5.0,"gold_loss":0.0,"damage_taken":0.0},{"damage_healed":0.0,"max_hp_gain":0.0,"max_hp_loss":0.0,"gold_gain":100.0,"event_name":"Golden Shrine","player_choice":"Pray","floor":24.0,"gold_loss":0.0,"damage_taken":0.0}],"is_beta":false,"boss_relics":[{"not_picked":["hubris:VirtuousBlindfold","Empty Cage"],"picked":"Black Star"}],"items_purged_floors":[],"is_endless":false,"potions_floor_spawned":[3,11,16,20,21,28],"killed_by":"Automaton","ascension_level":5}}