{"host":"tetq3wi5anb97imq","time":1612823968,"event":{"mods":["BaseMod","Block Reminder","Minty Spire (QoL Compilation)","Quick Restart","StSLib","SuperFastMode"],"gold_per_floor":[114,114,26,26,100,133,18,52,52,127,127,148,183,208,208,208,208],"floor_reached":16,"language":"ENG","playtime":245,"items_purged":[],"score":332,"play_id":"e6a358b4-ff66-4954-beb7-7a666592a1c6","local_time":"20210208203928","is_ascension_mode":true,"campfire_choices":[{"data":"All Out Attack","floor":11,"key":"SMITH"},{"data":"Caltrops","floor":15,"key":"SMITH"}],"circlet_count":0,"master_deck":["AscendersBane","Strike_G","Strike_G","Strike_G","Strike_G","Strike_G+1","Defend_G+1","Defend_G","Defend_G","Defend_G","Defend_G","Survivor","Neutralize","Poisoned Stab","Backstab","All Out Attack+1","Leg Sweep","Dark Shackles","Blade Dance","Caltrops+1","Flechettes","Dagger Throw"],"relics":["Ring of the Snake","NeowsBlessing","Golden Idol","The Courier","Question Card","Orichalcum","InkBottle","Paper Crane"],"acts_visited":["Exordium"],"potions_floor_usage":[13,13,13,13,16],"damage_taken":[{"damage":0,"enemies":"Small Slimes","floor":1,"turns":1},{"damage":0,"enemies":"Gremlin Nob","floor":6,"turns":1},{"damage":0,"enemies":"Lagavulin","floor":8,"turns":1},{"damage":0,"enemies":"Jaw Worm","floor":12,"turns":3},{"damage":1,"enemies":"Gremlin Nob","floor":13,"turns":4},{"damage":0,"enemies":"2 Louse","floor":14,"turns":2},{"damage":27,"enemies":"Hexaghost","floor":16,"turns":9}],"seed_played":"500592356113574129","potions_obtained":[{"floor":1,"key":"EntropicBrew"},{"floor":8,"key":"Ancient Potion"},{"floor":14,"key":"PowerPotion"}],"is_trial":false,"path_per_floor":["M","?","$","?","T","E","$","E","T","?","R","M","E","M","R","B"],"character_chosen":"THE_SILENT","items_purchased":["Backstab","Leg Sweep","Dark Shackles"],"campfire_rested":0,"item_purchase_floors":[3,7,7],"current_hp_per_floor":[59,39,39,39,39,39,39,39,39,28,28,28,27,27,27,0,0],"gold":208,"neow_bonus":"THREE_ENEMY_KILL","is_daily":false,"chose_seed":false,"campfire_upgraded":2,"win_rate":0.0,"timestamp":1612823968,"path_taken":["M","?","$","?","?","E","?","E","T","?","R","M","E","?","R","BOSS"],"items_purchased_type":["Card","Card","Card"],"build_version":"2020-12-22","purchased_purges":0,"victory":false,"max_hp_per_floor":[66,66,66,60,60,60,60,60,60,60,60,60,60,60,60,60,60],"card_choices":[{"not_picked":["Reflex","Concentrate"],"picked":"Poisoned Stab","floor":1},{"not_picked":["Distraction","Slice"],"picked":"All Out Attack","floor":6},{"not_picked":["Accuracy","Underhanded Strike","Outmaneuver"],"picked":"Blade Dance","floor":8},{"not_picked":["Flechettes","Poisoned Stab","Underhanded Strike"],"picked":"Caltrops","floor":12},{"not_picked":["All Out Attack","Night Terror","Quick Slash"],"picked":"Flechettes","floor":13},{"not_picked":["Bane","Reflex","Underhanded Strike"],"picked":"Dagger Throw","floor":14}],"player_experience":1654064,"relics_obtained":[{"floor":5,"key":"The Courier"},{"floor":6,"key":"Question Card"},{"floor":8,"key":"Orichalcum"},{"floor":9,"key":"InkBottle"},{"floor":13,"key":"Paper Crane"}],"event_choices":[{"damage_healed":0,"gold_gain":0,"player_choice":"Entered Light","damage_taken":20,"max_hp_gain":0,"max_hp_loss":0,"event_name":"Shining Light","floor":2,"gold_loss":0,"cards_upgraded":["Defend_G","Strike_G"]},{"damage_healed":0,"gold_gain":0,"player_choice":"Lose Max HP","damage_taken":0,"relics_obtained":["Golden Idol"],"max_hp_gain":0,"max_hp_loss":6,"event_name":"Golden Idol","floor":4,"gold_loss":0},{"damage_healed":0,"gold_gain":75,"player_choice":"Gather Gold","damage_taken":11,"max_hp_gain":0,"max_hp_loss":0,"event_name":"World of Goop","floor":10,"gold_loss":0}],"is_beta":false,"boss_relics":[],"items_purged_floors":[],"is_endless":false,"potions_floor_spawned":[1,8,14],"killed_by":"Hexaghost","ascension_level":20}}