{"host":"og6lam4kt3nibbw0","time":1612812266,"event":{"mods":["AchievementEnabler","BaseMod","Colored Map","DeckTracker","Highlight Path","Keyboard Shortcuts","Minty Spire (QoL Compilation)","Permanent Neow","Quick Restart","StSLib","SuperFastMode"],"gold_per_floor":[115,133,133,154,167,167,180,193,264,25,59,39,59,59,59,59,59],"floor_reached":16,"language":"KOR","playtime":762,"items_purged":["Strike_P"],"score":208,"play_id":"21707c95-4308-41b7-9411-4f64f1a2baa4","local_time":"20210209042426","is_ascension_mode":true,"campfire_choices":[{"data":"Eruption","floor":6.0,"key":"SMITH"},{"floor":15.0,"key":"REST"}],"circlet_count":0,"master_deck":["AscendersBane","Strike_P","Strike_P","Strike_P","Defend_P","Defend_P","Defend_P","Defend_P","Eruption+1","Vigilance","DeusExMachina","FlurryOfBlows","BowlingBash","Judgement","Swivel","Consecrate","Sanctity","FlurryOfBlows"],"relics":["PureWater","Golden Idol","Eternal Feather","Sling","Juzu Bracelet"],"acts_visited":["Exordium"],"potions_floor_usage":[16,16],"damage_taken":[{"damage":2.0,"enemies":"2 Louse","floor":1.0,"turns":4.0},{"damage":0.0,"enemies":"Small Slimes","floor":2.0,"turns":3.0},{"damage":0.0,"enemies":"Cultist","floor":4.0,"turns":2.0},{"damage":7.0,"enemies":"Exordium Thugs","floor":5.0,"turns":4.0},{"damage":4.0,"enemies":"Looter","floor":7.0,"turns":3.0},{"damage":18.0,"enemies":"Exordium Wildlife","floor":8.0,"turns":4.0},{"damage":3.0,"enemies":"Gremlin Nob","floor":11.0,"turns":3.0},{"damage":5.0,"enemies":"Lots of Slimes","floor":13.0,"turns":3.0},{"damage":75,"enemies":"Hexaghost","floor":16,"turns":9}],"seed_played":"-2817832759716539321","potions_obtained":[{"floor":4.0,"key":"FearPotion"},{"floor":5.0,"key":"GamblersBrew"},{"floor":8.0,"key":"Fire Potion"},{"floor":11.0,"key":"ColorlessPotion"},{"floor":12.0,"key":"Regen Potion"}],"is_trial":false,"path_per_floor":["M","M","?","M","M","R","M","M","T","$","E","?","M","$","R","B"],"character_chosen":"WATCHER","items_purchased":["Sling"],"campfire_rested":1,"item_purchase_floors":[10],"current_hp_per_floor":[59,59,59,59,52,52,48,30,30,30,27,27,22,22,49,0,0],"gold":59,"neow_bonus":"ONE_RANDOM_RARE_CARD","is_daily":false,"chose_seed":false,"campfire_upgraded":1,"win_rate":0.0,"timestamp":1612812266,"path_taken":["M","M","?","M","M","R","M","M","T","$","E","?","M","$","R","BOSS"],"items_purchased_type":["Relic"],"build_version":"2020-12-22","purchased_purges":1,"victory":false,"max_hp_per_floor":[68,68,62,62,62,62,62,62,62,62,62,62,62,62,62,62,62],"card_choices":[{"not_picked":["SashWhip","ClearTheMind"],"picked":"FlurryOfBlows","floor":1.0},{"not_picked":["ThirdEye","Wireheading"],"picked":"BowlingBash","floor":2.0},{"not_picked":["FollowUp","Protect"],"picked":"Judgement","floor":4.0},{"not_picked":["DeceiveReality","PathToVictory","ForeignInfluence"],"picked":"SKIP","floor":5.0},{"not_picked":["BowlingBash","SashWhip"],"picked":"Swivel","floor":7.0},{"not_picked":["Collect","ThirdEye"],"picked":"Consecrate","floor":8.0},{"not_picked":["JustLucky","ReachHeaven"],"picked":"Sanctity","floor":11.0},{"not_picked":["CutThroughFate","EmptyBody"],"picked":"FlurryOfBlows","floor":13.0}],"player_experience":985689,"relics_obtained":[{"floor":9.0,"key":"Eternal Feather"},{"floor":11.0,"key":"Juzu Bracelet"}],"event_choices":[{"damage_healed":0.0,"max_hp_gain":0.0,"max_hp_loss":6.0,"gold_gain":0.0,"event_name":"Golden Idol","player_choice":"Lose Max HP","floor":3.0,"gold_loss":0.0,"damage_taken":0.0,"relics_obtained":["Golden Idol"]},{"damage_healed":0.0,"max_hp_gain":0.0,"max_hp_loss":0.0,"gold_gain":0.0,"event_name":"The Woman in Blue","player_choice":"Bought 1 Potion","floor":12.0,"gold_loss":0.0,"damage_taken":0.0}],"is_beta":false,"boss_relics":[],"items_purged_floors":[10],"is_endless":false,"potions_floor_spawned":[4,5,7,8,11],"killed_by":"Hexaghost","ascension_level":20}}