{"host":"xm0tf1maiknh0fp9","time":1612756949,"event":{"mods":["BaseMod","Colored Map","Colored Powertips","Googly Eyes","Minty Spire (QoL Compilation)","Replay The Spire","StSLib"],"gold_per_floor":[110,35,54,54,4,39,39,62,62,90,90,100,134,152,152,254,254,272,272,284,184,196,196,196,196],"floor_reached":24,"language":"ENG","playtime":756,"items_purged":["Defend_P","Strike_P"],"score":311,"play_id":"ec73fd52-2980-4c39-8a91-44205b46ad2f","local_time":"20210207230229","is_ascension_mode":true,"campfire_choices":[{"floor":7.0,"key":"REST"},{"floor":15.0,"key":"REST"},{"floor":23,"key":"REST"}],"circlet_count":0,"master_deck":["Strike_P","Defend_P","Defend_P+1","Defend_P","Eruption","Vigilance+1","Halt","CrushJoints","CutThroughFate","ConjureBlade","MasterReality"],"relics":["PureWater","Replay:Bottled Flurry","Juzu Bracelet","Odd Mushroom","Replay:Ringing Soul","Akabeko","ReplayTheSpireMod:TigerMarble","Sozu"],"acts_visited":["Exordium","TheCity"],"potions_floor_usage":[20,24],"damage_taken":[{"damage":4.0,"enemies":"2 Louse","floor":1.0,"turns":3.0},{"damage":0.0,"enemies":"Cultist","floor":3.0,"turns":2.0},{"damage":25.0,"enemies":"Gremlin Nob","floor":6.0,"turns":4.0},{"damage":9.0,"enemies":"The Mushroom Lair","floor":8.0,"turns":4.0},{"damage":0.0,"enemies":"Lagavulin","floor":10.0,"turns":4.0},{"damage":0.0,"enemies":"Small Slimes","floor":12.0,"turns":3.0},{"damage":20.0,"enemies":"3 Sentries","floor":13.0,"turns":7.0},{"damage":0.0,"enemies":"Exordium Thugs","floor":14.0,"turns":5.0},{"damage":17.0,"enemies":"The Guardian","floor":16.0,"turns":7.0},{"damage":9.0,"enemies":"Chosen","floor":18.0,"turns":2.0},{"damage":17,"enemies":"2 Thieves","floor":20,"turns":4},{"damage":17,"enemies":"Cultist and Chosen","floor":22,"turns":5},{"damage":36,"enemies":"Slavers","floor":24,"turns":5}],"seed_played":"2096363990776256579","potions_obtained":[{"floor":1.0,"key":"Weak Potion"},{"floor":14.0,"key":"Weak Potion"},{"floor":16.0,"key":"AttackPotion"}],"is_trial":false,"path_per_floor":["M","$","M","$","?","E","R","?","T","E","?","M","E","M","R","B",null,"M","?","M","$","M","R","E"],"character_chosen":"WATCHER","items_purchased":[],"campfire_rested":3,"item_purchase_floors":[],"current_hp_per_floor":[61,61,61,61,61,36,55,46,46,46,33,33,13,13,32,18,56,47,47,30,30,13,33,0,0],"gold":196,"neow_bonus":"TRANSFORM_TWO_CARDS","is_daily":false,"chose_seed":false,"campfire_upgraded":0,"win_rate":0.0,"timestamp":1612756949,"path_taken":["M","$","M","$","?","E","R","?","T","E","?","M","E","M","R","BOSS","M","?","M","$","M","R","E"],"items_purchased_type":[],"build_version":"2020-12-22","purchased_purges":2,"victory":false,"max_hp_per_floor":[65,65,65,65,65,65,65,65,65,65,65,65,65,65,65,68,68,68,68,68,68,68,68,68,68],"card_choices":[{"not_picked":["Prostrate","EmptyFist","Crescendo"],"picked":"SKIP","floor":1.0},{"not_picked":["ThirdEye","Indignation"],"picked":"CutThroughFate","floor":3.0},{"not_picked":["CrushJoints","Replay:Anticipation","Evaluate"],"picked":"SKIP","floor":6.0},{"not_picked":["Adaptation","SandsOfTime"],"picked":"ConjureBlade","floor":8.0},{"not_picked":["Replay:AtTheReady","FollowUp","EmptyBody"],"picked":"SKIP","floor":10.0},{"not_picked":["Replay:BluntJabs","Tantrum","FollowUp"],"picked":"SKIP","floor":12.0},{"not_picked":["Replay:Anticipation","BowlingBash","WaveOfTheHand"],"picked":"SKIP","floor":13.0},{"not_picked":["Replay:BluntJabs","Devotion","FollowUp"],"picked":"SKIP","floor":14.0},{"not_picked":["Replay:AllIn","LessonLearned"],"picked":"MasterReality","floor":16.0},{"not_picked":["Halt","Collect","Replay:AtTheReady"],"picked":"SKIP","floor":18.0},{"not_picked":["WindmillStrike","Consecrate","FlurryOfBlows"],"picked":"SKIP","floor":20},{"not_picked":["FlyingSleeves","Prostrate","FlurryOfBlows+1"],"picked":"SKIP","floor":22}],"player_experience":177540,"relics_obtained":[{"floor":6.0,"key":"Juzu Bracelet"},{"floor":8.0,"key":"Odd Mushroom"},{"floor":9.0,"key":"Replay:Ringing Soul"},{"floor":10.0,"key":"Akabeko"},{"floor":13.0,"key":"ReplayTheSpireMod:TigerMarble"}],"event_choices":[{"damage_healed":0.0,"max_hp_gain":0.0,"max_hp_loss":0.0,"gold_gain":0.0,"event_name":"WeMeetAgain","player_choice":"Paid Gold","floor":5.0,"gold_loss":50.0,"damage_taken":0.0,"relics_obtained":["Replay:Bottled Flurry"]},{"damage_healed":0.0,"max_hp_gain":0.0,"max_hp_loss":0.0,"gold_gain":0.0,"event_name":"Mushrooms","player_choice":"Fought Mushrooms","floor":8.0,"gold_loss":0.0,"damage_taken":0.0},{"damage_healed":0.0,"max_hp_gain":0.0,"max_hp_loss":0.0,"gold_gain":0.0,"event_name":"Shining Light","player_choice":"Entered Light","floor":11.0,"gold_loss":0.0,"damage_taken":13.0,"cards_upgraded":["Vigilance","Defend_P"]},{"damage_healed":0,"gold_gain":0,"player_choice":"Ignored","damage_taken":0,"max_hp_gain":0,"max_hp_loss":0,"event_name":"The Mausoleum","floor":19,"gold_loss":0}],"is_beta":false,"boss_relics":[{"not_picked":["Snecko Eye","SlaversCollar"],"picked":"Sozu"}],"items_purged_floors":[2,21],"is_endless":false,"potions_floor_spawned":[1,14,16,18],"killed_by":"Slavers","ascension_level":6}}