{"host":"vi6th7e8dilnaeg0","time":1612791641,"event":{"mods":["BaseMod","Minty Spire (QoL Compilation)","Relic Stats","StSLib"],"gold_per_floor":[109,109,109,128,128,128,166,166,166,166,15,15,35,35,35,159,159,174,174,188,34,34,69,85,85,136,36,36,76,97,130,130,259,259,279,302,302,302,318,318,318],"floor_reached":40,"language":"DEU","playtime":2800,"items_purged":["Regret"],"score":689,"play_id":"97a1b186-2bcf-4139-9037-16b85d653097","local_time":"20210208144041","is_ascension_mode":true,"campfire_choices":[{"data":"Eruption","floor":6.0,"key":"SMITH"},{"data":"CutThroughFate","floor":10.0,"key":"SMITH"},{"data":"ThirdEye","floor":12.0,"key":"SMITH"},{"data":"Prostrate","floor":15.0,"key":"SMITH"},{"data":"RitualDagger","floor":25.0,"key":"SMITH"},{"data":"Vault","floor":28.0,"key":"SMITH"},{"floor":32.0,"key":"REST"}],"circlet_count":0,"master_deck":["Strike_P","Strike_P","Defend_P","Defend_P","Defend_P","Defend_P","Eruption+1","Vigilance","CutThroughFate+1","ThirdEye+1","JustLucky","ReachHeaven","Prostrate+1","Vault+1","InnerPeace+1","RitualDagger+1","Halt","Ragnarok","Vengeance","Evaluate","MentalFortress","BowlingBash","FollowUp","Crescendo"],"relics":["PureWater","NeowsBlessing","Golden Idol","Lantern","White Beast Statue","Toy Ornithopter","Shuriken","Busted Crown","ClockworkSouvenir","Kunai","Regal Pillow","Blue Candle","TeardropLocket","SlaversCollar"],"acts_visited":["Exordium","TheCity","TheBeyond"],"potions_floor_usage":[40,40],"damage_taken":[{"damage":0.0,"enemies":"Small Slimes","floor":1.0,"turns":2.0},{"damage":0.0,"enemies":"2 Louse","floor":4.0,"turns":1.0},{"damage":0.0,"enemies":"Gremlin Nob","floor":7.0,"turns":1.0},{"damage":0.0,"enemies":"Cultist","floor":13.0,"turns":2.0},{"damage":15.0,"enemies":"Slime Boss","floor":16.0,"turns":7.0},{"damage":0.0,"enemies":"Spheric Guardian","floor":18.0,"turns":4.0},{"damage":10.0,"enemies":"Shell Parasite","floor":20.0,"turns":6.0},{"damage":9.0,"enemies":"Slavers","floor":23.0,"turns":3.0},{"damage":2.0,"enemies":"Snake Plant","floor":24.0,"turns":3.0},{"damage":5.0,"enemies":"Book of Stabbing","floor":29.0,"turns":4.0},{"damage":10.0,"enemies":"Shelled Parasite and Fungi","floor":30.0,"turns":4.0},{"damage":41.0,"enemies":"Slavers","floor":31.0,"turns":5.0},{"damage":56.0,"enemies":"Collector","floor":33.0,"turns":9.0},{"damage":11.0,"enemies":"Orb Walker","floor":35.0,"turns":6.0},{"damage":16.0,"enemies":"3 Shapes","floor":36.0,"turns":7.0},{"damage":16.0,"enemies":"Maw","floor":38.0,"turns":4.0},{"damage":14,"enemies":"3 Darklings","floor":39,"turns":5},{"damage":36,"enemies":"Transient","floor":40,"turns":6}],"seed_played":"497817779781581502","potions_obtained":[{"floor":7.0,"key":"EssenceOfSteel"},{"floor":13.0,"key":"PowerPotion"},{"floor":16.0,"key":"Regen Potion"},{"floor":18.0,"key":"AttackPotion"},{"floor":20.0,"key":"SteroidPotion"},{"floor":23.0,"key":"PowerPotion"},{"floor":24.0,"key":"CultistPotion"},{"floor":29.0,"key":"DuplicationPotion"},{"floor":30.0,"key":"ColorlessPotion"},{"floor":31.0,"key":"SmokeBomb"},{"floor":33.0,"key":"Explosive Potion"},{"floor":35.0,"key":"Weak Potion"},{"floor":36.0,"key":"Energy Potion"},{"floor":39,"key":"Block Potion"}],"is_trial":false,"path_per_floor":["M","?","?","M","?","R","E","?","T","R","$","R","M","$","R","B",null,"M","?","M","$","?","E","M","R","T","$","R","E","M","E","R","B",null,"M","M","?","M","M","M"],"character_chosen":"WATCHER","items_purchased":["ReachHeaven","ClockworkSouvenir","Evaluate","MentalFortress"],"campfire_rested":1,"item_purchase_floors":[11,21,27,27],"current_hp_per_floor":[65,58,58,58,51,51,51,51,51,51,51,51,51,51,51,36,59,67,61,56,56,56,57,55,55,55,55,55,55,50,19,54,3,51,40,29,29,23,9,0,0],"gold":318,"neow_bonus":"THREE_ENEMY_KILL","is_daily":false,"chose_seed":false,"campfire_upgraded":6,"win_rate":0.0,"timestamp":1612791641,"path_taken":["M","?","?","M","?","R","E","?","T","R","$","R","M","?","R","BOSS","M","?","M","$","?","E","?","R","T","$","R","E","M","E","R","BOSS","M","M","?","M","M","M"],"items_purchased_type":["Card","Relic","Card","Card"],"build_version":"2020-12-22","purchased_purges":1,"victory":false,"max_hp_per_floor":[72,72,67,67,67,67,67,67,67,67,67,67,67,67,67,67,67,67,67,67,67,67,67,67,67,67,67,67,67,67,67,67,67,67,67,67,67,67,67,67,67],"relic_stats":{"Regal Pillow":15,"Busted Crown":22,"counters":[18,79],"Golden Idol":117,"Shuriken":[24],"Blue Candle":[0],"Kunai":[18],"obtain_stats":[{"Lantern":5,"Regal Pillow":26,"NeowsBlessing":0,"Golden Idol":3,"Blue Candle":29,"TeardropLocket":31,"White Beast Statue":7,"ClockworkSouvenir":21,"SlaversCollar":34,"Busted Crown":17,"Shuriken":9,"Kunai":23,"PureWater":0,"Toy Ornithopter":8},{"Lantern":2,"Regal Pillow":9,"NeowsBlessing":0,"Golden Idol":1,"Blue Candle":10,"TeardropLocket":12,"White Beast Statue":3,"ClockworkSouvenir":7,"SlaversCollar":13,"Busted Crown":5,"Shuriken":3,"Kunai":8,"PureWater":0,"Toy Ornithopter":3},{"Lantern":3,"Regal Pillow":29,"NeowsBlessing":0,"Golden Idol":2,"Blue Candle":33,"TeardropLocket":42,"White Beast Statue":4,"ClockworkSouvenir":23,"SlaversCollar":51,"Busted Crown":13,"Shuriken":4,"Kunai":26,"PureWater":0,"Toy Ornithopter":4}],"Toy Ornithopter":70},"card_choices":[{"not_picked":["EmptyBody","Prostrate"],"picked":"CutThroughFate","floor":1.0},{"not_picked":["Perseverance","Protect"],"picked":"ThirdEye","floor":4.0},{"not_picked":["Sanctity","FearNoEvil"],"picked":"JustLucky","floor":7.0},{"not_picked":["ForeignInfluence","Scrawl"],"picked":"Prostrate","floor":13.0},{"not_picked":["MasterReality","SpiritShield"],"picked":"Vault","floor":16.0},{"not_picked":[],"picked":"InnerPeace+1","floor":18.0},{"not_picked":[],"picked":"Halt","floor":20.0},{"not_picked":[],"picked":"Ragnarok","floor":23.0},{"not_picked":[],"picked":"Vengeance","floor":24.0},{"not_picked":[],"picked":"BowlingBash","floor":29.0},{"not_picked":["SignatureMove"],"picked":"SKIP","floor":30.0},{"not_picked":[],"picked":"FollowUp","floor":31.0},{"not_picked":["JustLucky+1"],"picked":"SKIP","floor":35.0},{"not_picked":["CrushJoints"],"picked":"SKIP","floor":36.0},{"not_picked":[],"picked":"Crescendo","floor":39}],"player_experience":626705,"relics_obtained":[{"floor":7.0,"key":"White Beast Statue"},{"floor":9.0,"key":"Shuriken"},{"floor":23.0,"key":"Kunai"},{"floor":26.0,"key":"Regal Pillow"},{"floor":29.0,"key":"Blue Candle"},{"floor":31.0,"key":"TeardropLocket"}],"event_choices":[{"cards_removed":["Strike_P"],"damage_healed":0.0,"max_hp_gain":0.0,"max_hp_loss":0.0,"gold_gain":0.0,"event_name":"Golden Wing","player_choice":"Card Removal","floor":2.0,"gold_loss":0.0,"damage_taken":7.0},{"damage_healed":0.0,"max_hp_gain":0.0,"max_hp_loss":5.0,"gold_gain":0.0,"event_name":"Golden Idol","player_choice":"Lose Max HP","floor":3.0,"gold_loss":0.0,"damage_taken":0.0,"relics_obtained":["Golden Idol"]},{"damage_healed":0.0,"max_hp_gain":0.0,"max_hp_loss":0.0,"gold_gain":0.0,"event_name":"Scrap Ooze","player_choice":"Success","floor":5.0,"gold_loss":0.0,"damage_taken":7.0,"relics_obtained":["Lantern"]},{"damage_healed":0.0,"max_hp_gain":0.0,"max_hp_loss":0.0,"gold_gain":0.0,"event_name":"Big Fish","player_choice":"Box","floor":8.0,"gold_loss":0.0,"damage_taken":0.0,"relics_obtained":["Toy Ornithopter"],"cards_obtained":["Regret"]},{"damage_healed":0.0,"max_hp_gain":0.0,"max_hp_loss":0.0,"gold_gain":0.0,"event_name":"Nest","player_choice":"Joined the Cult","floor":19.0,"gold_loss":0.0,"damage_taken":6.0,"cards_obtained":["RitualDagger"]},{"cards_removed":["Strike_P"],"damage_healed":0.0,"max_hp_gain":0.0,"max_hp_loss":0.0,"gold_gain":0.0,"event_name":"Purifier","player_choice":"Purged","floor":22.0,"gold_loss":0.0,"damage_taken":0.0},{"damage_healed":0.0,"max_hp_gain":0.0,"max_hp_loss":0.0,"gold_gain":0.0,"event_name":"Tomb of Lord Red Mask","player_choice":"Ignored","floor":37.0,"gold_loss":0.0,"damage_taken":0.0}],"is_beta":false,"boss_relics":[{"not_picked":["Snecko Eye","Black Star"],"picked":"Busted Crown"},{"not_picked":["Coffee Dripper","Calling Bell"],"picked":"SlaversCollar"}],"items_purged_floors":[11],"is_endless":false,"potions_floor_spawned":[7,13,16,18,20,23,24,29,30,31,33,35,36,38,39],"killed_by":"Transient","ascension_level":8}}