{"host":"hrvs05np4ys7itky","time":1612759619,"event":{"mods":["BaseMod","Colored Map","Colored Powertips","Downfall","Emptier Cage","Hermit","Highlight Path","Minty Spire (QoL Compilation)","Permanent Neow","Rare Cards Sparkle","Relic Stats","Replay The Spire","StSLib","everything is the same but u backflip on backflip"],"gold_per_floor":[110,42,42,62,62,62,62,100,100,100,14,33,57,75,75,75,75],"floor_reached":16,"language":"ENG","playtime":604,"items_purged":[],"score":170,"play_id":"94f107b8-e969-4476-b96f-40549776503e","local_time":"20210207234659","is_ascension_mode":true,"campfire_choices":[{"data":"Zap","floor":6,"key":"SMITH"},{"data":"Dualcast","floor":10,"key":"SMITH"}],"circlet_count":0,"master_deck":["AscendersBane","Strike_B","Strike_B","Strike_B","Strike_B","Defend_B","Defend_B","Defend_B","Defend_B","Zap+1","Dualcast+1","Gash+1","Glacier","Reinforced Body","Beam Cell","Sweeping Beam+1","Conserve Battery+1","Scrape"],"relics":["Cracked Core","CaptainsWheel","Golden Idol","Sundial","Smiling Mask"],"acts_visited":["Exordium"],"potions_floor_usage":[8,14],"damage_taken":[{"damage":0,"enemies":"Small Slimes","floor":1,"turns":2},{"damage":0,"enemies":"Jaw Worm","floor":4,"turns":4},{"damage":16,"enemies":"Gremlin Nob","floor":8,"turns":4},{"damage":0,"enemies":"Cultist","floor":12,"turns":3},{"damage":0,"enemies":"Looter","floor":13,"turns":2},{"damage":6,"enemies":"Exordium Thugs","floor":14,"turns":6},{"damage":42,"enemies":"Fading Forest","floor":16,"turns":7}],"seed_played":"-2691205485683158164","potions_obtained":[{"floor":1,"key":"champ:CounterPotion"},{"floor":12,"key":"LiquidBronze"}],"is_trial":false,"path_per_floor":["M","$","?","M","?","R","?","E","T","R","$","M","M","M","R_BF","B"],"character_chosen":"DEFECT","items_purchased":["Glacier","Sweeping Beam+1","Conserve Battery"],"campfire_rested":0,"item_purchase_floors":[2,11,11],"current_hp_per_floor":[64,64,69,69,69,69,69,53,53,53,53,53,53,47,33,0,0],"gold":75,"neow_bonus":"ONE_RARE_RELIC","is_daily":false,"chose_seed":false,"campfire_upgraded":2,"win_rate":0.0,"timestamp":1612759619,"path_taken":["M","$","?","M","?","R","?","E","T","R","$","M","?","M","R_BF","BOSS"],"items_purchased_type":["Card","Card","Card"],"build_version":"2020-12-22","purchased_purges":0,"victory":false,"max_hp_per_floor":[71,71,76,76,70,70,70,70,70,70,70,70,70,70,70,70,70],"relic_stats":{"counters":[7,28],"Golden Idol":21,"Sundial":[2],"Smiling Mask":0,"obtain_stats":[{"CaptainsWheel":0,"Golden Idol":5,"Sundial":8,"Cracked Core":0,"Smiling Mask":9},{"CaptainsWheel":0,"Golden Idol":2,"Sundial":3,"Cracked Core":0,"Smiling Mask":3},{"CaptainsWheel":0,"Golden Idol":6,"Sundial":10,"Cracked Core":0,"Smiling Mask":10}]},"card_choices":[{"not_picked":["White Noise","Go for the Eyes"],"picked":"Gash","floor":1},{"not_picked":["Undo","Genetic Algorithm"],"picked":"Reinforced Body","floor":4},{"not_picked":["Ball Lightning","Compile Driver"],"picked":"Beam Cell","floor":8},{"not_picked":["Compile Driver","Cold Snap"],"picked":"Scrape","floor":12},{"not_picked":["Sweeping Beam","Barrage","Turbo"],"picked":"SKIP","floor":13},{"not_picked":["ReplayTheSpireMod:Repulse","Heatsinks","Stack"],"picked":"SKIP","floor":14}],"player_experience":1046042,"relics_obtained":[{"floor":8,"key":"Sundial"},{"floor":9,"key":"Smiling Mask"}],"event_choices":[{"damage_healed":0,"gold_gain":0,"player_choice":"Donut","damage_taken":0,"max_hp_gain":5,"max_hp_loss":0,"event_name":"Big Fish","floor":3,"gold_loss":0},{"damage_healed":0,"gold_gain":0,"player_choice":"Lose Max HP","damage_taken":0,"relics_obtained":["Golden Idol"],"max_hp_gain":0,"max_hp_loss":6,"event_name":"Golden Idol","floor":5,"gold_loss":0},{"cards_removed":["downfall:Malfunctioning"],"damage_healed":0,"gold_gain":0,"player_choice":"Removed Curses","damage_taken":0,"max_hp_gain":0,"max_hp_loss":0,"event_name":"Fountain of Cleansing","floor":7,"gold_loss":0},{"damage_healed":0,"gold_gain":0,"player_choice":"Entered Light","damage_taken":14,"max_hp_gain":0,"max_hp_loss":0,"event_name":"Shining Light","floor":15,"gold_loss":0,"cards_upgraded":["Gash","Conserve Battery"]}],"is_beta":false,"boss_relics":[],"items_purged_floors":[],"is_endless":false,"potions_floor_spawned":[1,12],"killed_by":"Fading Forest","ascension_level":14}}