{"host":"j14jowy3nc3m7wd7","time":1612814666,"event":{"mods":["AchievementEnabler","BaseMod","Bestiary","Curses Come First","Minty Spire (QoL Compilation)","Permanent Neow","Relic Stats","StSLib"],"gold_per_floor":[115,135,146,165,181,181,181,181,181],"floor_reached":8,"language":"ENG","playtime":299,"items_purged":[],"score":100,"play_id":"3dfd5ccd-746a-4173-ab0d-38e2cf2ff457","local_time":"20210208120426","is_ascension_mode":true,"campfire_choices":[{"data":"Adrenaline","floor":6.0,"key":"SMITH"}],"circlet_count":0,"master_deck":["AscendersBane","Strike_G","Strike_G","Strike_G","Strike_G","Defend_G","Defend_G","Defend_G","Defend_G","Defend_G","Survivor","Neutralize","Adrenaline+1","Quick Slash","Finisher","Flying Knee","Burst","Endless Agony","Decay"],"relics":["Ring of the Snake"],"acts_visited":["Exordium"],"potions_floor_usage":[8],"damage_taken":[{"damage":3.0,"enemies":"Cultist","floor":1.0,"turns":4.0},{"damage":2.0,"enemies":"Jaw Worm","floor":2.0,"turns":5.0},{"damage":1.0,"enemies":"Small Slimes","floor":3.0,"turns":3.0},{"damage":1.0,"enemies":"Blue Slaver","floor":4.0,"turns":2.0},{"damage":0.0,"enemies":"Looter","floor":5.0,"turns":3.0},{"damage":2,"enemies":"3 Sentries","floor":8,"turns":2}],"seed_played":"-8055954538700646402","potions_obtained":[{"floor":2.0,"key":"Ancient Potion"},{"floor":5.0,"key":"PowerPotion"}],"is_trial":false,"path_per_floor":["M","M","M","M","M","R","?","E"],"character_chosen":"THE_SILENT","items_purchased":[],"campfire_rested":0,"item_purchase_floors":[],"current_hp_per_floor":[56,54,53,52,52,52,52,50,50],"gold":181,"neow_bonus":"TRANSFORM_CARD","is_daily":false,"chose_seed":false,"campfire_upgraded":1,"win_rate":0.0,"timestamp":1612814666,"path_taken":["M","M","M","M","?","R","?","E"],"items_purchased_type":[],"build_version":"2020-12-22","purchased_purges":0,"victory":false,"max_hp_per_floor":[66,66,66,66,66,66,66,66,66],"relic_stats":{"counters":[6,19],"obtain_stats":[{"Ring of the Snake":0},{"Ring of the Snake":0},{"Ring of the Snake":0}],"Ring of the Snake":[12]},"card_choices":[{"not_picked":["Deflect","Dagger Spray"],"picked":"Quick Slash","floor":1.0},{"not_picked":["Masterful Stab","Backstab"],"picked":"Finisher","floor":2.0},{"not_picked":["Outmaneuver","PiercingWail"],"picked":"Flying Knee","floor":3.0},{"not_picked":["Dagger Spray","Quick Slash"],"picked":"Burst","floor":4.0},{"not_picked":["Outmaneuver","Dodge and Roll"],"picked":"Endless Agony","floor":5.0}],"player_experience":10139,"relics_obtained":[],"event_choices":[{"damage_healed":0,"gold_gain":0,"player_choice":"Cursed","damage_taken":0,"max_hp_gain":0,"max_hp_loss":0,"event_name":"Wheel of Change","floor":7,"gold_loss":0,"cards_obtained":["Decay"]}],"is_beta":false,"boss_relics":[],"items_purged_floors":[],"is_endless":false,"potions_floor_spawned":[2,5],"killed_by":"3 Sentries","ascension_level":20}}