{"host":"yml0ux6c8lqydjlc","time":1612826084,"event":{"mods":["Aspiration","BaseMod","Conspire","Downfall","Hermit","Jedi Mod","Minty Spire (QoL Compilation)","Robot Space Explorer","StSLib"],"gold_per_floor":[110,110,110,123,123,123,46,66,66,86,101,118,138,152,152,247,247,260,260,111,129,129,129,143,98,124,124,124,124],"floor_reached":28,"language":"ENG","playtime":1989,"items_purged":["Strike_G"],"score":212,"play_id":"d10b105b-5674-4aa6-9063-e1021a68a1bb","local_time":"20210208181444","is_ascension_mode":false,"campfire_choices":[{"data":"Neutralize","floor":6,"key":"SMITH"},{"floor":15,"key":"REST"},{"floor":23,"key":"REST"}],"circlet_count":0,"master_deck":["Strike_G","Strike_G","Strike_G","Defend_G","Defend_G","Defend_G","Defend_G","Defend_G","Survivor","Neutralize+1","Slice+1","Dagger Throw+1","conspire:DoublingDagger","Infinite Blades","Outmaneuver","Crippling Poison","Predator","Flying Knee","Flying Knee","Envenom","Bouncing Flask","Sucker Punch","Slice","Deflect+1","Regret","A Thousand Cuts","Catalyst","Bane","Parasite","downfall:Haunted"],"relics":["Ring of the Snake","aspiration:Nostalgia","hexamod:SpiritBrand","jedi:shrinkray","WristBlade","downfall:ExtraCursedKey","aspiration:ChemicalBlood"],"acts_visited":["Exordium","TheCity"],"potions_floor_usage":[16,28],"damage_taken":[{"damage":2,"enemies":"2 Louse","floor":1,"turns":4},{"damage":4,"enemies":"conspire:RoseBush","floor":4,"turns":3},{"damage":0,"enemies":"Small Slimes","floor":8,"turns":3},{"damage":15,"enemies":"Exordium Thugs","floor":10,"turns":4},{"damage":3,"enemies":"Blue Slaver","floor":11,"turns":4},{"damage":13,"enemies":"conspire:2 RoseBushes","floor":12,"turns":4},{"damage":3,"enemies":"2 Fungi Beasts","floor":13,"turns":3},{"damage":0,"enemies":"Blue Slaver","floor":14,"turns":3},{"damage":32,"enemies":"Slime Boss","floor":16,"turns":10},{"damage":18,"enemies":"3 Byrds","floor":18,"turns":5},{"damage":10,"enemies":"Spheric Guardian","floor":21,"turns":3},{"damage":21,"enemies":"Centurion and Healer","floor":24,"turns":5},{"damage":38,"enemies":"Shelled Parasite and Fungi","floor":28,"turns":4}],"seed_played":"8982576968571035985","potions_obtained":[{"floor":8,"key":"Swift Potion"},{"floor":10,"key":"Dexterity Potion"},{"floor":12,"key":"BlessingOfTheForge"},{"floor":21,"key":"Slimebound:ThreeZeroPotion"},{"floor":24,"key":"jedi:tentaclejuice"},{"floor":28,"key":"AttackPotion"}],"is_trial":false,"path_per_floor":["M","?","?","M","?","R","$","M","T","M","M","M","M","M","R","B",null,"M","?","$","M","?","R","M","$","T","?","M"],"character_chosen":"THE_SILENT","items_purchased":["conspire:DoublingDagger","Sucker Punch","Slice","Bane"],"campfire_rested":2,"item_purchase_floors":[7,20,20,25],"current_hp_per_floor":[68,61,61,57,57,57,57,57,57,42,39,26,23,23,44,12,70,52,52,52,42,42,63,42,42,42,29,0,0],"gold":124,"neow_bonus":"NOSTALGIA","is_daily":false,"chose_seed":false,"campfire_upgraded":1,"win_rate":0.0,"timestamp":1612826084,"path_taken":["M","?","?","M","?","R","$","M","T","M","M","M","M","M","R","BOSS","M","?","$","M","?","R","?","$","T","?","M"],"items_purchased_type":["Card","Card","Card","Card"],"build_version":"2020-12-22","purchased_purges":1,"victory":false,"max_hp_per_floor":[70,70,70,70,70,70,70,70,70,70,70,70,70,70,70,70,70,70,70,70,70,70,70,70,70,70,75,75,75],"card_choices":[{"not_picked":["Dagger Throw","Dodge and Roll"],"picked":"Slice","floor":1},{"not_picked":["Reflex","Skewer"],"picked":"Dagger Throw","floor":4},{"not_picked":["Dodge and Roll","PiercingWail"],"picked":"Infinite Blades","floor":8},{"not_picked":["Dagger Throw","Dagger Spray"],"picked":"Outmaneuver","floor":10},{"not_picked":["Reflex","Outmaneuver"],"picked":"Crippling Poison","floor":11},{"not_picked":["Sucker Punch","Doppelganger"],"picked":"Predator","floor":12},{"not_picked":["Backflip","Acrobatics"],"picked":"Flying Knee","floor":13},{"not_picked":["Crippling Poison","Outmaneuver"],"picked":"Flying Knee","floor":14},{"not_picked":["aspiration:Lunge","jedi:brewingpoison"],"picked":"Envenom","floor":16},{"not_picked":["Escape Plan","Dagger Throw"],"picked":"Bouncing Flask","floor":18},{"not_picked":["Underhanded Strike","Tactician+1"],"picked":"Deflect+1","floor":21},{"not_picked":["jedi:unstablefumes","Deflect"],"picked":"Catalyst","floor":24}],"player_experience":24412,"relics_obtained":[{"floor":9,"key":"jedi:shrinkray"},{"floor":26,"key":"aspiration:ChemicalBlood"}],"event_choices":[{"cards_removed":["Strike_G"],"damage_healed":0,"gold_gain":0,"player_choice":"Card Removal","damage_taken":7,"max_hp_gain":0,"max_hp_loss":0,"event_name":"Golden Wing","floor":2,"gold_loss":0},{"damage_healed":0,"gold_gain":0,"player_choice":"Grow","damage_taken":0,"max_hp_gain":0,"max_hp_loss":0,"event_name":"Living Wall","floor":3,"gold_loss":0,"cards_upgraded":["Slice"]},{"damage_healed":0,"gold_gain":0,"player_choice":"Upgraded","damage_taken":0,"max_hp_gain":0,"max_hp_loss":0,"event_name":"Upgrade Shrine","floor":5,"gold_loss":0,"cards_upgraded":["Dagger Throw"]},{"damage_healed":0,"gold_gain":0,"player_choice":"Shed Blood","damage_taken":18,"max_hp_gain":5,"max_hp_loss":0,"event_name":"Forgotten Altar","floor":27,"gold_loss":0}],"is_beta":false,"boss_relics":[{"not_picked":["Astrolabe","Sozu"],"picked":"WristBlade"}],"items_purged_floors":[20],"is_endless":false,"potions_floor_spawned":[8,10,12,14,21,24],"killed_by":"Shelled Parasite and Fungi","ascension_level":0}}