{"host":"y7357sx8ps3jkgoj","time":1612776469,"event":{"mods":["BaseMod","Downfall","Friendly Minions","Minty Spire (QoL Compilation)","Permanent Neow","Relic Stats","Reliquary","Shop Mod","Spire Arcade","StSLib","The Alterego","The Animator","The Bladedancer","The Bug Knight","The Exalted","The Forsaken","The Mystic","The Necromancer","The Poker Player","The Runesmith","Uncapped","Unceasing Turn Reminder"],"gold_per_floor":[20,20,34,46,57,75,88,123,123,150,161,161,173,198,216,241,258,293,293,396,396,396,497,497,510,510,524,485,435,453,479,492,492,507,507,507,507,527,560,560,334,334,362,362,466,466,466,563,563,575,198,210,223,238,288,342,371,371,371,396,396,419,419,429,445,478,492,492,492,511,511,511,511,511,261,295,295],"floor_reached":78,"language":"ENG","playtime":5639,"items_purged":["alterego_mod:Schoolgirl","alterego_mod:BusterCard+1"],"score":2283,"play_id":"f7463163-26d0-4a98-a56a-6786cb2a788c","local_time":"20210208032749","is_ascension_mode":false,"campfire_choices":[{"data":"alterego_mod:BrynhildrRomantia","floor":9.0,"key":"SMITH"},{"data":"alterego_mod:BreastValley","floor":19,"key":"SMITH"},{"data":"alterego_mod:BreastValley","floor":22,"key":"SMITH"},{"data":"alterego_mod:Cushion","floor":33,"key":"SMITH"},{"floor":37,"key":"RECALL"},{"data":"1","floor":44,"key":"LIFT"},{"data":"2","floor":47,"key":"LIFT"},{"data":"3","floor":59,"key":"LIFT"},{"data":"alterego_mod:Clones","floor":63,"key":"SMITH"},{"data":"alterego_mod:Pet","floor":68,"key":"SMITH"},{"data":"alterego_mod:GIGAMILK","floor":71,"key":"SMITH"},{"data":"alterego_mod:BigMeatyClaws","floor":74,"key":"SMITH"}],"circlet_count":0,"master_deck":["alterego_mod:BigMeatyClaws+1","alterego_mod:BrynhildrsRune","alterego_mod:BrynhildrRomantia+1","alterego_mod:Cushion+1","alterego_mod:Cushion","alterego_mod:SakuraFive","alterego_mod:BreastValley+1","alterego_mod:BreastValley+1","alterego_mod:Rake","alterego_mod:Rake","alterego_mod:Pet+1","alterego_mod:IndependentAction","alterego_mod:Clones+1","Madness","Madness","alterego_mod:GIGAMILK+1","alterego_mod:Belle","alterego_mod:GachaTicket"],"relics":["alterego_mod:MasochisticConstitution","Bag of Marbles","Lantern","reliquary:Aerogel","reliquary:Boomerang","Anchor","Sozu","MerchantsRug","reliquary:Sideboard","reliquary:JackalopeAntler","Girya","alterego_mod:SomeoneToFightFor","Bromod:ArcaneTempo","MutagenicStrength","reliquary:IridiumChain","Busted Crown","Coffee Dripper","ClockworkSouvenir","Bag of Preparation","reliquary:OuijaBoard","Bird Faced Urn","reliquary:SharkskinSheath","Happy Flower","reliquary:WeakTea","Pocketwatch","Orrery","reliquary:Stiletto"],"acts_visited":["Exordium","TheCity","TheBeyond","TheEnding"],"potions_floor_usage":[77],"damage_taken":[{"damage":5.0,"enemies":"Small Slimes","floor":1.0,"turns":4.0},{"damage":6.0,"enemies":"Cultist","floor":3.0,"turns":4.0},{"damage":0.0,"enemies":"2 Louse","floor":4.0,"turns":4.0},{"damage":11.0,"enemies":"Exordium Wildlife","floor":5.0,"turns":4.0},{"damage":13.0,"enemies":"Large Slime","floor":6.0,"turns":9.0},{"damage":4.0,"enemies":"Blue Slaver","floor":7.0,"turns":3.0},{"damage":44.0,"enemies":"Gremlin Nob","floor":8.0,"turns":6.0},{"damage":26.0,"enemies":"Lagavulin","floor":10.0,"turns":10.0},{"damage":0,"enemies":"Looter","floor":11,"turns":1},{"damage":12,"enemies":"Exordium Wildlife","floor":13,"turns":6},{"damage":6,"enemies":"Gremlin Nob","floor":14,"turns":4},{"damage":27,"enemies":"3 Louse","floor":15,"turns":9},{"damage":31,"enemies":"3 Sentries","floor":16,"turns":15},{"damage":2,"enemies":"Blue Slaver","floor":17,"turns":4},{"damage":14,"enemies":"Gremlin Nob","floor":18,"turns":4},{"damage":51,"enemies":"The Guardian","floor":20,"turns":14},{"damage":20,"enemies":"The Guardian","floor":23,"turns":13},{"damage":0,"enemies":"Chosen","floor":25,"turns":3},{"damage":19,"enemies":"Spheric Guardian","floor":27,"turns":8},{"damage":0,"enemies":"Centurion and Healer","floor":30,"turns":5},{"damage":4,"enemies":"Slavers","floor":31,"turns":7},{"damage":20,"enemies":"Sentry and Sphere","floor":32,"turns":6},{"damage":18,"enemies":"Chosen and Byrds","floor":34,"turns":5},{"damage":19,"enemies":"Shelled Parasite and Fungi","floor":38,"turns":5},{"damage":3,"enemies":"Gremlin Leader","floor":39,"turns":8},{"damage":10,"enemies":"Book of Stabbing","floor":43,"turns":6},{"damage":10,"enemies":"Champ","floor":45,"turns":10},{"damage":0,"enemies":"Champ","floor":48,"turns":10},{"damage":0,"enemies":"3 Shapes","floor":50,"turns":5},{"damage":0,"enemies":"3 Darklings","floor":52,"turns":7},{"damage":0,"enemies":"Sphere and 2 Shapes","floor":53,"turns":1},{"damage":14,"enemies":"Writhing Mass","floor":54,"turns":6},{"damage":0,"enemies":"Mind Bloom Boss Battle","floor":55,"turns":7},{"damage":13,"enemies":"2 Orb Walkers","floor":56,"turns":5},{"damage":0,"enemies":"Giant Head","floor":57,"turns":7},{"damage":13,"enemies":"Jaw Worm Horde","floor":64,"turns":7},{"damage":0,"enemies":"3 Darklings","floor":65,"turns":4},{"damage":0,"enemies":"Nemesis","floor":66,"turns":7},{"damage":10,"enemies":"Spire Growth","floor":67,"turns":3},{"damage":7,"enemies":"Sphere and 2 Shapes","floor":70,"turns":4},{"damage":0,"enemies":"Donu and Deca","floor":72,"turns":6},{"damage":0,"enemies":"Shield and Spear","floor":76,"turns":2},{"damage":28,"enemies":"The Heart","floor":77,"turns":6}],"seed_played":"-6533386943751879047","potions_obtained":[{"floor":2.0,"key":"SkillPotion"},{"floor":2.0,"key":"AttackPotion"},{"floor":2.0,"key":"Explosive Potion"},{"floor":7.0,"key":"LiquidBronze"},{"floor":13,"key":"Block Potion"}],"is_trial":false,"path_per_floor":["M","?","M","M","M","M","M","E","R","E","M","T","M","E","M","E","M","E","R","B",null,"R","B",null,"M","?","M","$","?","M","E","M","R","M","?","T","R","M","E","?","$","?","E","R","B",null,"R","B",null,"M","$","M","M","M","?","?","E","?","R","T","T","T","R","M","M","E","M","R","?","M","R","B",null,"R","$","E","B",null],"character_chosen":"The_Alterego","items_purchased":["MerchantsRug","Bromod:ArcaneTempo","alterego_mod:IndependentAction","ClockworkSouvenir","alterego_mod:Clones","Bag of Preparation","Orrery"],"campfire_rested":0,"item_purchase_floors":[28,41,41,51,51,51,75],"current_hp_per_floor":[73,73,77,79,78,89,89,53,53,39,50,50,61,67,74,77,87,85,85,46,46,46,38,158,162,162,155,155,155,175,188,191,191,195,195,195,195,199,220,220,220,220,222,222,224,224,224,234,234,242,242,246,258,256,267,270,280,245,245,245,245,245,245,274,297,301,306,306,306,319,319,327,327,327,327,331,327],"gold":295,"neow_bonus":"THREE_RARE_CARDS","is_daily":false,"chose_seed":false,"campfire_upgraded":8,"win_rate":0.0,"timestamp":1612776469,"path_taken":["M","?","M","M","?","M","M","E","R","E","M","T","M","E","M","E","M","E","R","BOSS","R","BOSS","M","?","M","$","?","M","E","?","R","M","?","T","R","M","E","?","?","?","E","R","BOSS","R","BOSS","M","$","M","M","M","?","?","E","?","R","?","T","T","R","?","M","E","M","R","?","M","R","BOSS","R","$","E","BOSS"],"items_purchased_type":["Relic","Relic","Card","Relic","Card","Relic","Relic"],"build_version":"2020-12-22","purchased_purges":2,"victory":true,"max_hp_per_floor":[73,73,77,79,82,89,89,89,89,94,98,98,107,112,125,138,143,148,148,153,153,153,158,158,162,162,167,167,167,175,188,197,197,206,206,206,206,215,220,220,220,220,225,225,230,230,230,234,234,242,242,246,258,263,267,276,280,280,280,280,280,280,280,293,297,301,306,306,306,319,319,327,327,327,327,331,336],"relic_stats":{"Sozu":3,"Busted Crown":38,"Happy Flower":[13],"counters":[43,264],"Bird Faced Urn":[48],"Bag of Preparation":[28],"obtain_stats":[{"Darkstone Periapt":16,"reliquary:OuijaBoard":55,"Lantern":10,"reliquary:Boomerang":14,"reliquary:Aerogel":12,"Bag of Preparation":51,"alterego_mod:SomeoneToFightFor":40,"ClockworkSouvenir":51,"Sozu":24,"Bromod:ArcaneTempo":41,"reliquary:SharkskinSheath":57,"MerchantsRug":28,"Girya":39,"alterego_mod:MasochisticConstitution":0,"Happy Flower":61,"reliquary:Sideboard":31,"reliquary:WeakTea":62,"reliquary:IridiumChain":43,"reliquary:JackalopeAntler":36,"Anchor":18,"Busted Crown":46,"MutagenicStrength":42,"Bird Faced Urn":56,"Orrery":75,"Pandora\u0027s Box":21,"reliquary:Stiletto":76,"Bag of Marbles":8,"Coffee Dripper":49,"Pocketwatch":66},{"Darkstone Periapt":13,"reliquary:OuijaBoard":33,"Lantern":8,"reliquary:Boomerang":11,"reliquary:Aerogel":9,"Bag of Preparation":29,"alterego_mod:SomeoneToFightFor":25,"ClockworkSouvenir":29,"Sozu":17,"Bromod:ArcaneTempo":25,"reliquary:SharkskinSheath":35,"MerchantsRug":19,"Girya":25,"alterego_mod:MasochisticConstitution":0,"Happy Flower":35,"reliquary:Sideboard":21,"reliquary:WeakTea":35,"reliquary:IridiumChain":26,"reliquary:JackalopeAntler":23,"Anchor":15,"Busted Crown":27,"MutagenicStrength":25,"Bird Faced Urn":34,"Orrery":41,"Pandora\u0027s Box":16,"reliquary:Stiletto":42,"Bag of Marbles":7,"Coffee Dripper":28,"Pocketwatch":38},{"Darkstone Periapt":79,"reliquary:OuijaBoard":213,"Lantern":44,"reliquary:Boomerang":55,"reliquary:Aerogel":45,"Bag of Preparation":192,"alterego_mod:SomeoneToFightFor":161,"ClockworkSouvenir":192,"Sozu":114,"Bromod:ArcaneTempo":161,"reliquary:SharkskinSheath":225,"MerchantsRug":125,"Girya":161,"alterego_mod:MasochisticConstitution":0,"Happy Flower":225,"reliquary:Sideboard":137,"reliquary:WeakTea":225,"reliquary:IridiumChain":167,"reliquary:JackalopeAntler":148,"Anchor":87,"Busted Crown":177,"MutagenicStrength":161,"Bird Faced Urn":218,"Orrery":256,"Pandora\u0027s Box":101,"reliquary:Stiletto":258,"Bag of Marbles":34,"Coffee Dripper":187,"Pocketwatch":243}],"Pocketwatch":[3]},"card_choices":[{"not_picked":["alterego_mod:Lift","alterego_mod:Alter"],"picked":"alterego_mod:BrynhildrRomantia","floor":0.0},{"not_picked":["alterego_mod:Skirt","alterego_mod:Punishment","alterego_mod:GoddessCore"],"picked":"SKIP","floor":1.0},{"not_picked":["alterego_mod:Rip","alterego_mod:PerceptionDisorder"],"picked":"alterego_mod:Schoolgirl","floor":3.0},{"not_picked":["alterego_mod:BusterCard","alterego_mod:Birthday","alterego_mod:PurpleHair"],"picked":"SKIP","floor":4.0},{"not_picked":["alterego_mod:Valentines","alterego_mod:Support","alterego_mod:Skirt"],"picked":"SKIP","floor":5.0},{"not_picked":["alterego_mod:Clap","alterego_mod:Santa"],"picked":"alterego_mod:Cushion","floor":6.0},{"not_picked":["alterego_mod:1TonWallop","alterego_mod:Cushion"],"picked":"alterego_mod:TrashNCrash","floor":7.0},{"not_picked":["alterego_mod:Punishment","alterego_mod:Swimsuit"],"picked":"alterego_mod:Cushion","floor":8.0},{"not_picked":["alterego_mod:BreastValley","alterego_mod:Skirt"],"picked":"alterego_mod:SakuraFive","floor":10.0},{"not_picked":["alterego_mod:Cooking","alterego_mod:DeftHands"],"picked":"alterego_mod:BreastValley","floor":11},{"not_picked":["alterego_mod:Jiggle","alterego_mod:Maid"],"picked":"alterego_mod:BreastValley","floor":13},{"not_picked":["alterego_mod:GoddessCore","alterego_mod:IdEs","alterego_mod:Skirt"],"picked":"SKIP","floor":14},{"not_picked":["alterego_mod:Belle","alterego_mod:Nekomimi","alterego_mod:Cycle"],"picked":"SKIP","floor":15},{"not_picked":["alterego_mod:Schoolgirl","alterego_mod:Clap"],"picked":"alterego_mod:Rake","floor":16},{"not_picked":["alterego_mod:PerceptionDisorder","alterego_mod:Bounce","alterego_mod:Valentines"],"picked":"SKIP","floor":17},{"not_picked":["alterego_mod:Bounce","alterego_mod:Skirt","alterego_mod:BeGentle"],"picked":"SKIP","floor":18},{"not_picked":["alterego_mod:ClassAdvantage","alterego_mod:STier"],"picked":"alterego_mod:Rake","floor":23},{"not_picked":["alterego_mod:SuperDuperMasochism","alterego_mod:MagicResistance"],"picked":"alterego_mod:BusterCard+1","floor":25},{"not_picked":["alterego_mod:GoddessCore","alterego_mod:DestructionOfProperty"],"picked":"alterego_mod:Pet","floor":27},{"not_picked":["alterego_mod:PresenceConcealment+1","alterego_mod:Birthday","alterego_mod:Pet"],"picked":"SKIP","floor":30},{"not_picked":["alterego_mod:Complex+1","alterego_mod:RocketPunch"],"picked":"alterego_mod:DeftHands","floor":31},{"not_picked":["alterego_mod:GoddessCore","alterego_mod:DestructionOfProperty"],"picked":"alterego_mod:RocketPunch","floor":32},{"not_picked":["alterego_mod:Lingerie","alterego_mod:BusterCard+1"],"picked":"alterego_mod:PerceptionDisorder+1","floor":34},{"not_picked":["alterego_mod:BiFurious","alterego_mod:Bounce"],"picked":"alterego_mod:MaintainEyeContact","floor":38},{"not_picked":["alterego_mod:TrashNCrash","alterego_mod:1TonWallop"],"picked":"alterego_mod:Belle","floor":39},{"not_picked":["alterego_mod:InsideBaseball","alterego_mod:Cooking+1","alterego_mod:Bounce"],"picked":"SKIP","floor":43},{"not_picked":["alterego_mod:Antipathy","alterego_mod:Venus"],"picked":"alterego_mod:GIGAMILK","floor":45},{"not_picked":["alterego_mod:Undulate+1"],"picked":"SKIP","floor":50},{"not_picked":["alterego_mod:Rip+1"],"picked":"SKIP","floor":52},{"not_picked":["alterego_mod:BiFurious"],"picked":"SKIP","floor":53},{"not_picked":["alterego_mod:BiFurious"],"picked":"SKIP","floor":53},{"not_picked":["alterego_mod:GachaTicket"],"picked":"SKIP","floor":54},{"not_picked":[],"picked":"alterego_mod:SakuraFive+1","floor":55},{"not_picked":["alterego_mod:Smother"],"picked":"SKIP","floor":57},{"not_picked":[],"picked":"alterego_mod:Birthday","floor":64},{"not_picked":[],"picked":"alterego_mod:Nekomimi","floor":65},{"not_picked":["alterego_mod:1TonWallop+1"],"picked":"SKIP","floor":66},{"not_picked":[],"picked":"alterego_mod:GoddessCore+1","floor":67},{"not_picked":[],"picked":"alterego_mod:MagicResistance","floor":70},{"not_picked":[],"picked":"alterego_mod:Palingenesis","floor":75},{"not_picked":[],"picked":"alterego_mod:Complex","floor":75},{"not_picked":[],"picked":"alterego_mod:Complex+1","floor":75},{"not_picked":[],"picked":"alterego_mod:Smother+1","floor":75},{"not_picked":[],"picked":"alterego_mod:1TonWallop","floor":75},{"not_picked":[],"picked":"alterego_mod:GachaTicket","floor":76}],"player_experience":542915,"relics_obtained":[{"floor":8.0,"key":"Bag of Marbles"},{"floor":10.0,"key":"Lantern"},{"floor":12,"key":"reliquary:Aerogel"},{"floor":14,"key":"reliquary:Boomerang"},{"floor":16,"key":"Darkstone Periapt"},{"floor":18,"key":"Anchor"},{"floor":31,"key":"reliquary:Sideboard"},{"floor":36,"key":"reliquary:JackalopeAntler"},{"floor":39,"key":"Girya"},{"floor":43,"key":"reliquary:IridiumChain"},{"floor":55,"key":"reliquary:OuijaBoard"},{"floor":56,"key":"Bird Faced Urn"},{"floor":57,"key":"reliquary:SharkskinSheath"},{"floor":61,"key":"Happy Flower"},{"floor":62,"key":"reliquary:WeakTea"},{"floor":66,"key":"Pocketwatch"},{"floor":76,"key":"reliquary:Stiletto"}],"event_choices":[{"damage_healed":0.0,"max_hp_gain":0.0,"max_hp_loss":0.0,"gold_gain":0.0,"event_name":"Lab","player_choice":"Got Potions","floor":2.0,"gold_loss":0.0,"damage_taken":0.0},{"cards_removed":["alterego_mod:Impale"],"damage_healed":0,"gold_gain":0,"player_choice":"Elegance","damage_taken":0,"max_hp_gain":0,"max_hp_loss":0,"event_name":"Back to Basics","floor":26,"gold_loss":0},{"damage_healed":0,"gold_gain":0,"player_choice":"Bet on Murderer","damage_taken":0,"max_hp_gain":0,"max_hp_loss":0,"event_name":"The Joust","floor":29,"gold_loss":50},{"damage_healed":0,"gold_gain":0,"player_choice":"Ignored","damage_taken":0,"max_hp_gain":0,"max_hp_loss":0,"event_name":"Ghosts","floor":35,"gold_loss":0},{"damage_healed":0,"gold_gain":0,"player_choice":"Choice 2","damage_taken":0,"relics_obtained":["alterego_mod:SomeoneToFightFor"],"max_hp_gain":0,"max_hp_loss":0,"event_name":"Secret Garden","floor":40,"gold_loss":0},{"damage_healed":0,"gold_gain":0,"player_choice":"Inject Mutagens","damage_taken":0,"relics_obtained":["MutagenicStrength"],"max_hp_gain":0,"max_hp_loss":0,"event_name":"Drug Dealer","floor":42,"gold_loss":0},{"damage_healed":0,"gold_gain":0,"player_choice":"Fight","damage_taken":0,"max_hp_gain":0,"max_hp_loss":0,"event_name":"MindBloom","floor":55,"gold_loss":0},{"damage_healed":0,"gold_gain":0,"player_choice":"Fight","damage_taken":0,"max_hp_gain":0,"max_hp_loss":0,"event_name":"Mysterious Sphere","floor":56,"gold_loss":0},{"damage_healed":0,"gold_gain":0,"player_choice":"Embrace Madness","damage_taken":35,"max_hp_gain":0,"max_hp_loss":0,"event_name":"Winding Halls","floor":58,"gold_loss":0,"cards_obtained":["Madness","Madness"]},{"cards_removed":["alterego_mod:TrashNCrash"],"damage_healed":0,"gold_gain":0,"player_choice":"Removed Skill","damage_taken":0,"max_hp_gain":0,"max_hp_loss":0,"event_name":"Falling","floor":69,"gold_loss":0}],"is_beta":false,"boss_relics":[{"not_picked":["Bromod:ArcaneEnergize","Philosopher\u0027s Stone"],"picked":"Pandora\u0027s Box"},{"not_picked":["Runic Dome","bronze:MakeshiftBattery"],"picked":"Sozu"},{"not_picked":["Bromod:ArcaneGrace","reliquary:RedPaperclip"],"picked":"Busted Crown"},{"not_picked":["Cursed Key","Astrolabe"],"picked":"Coffee Dripper"}],"items_purged_floors":[28,75],"is_endless":false,"potions_floor_spawned":[3,7,8,13,16,17,18,23,27,30,32,38,48,52,53,65,67,70],"ascension_level":0}}