{"host":"oehe2dxjvdgux73m","time":1612798729,"event":{"mods":["AchievementEnabler","BaseMod","Colored Map","Colored Powertips","DeckTracker","Keyboard Shortcuts","Minty Spire (QoL Compilation)","Permanent Neow","Quick Restart","StSLib","SuperFastMode"],"gold_per_floor":[119,134,153,153,153,153,153],"floor_reached":6,"language":"KOR","playtime":167,"items_purged":[],"score":72,"play_id":"052d21ca-e282-4b96-83bc-a3f4c5f2aef6","local_time":"20210209003849","is_ascension_mode":true,"campfire_choices":[],"circlet_count":0,"master_deck":["AscendersBane","Strike_G","Strike_G","Defend_G","Defend_G","Defend_G","Defend_G","Defend_G","Survivor","Neutralize","Outmaneuver","Outmaneuver","Predator","Prepared","Wraith Form v2"],"relics":["Ring of the Snake"],"acts_visited":["Exordium"],"potions_floor_usage":[6],"damage_taken":[{"damage":10.0,"enemies":"Small Slimes","floor":1.0,"turns":9.0},{"damage":2.0,"enemies":"2 Louse","floor":2.0,"turns":3.0},{"damage":4.0,"enemies":"Jaw Worm","floor":3.0,"turns":6.0},{"damage":52,"enemies":"Lagavulin","floor":6,"turns":8}],"seed_played":"-640927791935926327","potions_obtained":[{"floor":2.0,"key":"PowerPotion"}],"is_trial":false,"path_per_floor":["M","M","M","?","?","E"],"character_chosen":"THE_SILENT","items_purchased":[],"campfire_rested":0,"item_purchase_floors":[],"current_hp_per_floor":[49,47,43,43,43,0,0],"gold":153,"neow_bonus":"TRANSFORM_TWO_CARDS","is_daily":false,"chose_seed":false,"campfire_upgraded":0,"win_rate":0.0,"timestamp":1612798729,"path_taken":["M","M","M","?","?","E"],"items_purchased_type":[],"build_version":"2020-12-22","purchased_purges":0,"victory":false,"max_hp_per_floor":[60,60,60,60,60,60,60],"card_choices":[{"not_picked":["Quick Slash","Backflip"],"picked":"Predator","floor":1.0},{"not_picked":["Dodge and Roll","Heel Hook"],"picked":"Prepared","floor":2.0},{"not_picked":["Catalyst","Dodge and Roll","Prepared"],"picked":"SKIP","floor":3.0}],"player_experience":423670,"relics_obtained":[],"event_choices":[{"damage_healed":0.0,"max_hp_gain":0.0,"max_hp_loss":0.0,"gold_gain":0.0,"event_name":"Liars Game","player_choice":"Ignored","floor":4.0,"gold_loss":0.0,"damage_taken":0.0},{"damage_healed":0.0,"max_hp_gain":0.0,"max_hp_loss":0.0,"gold_gain":0.0,"cards_transformed":["Strike_G"],"event_name":"Living Wall","player_choice":"Change","floor":5.0,"gold_loss":0.0,"damage_taken":0.0,"cards_obtained":["Wraith Form v2"]}],"is_beta":false,"boss_relics":[],"items_purged_floors":[],"is_endless":false,"potions_floor_spawned":[2],"killed_by":"Lagavulin","ascension_level":20}}