{"host":"81vb4cbob60wa1na","time":1612826107,"event":{"mods":["AchievementEnabler","BaseMod","Bestiary","Colored Map","Colored Powertips","Downfall","Highlight Path","Minty Spire (QoL Compilation)","Quick Restart","Rare Cards Sparkle","StSLib"],"gold_per_floor":[113,188,138,155,8,8,37,37,60,85,98,98,110,73,73,169,169,184,184,184,169,179,179,198,297,297,2,29,29,29,29,29,29,29],"floor_reached":33,"language":"ENG","playtime":1540,"items_purged":[],"score":343,"play_id":"341bcbc7-51a9-473e-8539-baf2c9787641","local_time":"20210208181507","is_ascension_mode":true,"campfire_choices":[{"data":"Gash","floor":6,"key":"SMITH"},{"data":"Hologram","floor":8,"key":"SMITH"},{"data":"Zap","floor":15,"key":"SMITH"},{"floor":23,"key":"REST"},{"floor":29,"key":"REST"},{"data":"Gash","floor":32,"key":"SMITH"}],"circlet_count":0,"master_deck":["Strike_B","Strike_B","Defend_B","Defend_B","Defend_B","Defend_B","Zap+1","Dualcast","Gash+1","Hologram+1","Hello World","Auto Shields","Hello World","Hologram+1","Gash+1","Beam Cell","Beam Cell","Leap+1"],"relics":["Cracked Core","NeowsBlessing","MealTicket","Tiny Chest","Regal Pillow","Bag of Marbles","Inserter","Toy Ornithopter","Toxic Egg 2","Frozen Egg 2","Incense Burner"],"acts_visited":["Exordium","TheCity"],"potions_floor_usage":[18,21,28,28,31,33,33],"damage_taken":[{"damage":0,"enemies":"2 Louse","floor":1,"turns":1},{"damage":0,"enemies":"Jaw Worm","floor":4,"turns":1},{"damage":0,"enemies":"Lagavulin","floor":7,"turns":1},{"damage":20,"enemies":"3 Sentries","floor":10,"turns":9},{"damage":1,"enemies":"Cultist","floor":11,"turns":3},{"damage":6,"enemies":"Red Slaver","floor":13,"turns":4},{"damage":27,"enemies":"The Guardian","floor":16,"turns":11},{"damage":27,"enemies":"Shell Parasite","floor":18,"turns":7},{"damage":17,"enemies":"2 Thieves","floor":21,"turns":4},{"damage":7,"enemies":"Centurion and Healer","floor":22,"turns":7},{"damage":11,"enemies":"Cultist and Chosen","floor":24,"turns":7},{"damage":48,"enemies":"Book of Stabbing","floor":28,"turns":5},{"damage":26,"enemies":"3 Cultists","floor":31,"turns":4},{"damage":54,"enemies":"Champ","floor":33,"turns":11}],"seed_played":"4437029150633381572","potions_obtained":[{"floor":7,"key":"LiquidMemories"},{"floor":11,"key":"Explosive Potion"},{"floor":16,"key":"SmokeBomb"},{"floor":18,"key":"Block Potion"},{"floor":22,"key":"FocusPotion"},{"floor":30,"key":"EssenceOfSteel"},{"floor":30,"key":"EssenceOfSteel"}],"is_trial":false,"path_per_floor":["M","?","?","M","$","R","E","R","T","E","M","?","M","$","R","B",null,"M","?","T","M","M","R","M","?","T","$","E","R","?","M","R","B"],"character_chosen":"DEFECT","items_purchased":["MealTicket","Hello World","Frozen Egg 2","Beam Cell"],"campfire_rested":2,"item_purchase_floors":[5,14,27,27],"current_hp_per_floor":[75,64,64,64,64,64,64,64,64,44,43,36,30,45,45,18,75,48,48,48,36,29,66,55,55,55,70,27,64,64,43,43,0,0],"gold":29,"neow_bonus":"THREE_ENEMY_KILL","is_daily":false,"chose_seed":false,"campfire_upgraded":4,"win_rate":0.0,"timestamp":1612826107,"path_taken":["M","?","?","M","$","R","E","R","T","E","M","?","M","?","R","BOSS","M","?","?","M","M","R","?","?","T","$","E","R","?","M","R","BOSS"],"items_purchased_type":["Relic","Card","Relic","Card"],"build_version":"2020-12-22","purchased_purges":0,"victory":false,"max_hp_per_floor":[75,75,75,75,75,75,75,75,75,75,75,75,75,75,75,75,75,75,75,75,75,75,75,75,75,75,75,75,75,75,75,75,75,75],"card_choices":[{"not_picked":["Barrage","Steam Power"],"picked":"Storm","floor":1},{"not_picked":["Storm","Ball Lightning"],"picked":"Gash","floor":4},{"not_picked":["Skim","Ball Lightning"],"picked":"Hologram","floor":7},{"not_picked":["Skim","Barrage","Stack"],"picked":"SKIP","floor":10},{"not_picked":["Coolheaded","Hologram"],"picked":"Hello World","floor":11},{"not_picked":["Redo","Barrage"],"picked":"Auto Shields","floor":13},{"not_picked":["Stack","Auto Shields"],"picked":"Hologram+1","floor":18},{"not_picked":["Skim","Ball Lightning","Glacier"],"picked":"SKIP","floor":21},{"not_picked":["Heatsinks","Beam Cell+1"],"picked":"Gash","floor":22},{"not_picked":["Self Repair","Fission"],"picked":"Beam Cell","floor":24},{"not_picked":["Fusion+1","Beam Cell"],"picked":"Leap+1","floor":28}],"player_experience":232007,"relics_obtained":[{"floor":7,"key":"Tiny Chest"},{"floor":9,"key":"Regal Pillow"},{"floor":10,"key":"Bag of Marbles"},{"floor":20,"key":"Toy Ornithopter"},{"floor":26,"key":"Toxic Egg 2"},{"floor":28,"key":"Incense Burner"}],"event_choices":[{"damage_healed":0,"gold_gain":75,"player_choice":"Gather Gold","damage_taken":11,"max_hp_gain":0,"max_hp_loss":0,"event_name":"World of Goop","floor":2,"gold_loss":0},{"cards_removed":["Strike_B"],"damage_healed":0,"gold_gain":0,"player_choice":"Card Removal","damage_taken":0,"max_hp_gain":0,"max_hp_loss":0,"event_name":"The Cleric","floor":3,"gold_loss":50},{"cards_removed":["Storm"],"damage_healed":0,"gold_gain":0,"player_choice":"Card Removal","damage_taken":7,"max_hp_gain":0,"max_hp_loss":0,"event_name":"Golden Wing","floor":12,"gold_loss":0},{"cards_removed":["Strike_B"],"damage_healed":0,"gold_gain":0,"player_choice":"Offered Basic","damage_taken":0,"max_hp_gain":0,"max_hp_loss":0,"event_name":"Bonfire Elementals","floor":19,"gold_loss":0},{"damage_healed":0,"gold_gain":99,"player_choice":"Stole From Cult","damage_taken":0,"max_hp_gain":0,"max_hp_loss":0,"event_name":"Nest","floor":25,"gold_loss":0},{"damage_healed":0,"gold_gain":0,"player_choice":"Got Potions","damage_taken":0,"max_hp_gain":0,"max_hp_loss":0,"event_name":"Lab","floor":30,"gold_loss":0}],"is_beta":false,"boss_relics":[{"not_picked":["FrozenCore","Busted Crown"],"picked":"Inserter"}],"items_purged_floors":[],"is_endless":false,"potions_floor_spawned":[7,11,16,18,22],"killed_by":"Champ","ascension_level":3}}