{"host":"f8toxsj3bk02pkeu","time":1612782563,"event":{"mods":["BaseMod","Minty Spire (QoL Compilation)","Permanent Neow","Quick Restart","StSLib","SuperFastMode"],"gold_per_floor":[367,378,398,323,337,337,367,367,421,421,432,444,444,454,454,454,454],"floor_reached":16,"language":"ENG","playtime":343,"items_purged":["Regret"],"score":208,"play_id":"e206a5a0-d395-4d33-81df-2379df3f8295","local_time":"20210208040923","is_ascension_mode":true,"campfire_choices":[{"data":"Uppercut","floor":6,"key":"SMITH"},{"data":"Pommel Strike","floor":8,"key":"SMITH"},{"data":"Double Tap","floor":10,"key":"SMITH"},{"data":"Rampage","floor":13,"key":"SMITH"},{"data":"Bash","floor":15,"key":"SMITH"}],"circlet_count":0,"master_deck":["AscendersBane","Strike_R","Strike_R","Strike_R","Strike_R","Strike_R","Defend_R","Defend_R","Defend_R","Defend_R","Bash+1","Uppercut+1","Double Tap+1","Pommel Strike+1","Rampage+1","Battle Trance"],"relics":["Burning Blood","White Beast Statue","Happy Flower"],"acts_visited":["Exordium"],"potions_floor_usage":[5,7,12],"damage_taken":[{"damage":15,"enemies":"Jaw Worm","floor":1,"turns":5},{"damage":4,"enemies":"Small Slimes","floor":2,"turns":4},{"damage":3,"enemies":"Cultist","floor":3,"turns":2},{"damage":10,"enemies":"Lots of Slimes","floor":5,"turns":3},{"damage":23,"enemies":"Gremlin Nob","floor":7,"turns":4},{"damage":15,"enemies":"Red Slaver","floor":11,"turns":4},{"damage":17,"enemies":"Exordium Thugs","floor":12,"turns":4},{"damage":1,"enemies":"Blue Slaver","floor":14,"turns":2},{"damage":18,"enemies":"The Guardian","floor":16,"turns":8}],"seed_played":"-6192625106095483743","potions_obtained":[{"floor":2,"key":"EssenceOfSteel"},{"floor":3,"key":"PowerPotion"},{"floor":11,"key":"SteroidPotion"},{"floor":12,"key":"SmokeBomb"},{"floor":14,"key":"SpeedPotion"}],"is_trial":false,"path_per_floor":["M","M","M","$","M","R","E","R","T","R","M","M","R","M","R","B"],"character_chosen":"IRONCLAD","items_purchased":[],"campfire_rested":0,"item_purchase_floors":[],"current_hp_per_floor":[59,61,64,64,60,60,43,43,43,43,34,23,23,28,28,10,10],"gold":454,"neow_bonus":"TWO_FIFTY_GOLD","is_daily":false,"chose_seed":false,"campfire_upgraded":5,"win_rate":0.0,"timestamp":1612782563,"path_taken":["M","M","M","$","M","R","E","R","T","R","M","M","R","M","R","BOSS"],"items_purchased_type":[],"build_version":"2020-12-22","purchased_purges":1,"victory":false,"max_hp_per_floor":[75,75,75,75,75,75,75,75,75,75,75,75,75,75,75,75,75],"card_choices":[{"not_picked":["Flex","Wild Strike"],"picked":"Uppercut","floor":1},{"not_picked":["Wild Strike","Armaments"],"picked":"Double Tap","floor":2},{"not_picked":["Armaments","Anger","Feel No Pain"],"picked":"SKIP","floor":3},{"not_picked":["Flex","Burning Pact"],"picked":"Pommel Strike","floor":5},{"not_picked":["Blood for Blood","Clash","Second Wind"],"picked":"SKIP","floor":7},{"not_picked":["Headbutt","Inflame"],"picked":"Rampage","floor":11},{"not_picked":["Twin Strike","Carnage"],"picked":"Battle Trance","floor":12},{"not_picked":["Rampage","Sword Boomerang","Clothesline"],"picked":"SKIP","floor":14}],"player_experience":986417,"relics_obtained":[{"floor":7,"key":"White Beast Statue"},{"floor":9,"key":"Happy Flower"}],"event_choices":[],"is_beta":false,"boss_relics":[],"items_purged_floors":[4],"is_endless":false,"potions_floor_spawned":[2,3,11,12,14],"killed_by":"The Guardian","ascension_level":20}}