{"host":"n9fx05aq4lr38byd","time":1612744405,"event":{"mods":["BaseMod","Bestiary","Minty Spire (QoL Compilation)","Permanent Neow","Relic Stats"],"gold_per_floor":[110,130,130,140,160,171,171,206,260,310,310,344,18,18,18],"floor_reached":14,"language":"ENG","playtime":696,"items_purged":["Strike_G"],"score":195,"play_id":"4e778f2c-7cc9-49fe-a8b4-6f1211962031","local_time":"20210208003325","is_ascension_mode":true,"campfire_choices":[{"data":"Terror","floor":7,"key":"SMITH"},{"floor":11,"key":"REST"}],"circlet_count":0,"master_deck":["AscendersBane","Strike_G","Strike_G","Strike_G","Strike_G","Defend_G","Defend_G","Defend_G","Defend_G","Defend_G","Survivor","Neutralize","Flying Knee","Leg Sweep+1","Footwork","Poisoned Stab","Terror+1","Adrenaline","Noxious Fumes","Deflect","All Out Attack","Footwork"],"relics":["Ring of the Snake","Calipers","Bottled Flame","Bag of Preparation","HornCleat","DollysMirror"],"acts_visited":["Exordium"],"potions_floor_usage":[5,12,14],"damage_taken":[{"damage":8,"enemies":"Small Slimes","floor":1,"turns":5},{"damage":0,"enemies":"Cultist","floor":2,"turns":5},{"damage":4,"enemies":"2 Louse","floor":4,"turns":3},{"damage":4,"enemies":"Exordium Thugs","floor":5,"turns":5},{"damage":6,"enemies":"3 Louse","floor":6,"turns":6},{"damage":35,"enemies":"3 Sentries","floor":8,"turns":16},{"damage":8,"enemies":"Lagavulin","floor":12,"turns":10},{"damage":20,"enemies":"Gremlin Nob","floor":14,"turns":3}],"seed_played":"4872096114978571157","potions_obtained":[{"floor":4,"key":"AttackPotion"},{"floor":8,"key":"CunningPotion"},{"floor":12,"key":"FearPotion"}],"is_trial":false,"path_per_floor":["M","M","?","M","M","M","R","E","T","?","R","E","$","E"],"character_chosen":"THE_SILENT","items_purchased":["Deflect","All Out Attack","DollysMirror"],"campfire_rested":1,"item_purchase_floors":[13,13,13],"current_hp_per_floor":[51,51,51,47,43,37,37,2,2,2,20,12,12,0,0],"gold":18,"neow_bonus":"ONE_RARE_RELIC","is_daily":false,"chose_seed":false,"campfire_upgraded":1,"win_rate":0.0,"timestamp":1612744405,"path_taken":["M","M","?","?","M","M","R","E","T","?","R","E","$","E"],"items_purchased_type":["Card","Card","Relic"],"build_version":"2020-12-22","purchased_purges":1,"victory":false,"max_hp_per_floor":[60,60,60,60,60,60,60,60,60,60,60,60,60,60,60],"relic_stats":{"counters":[8,53],"Bag of Preparation":[4],"obtain_stats":[{"Bottled Flame":8,"Calipers":0,"HornCleat":12,"DollysMirror":13,"Bag of Preparation":9,"Ring of the Snake":0},{"Bottled Flame":6,"Calipers":0,"HornCleat":7,"DollysMirror":7,"Bag of Preparation":6,"Ring of the Snake":0},{"Bottled Flame":40,"Calipers":0,"HornCleat":50,"DollysMirror":50,"Bag of Preparation":40,"Ring of the Snake":0}],"Ring of the Snake":[16]},"card_choices":[{"not_picked":["Predator","Underhanded Strike"],"picked":"Flying Knee","floor":1},{"not_picked":["Dash","Eviscerate"],"picked":"Leg Sweep","floor":2},{"not_picked":["Underhanded Strike","Predator"],"picked":"Footwork","floor":4},{"not_picked":["Dodge and Roll","Underhanded Strike"],"picked":"Poisoned Stab","floor":5},{"not_picked":["Backflip","Predator"],"picked":"Terror","floor":6},{"not_picked":["Dash","Distraction"],"picked":"Adrenaline","floor":8},{"not_picked":["Backflip","Quick Slash"],"picked":"Noxious Fumes","floor":12}],"player_experience":843063,"relics_obtained":[{"floor":8,"key":"Bottled Flame"},{"floor":9,"key":"Bag of Preparation"},{"floor":12,"key":"HornCleat"}],"event_choices":[{"damage_healed":0,"gold_gain":0,"player_choice":"Upgraded","damage_taken":0,"max_hp_gain":0,"max_hp_loss":0,"event_name":"Upgrade Shrine","floor":3,"gold_loss":0,"cards_upgraded":["Leg Sweep"]},{"damage_healed":0,"gold_gain":50,"player_choice":"Pray","damage_taken":0,"max_hp_gain":0,"max_hp_loss":0,"event_name":"Golden Shrine","floor":10,"gold_loss":0}],"is_beta":false,"boss_relics":[],"items_purged_floors":[13],"is_endless":false,"potions_floor_spawned":[4,8,12],"killed_by":"Gremlin Nob","ascension_level":19}}