{"host":"41vgbr386mrj4p17","time":1612785102,"event":{"mods":["AchievementEnabler","AlwaysNeverKeys","BaseMod","Bestiary","Better Altar","Better Match","Better Note","Better Sensory Stone","Better Skull","Better Third Choice","Colored Map","Curses Come First","Downfall","Googly Eyes","Hermit","Highlight Path","Minty Spire (QoL Compilation)","Shade Mod","StSLib","The Cursed"],"gold_per_floor":[114,39,54,54,67,67,95,95,95,95,122,135,152,187,187,291,291,310,328,85,85,95,133,333,58,58,58,85,102,133,147,147,258,258,271,286,310,310,310],"floor_reached":38,"language":"ENG","playtime":2195,"items_purged":["Shade:Defend_Shade","Shade:AblativeArmor","Shade:Patience"],"score":743,"play_id":"9659e3fe-89a8-4899-8443-5998ad2834fd","local_time":"20210208065142","is_ascension_mode":true,"campfire_choices":[{"data":"Shade:SensePrey","floor":6,"key":"SMITH"},{"data":"Shade:Carnophage","floor":8,"key":"SMITH"},{"data":"Shade:OpenGraves","floor":10,"key":"SMITH"},{"data":"Shade:TouchOfTheGrave","floor":15,"key":"SMITH"},{"data":"Shade:GreaterAnimation","floor":27,"key":"SMITH"},{"floor":32,"key":"REST"}],"circlet_count":0,"master_deck":["Shade:AnimateDead","Shade:CarefulCut","Shade:FleshToFlesh","Shade:ClawBack","Shade:SensePrey+1","Shade:OpenGraves+1","Shade:Carnophage+1","Shade:Carnophage","Shade:SensePrey","Shade:TouchOfTheGrave+1","Shade:Putrefaction","Shade:TouchOfTheGrave","Shade:OpenGraves","Shade:GreaterAnimation+1","Shade:FeralStrike","Shade:FreshBones+1","Necronomicurse","Shade:FleshLikeOak","Shade:Excise","Shade:LichForm","Shade:StitchTogether+1"],"relics":["Shade:YorickSkull","Lantern","Du-Vu Doll","Thread and Needle","Letter Opener","Boot","Pandora\u0027s Box","ClockworkSouvenir","Necronomicon","CeramicFish","Medical Kit","Bottled Tornado","Darkstone Periapt","Oddly Smooth Stone","Busted Crown"],"acts_visited":["Exordium","TheCity","TheBeyond"],"potions_floor_usage":[7,16,22,23,23,28,33,37,38],"damage_taken":[{"damage":2,"enemies":"2 Louse","floor":1,"turns":3},{"damage":1,"enemies":"Cultist","floor":3,"turns":4},{"damage":0,"enemies":"Small Slimes","floor":5,"turns":3},{"damage":0,"enemies":"Gremlin Nob","floor":7,"turns":4},{"damage":0,"enemies":"Lagavulin","floor":11,"turns":6},{"damage":1,"enemies":"Exordium Thugs","floor":12,"turns":3},{"damage":0,"enemies":"2 Fungi Beasts","floor":13,"turns":3},{"damage":0,"enemies":"Gremlin Nob","floor":14,"turns":4},{"damage":5,"enemies":"Hexaghost","floor":16,"turns":11},{"damage":4,"enemies":"2 Thieves","floor":18,"turns":4},{"damage":0,"enemies":"3 Byrds","floor":19,"turns":2},{"damage":2,"enemies":"Snecko","floor":22,"turns":4},{"damage":20,"enemies":"Slavers","floor":23,"turns":4},{"damage":17,"enemies":"Book of Stabbing","floor":28,"turns":6},{"damage":0,"enemies":"Shelled Parasite and Fungi","floor":29,"turns":4},{"damage":10,"enemies":"Slavers","floor":30,"turns":4},{"damage":0,"enemies":"Centurion and Healer","floor":31,"turns":6},{"damage":17,"enemies":"Collector","floor":33,"turns":7},{"damage":0,"enemies":"Orb Walker","floor":35,"turns":4},{"damage":19,"enemies":"3 Darklings","floor":36,"turns":5},{"damage":10,"enemies":"Sphere and 2 Shapes","floor":37,"turns":4},{"damage":30,"enemies":"Transient","floor":38,"turns":2}],"seed_played":"9208908182909486186","potions_obtained":[{"floor":1,"key":"Strength Potion"},{"floor":12,"key":"DuplicationPotion"},{"floor":13,"key":"Energy Potion"},{"floor":14,"key":"FairyPotion"},{"floor":19,"key":"EssenceOfSteel"},{"floor":22,"key":"Explosive Potion"},{"floor":23,"key":"bronze:BurnAndBuffPotion"},{"floor":30,"key":"ColorlessPotion"},{"floor":33,"key":"Explosive Potion"},{"floor":35,"key":"Guardian:BlockOnCardUsePotion"},{"floor":36,"key":"Guardian:BlockOnCardUsePotion"}],"is_trial":false,"path_per_floor":["M","$","M","?","M","R","E","R","T","R","E","M","M","E","R","B",null,"M","M","$","?","M","E","?","$","T","R","E","M","E","M","R","B",null,"M","M","M","M"],"character_chosen":"SHADE","items_purchased":["ClockworkSouvenir","Medical Kit"],"campfire_rested":1,"item_purchase_floors":[20,25],"current_hp_per_floor":[57,57,56,56,56,56,56,56,56,56,56,55,55,55,55,50,61,57,57,57,41,39,19,19,19,19,19,2,2,17,17,36,19,54,54,35,25,0,0],"gold":310,"neow_bonus":"RANDOM_COMMON_RELIC","is_daily":false,"chose_seed":false,"campfire_upgraded":5,"win_rate":0.0,"timestamp":1612785102,"path_taken":["M","$","M","?","M","R","E","R","T","R","E","M","M","E","R","BOSS","M","M","$","?","M","E","?","$","T","R","E","M","E","M","R","BOSS","M","?","M","M"],"items_purchased_type":["Relic","Relic"],"build_version":"2020-12-22","purchased_purges":3,"victory":false,"max_hp_per_floor":[65,65,65,65,65,65,65,65,65,65,65,65,65,65,65,65,65,65,65,65,65,65,65,65,65,65,65,65,65,65,65,65,65,65,65,65,65,65,65],"card_choices":[{"not_picked":["Shade:Doomsay","Shade:AncientSpear"],"picked":"Shade:FleshToFlesh","floor":1},{"not_picked":["Shade:Haruspicy","Shade:PoundOfFlesh"],"picked":"Shade:ClawBack","floor":3},{"not_picked":["Shade:CommandSoldier","Shade:Brains"],"picked":"Shade:OpenGraves","floor":5},{"not_picked":["Shade:Putrefaction","Shade:Bonestorm"],"picked":"Shade:Carnophage","floor":7},{"not_picked":["Shade:ScuttlingHand","Shade:Brains","Shade:FuneraryArmor"],"picked":"SKIP","floor":11},{"not_picked":["Shade:Bonestorm","Shade:CloudOfShrapnel"],"picked":"Shade:Carnophage","floor":12},{"not_picked":["Shade:Awaken","Shade:FeralStrike"],"picked":"Shade:SensePrey","floor":13},{"not_picked":["Shade:BoneShards","Shade:GreyBargain"],"picked":"Shade:TouchOfTheGrave","floor":14},{"not_picked":["Shade:Brains+1","Shade:Bonestorm"],"picked":"Shade:FeralStrike","floor":18},{"not_picked":["Shade:GraveStillness+1","Shade:Asphyxiate"],"picked":"Shade:FreshBones+1","floor":19},{"not_picked":["Shade:Frenzy","Shade:FreshBones"],"picked":"Shade:FleshLikeOak","floor":22},{"not_picked":["Shade:WallOfFlesh","Shade:Asphyxiate+1"],"picked":"Shade:Excise","floor":23},{"not_picked":["Shade:CoffinDance","Shade:GraveStillness","Shade:Trample+1"],"picked":"SKIP","floor":28},{"not_picked":["Shade:Frenzy+1","Shade:FreshBones","Shade:Tombstone"],"picked":"SKIP","floor":29},{"not_picked":["Shade:CoffinDance","Shade:SoulToxin+1","Shade:PoundOfFlesh"],"picked":"SKIP","floor":30},{"not_picked":["Shade:BoneShards","Shade:CommandSoldier+1","Shade:Carnophage"],"picked":"SKIP","floor":31},{"not_picked":["Shade:SelfBurial","Shade:GreaterAnimation"],"picked":"Shade:LichForm","floor":33},{"not_picked":["Shade:Haruspicy"],"picked":"SKIP","floor":35},{"not_picked":["Shade:GreyBargain+1"],"picked":"SKIP","floor":36},{"not_picked":[],"picked":"Shade:StitchTogether+1","floor":37}],"player_experience":1054758,"relics_obtained":[{"floor":7,"key":"Du-Vu Doll"},{"floor":9,"key":"Thread and Needle"},{"floor":11,"key":"Letter Opener"},{"floor":14,"key":"Boot"},{"floor":21,"key":"Necronomicon"},{"floor":23,"key":"CeramicFish"},{"floor":26,"key":"Bottled Tornado"},{"floor":28,"key":"Darkstone Periapt"},{"floor":30,"key":"Oddly Smooth Stone"}],"event_choices":[{"damage_healed":0,"gold_gain":0,"cards_transformed":["Shade:Defend_Shade"],"player_choice":"Transformed","damage_taken":0,"max_hp_gain":0,"max_hp_loss":0,"event_name":"Transmorgrifier","floor":4,"gold_loss":0,"cards_obtained":["Shade:SensePrey"]},{"damage_healed":0,"gold_gain":0,"player_choice":"Obtained Book","damage_taken":16,"max_hp_gain":0,"max_hp_loss":0,"event_name":"Cursed Tome","floor":21,"gold_loss":0},{"damage_healed":0,"gold_gain":250,"player_choice":"Bet on Owner","damage_taken":0,"max_hp_gain":0,"max_hp_loss":0,"event_name":"The Joust","floor":24,"gold_loss":50}],"is_beta":false,"boss_relics":[{"not_picked":["Fusion Hammer","Calling Bell"],"picked":"Pandora\u0027s Box"},{"not_picked":["Tiny House","Philosopher\u0027s Stone"],"picked":"Busted Crown"}],"items_purged_floors":[2,20,25],"is_endless":false,"potions_floor_spawned":[1,12,13,14,19,22,23,30,33,35,36],"killed_by":"Transient","ascension_level":8}}