{"host":"o6nndy8fvkon49s1","time":1612763414,"event":{"mods":["BaseMod","CapriCore","Hermit","HololiveMod","Marisa????????","Minty Spire (QoL Compilation)","Prisma Mod","Reimu??????","StSLib","Td1madao Mod","The Animator","The Immortal","The Marked","The Senshi","The Servant 0.9.4"],"gold_per_floor":[118,118,133,133,133,150,150,161,241,206,265,245,261,277,277,373,373,386,12,26,46,60,60,72,92,141,41,54,65,82,82,82,183,183,203,217,90,90,100,100,10,10],"floor_reached":41,"language":"ENG","playtime":1748,"items_purged":["theMarked:Strike","theMarked:Strike"],"score":441,"play_id":"19cf9f56-ae17-4b9b-82a3-4ff1444f995f","local_time":"20210207235014","is_ascension_mode":false,"campfire_choices":[{"data":"theMarked:SoldierOfQuellstein","floor":7,"key":"SMITH"},{"data":"theMarked:EternalStudent","floor":15,"key":"SMITH"},{"floor":23,"key":"REST"},{"floor":32,"key":"REST"},{"floor":40,"key":"REST"}],"circlet_count":0,"master_deck":["theMarked:Strike","theMarked:Strike","theMarked:Strike","theMarked:Defend","theMarked:Defend","theMarked:Defend","theMarked:Defend","theMarked:SoldierOfQuellstein+1","theMarked:SwordAndMagic","theMarked:PowerFlow","theMarked:LightningStrikesTwice+1","theMarked:BanishingStrike","theMarked:EternalStudent+1","theMarked:Memento","theMarked:Heritage","theMarked:RogueSparks","theMarked:BanishingStrike","theMarked:WardOff","theMarked:Vacuum","Bandage Up","theMarked:Memento+1"],"relics":["theMarked:BronzeBlade","Nunchaku","Mercury Hourglass","theMarked:Winder","Ancient Tea Set","Toy Ornithopter"],"acts_visited":["Exordium","TheCity","TheBeyond"],"potions_floor_usage":[20,20,22,28,30,35,39,39],"damage_taken":[{"damage":6,"enemies":"Jaw Worm","floor":1,"turns":4},{"damage":0,"enemies":"2 Louse","floor":3,"turns":3},{"damage":2,"enemies":"Small Slimes","floor":6,"turns":3},{"damage":18,"enemies":"3 Louse","floor":8,"turns":3},{"damage":0,"enemies":"Large Slime","floor":13,"turns":3},{"damage":8,"enemies":"Red Slaver","floor":14,"turns":2},{"damage":0,"enemies":"Slime Boss","floor":16,"turns":6},{"damage":10,"enemies":"Chosen","floor":18,"turns":3},{"damage":7,"enemies":"3 Byrds","floor":20,"turns":1},{"damage":20,"enemies":"Cultist and Chosen","floor":21,"turns":4},{"damage":37,"enemies":"Snake Plant","floor":22,"turns":3},{"damage":15,"enemies":"Centurion and Healer","floor":24,"turns":4},{"damage":3,"enemies":"Snecko","floor":25,"turns":3},{"damage":19,"enemies":"Shelled Parasite and Fungi","floor":28,"turns":4},{"damage":4,"enemies":"Snake Plant","floor":29,"turns":3},{"damage":16,"enemies":"Centurion and Healer","floor":30,"turns":5},{"damage":65,"enemies":"Automaton","floor":33,"turns":8},{"damage":21,"enemies":"Orb Walker","floor":35,"turns":3},{"damage":15,"enemies":"3 Shapes","floor":36,"turns":3},{"damage":14,"enemies":"Spire Growth","floor":39,"turns":3}],"seed_played":"-1870503253384894577","potions_obtained":[{"floor":3,"key":"LiquidBronze"},{"floor":8,"key":"SteroidPotion"},{"floor":12,"key":"SteroidPotion"},{"floor":13,"key":"LiquidBronze"},{"floor":22,"key":"FairyPotion"},{"floor":24,"key":"FairyPotion"},{"floor":25,"key":"BlessingOfTheForge"},{"floor":29,"key":"AttackPotion"},{"floor":33,"key":"GamblersBrew"},{"floor":36,"key":"Fire Potion"}],"is_trial":false,"path_per_floor":["M","$","M","$","?","M","R","M","T","?","?","?","M","M","R","B",null,"M","$","M","M","M","R","M","M","T","$","M","M","M","?","R","B",null,"M","M","$","?","M","R","?"],"character_chosen":"THE_DEFAULT","items_purchased":["theMarked:Winder","Ancient Tea Set","Fire Potion","GrandPatriotsElixir:ReiMu"],"campfire_rested":3,"item_purchase_floors":[19,19,37,37],"current_hp_per_floor":[71,71,71,71,68,66,66,48,48,67,67,67,67,59,59,59,77,67,67,60,40,3,26,11,8,8,8,17,13,2,2,25,23,77,56,41,41,41,37,60,60,60],"gold":10,"neow_bonus":"TEN_PERCENT_HP_BONUS","is_daily":false,"chose_seed":false,"campfire_upgraded":2,"win_rate":0.0,"timestamp":1612763414,"path_taken":["M","$","M","$","?","M","R","M","T","?","?","?","M","M","R","BOSS","M","$","M","M","M","R","M","M","T","?","M","?","M","?","R","BOSS","M","M","$","?","M","R","?"],"items_purchased_type":["Relic","Relic","Potion","Potion"],"build_version":"2020-12-22","purchased_purges":2,"victory":false,"max_hp_per_floor":[77,77,77,77,77,77,77,77,77,77,77,77,77,77,77,77,77,77,77,77,77,77,77,77,77,77,77,77,77,77,77,77,77,77,77,77,77,77,77,77,77,77],"card_choices":[{"not_picked":["theMarked:Electrify","theMarked:ElectricStrings"],"picked":"theMarked:SwordAndMagic","floor":1},{"not_picked":["theMarked:Electrify","theMarked:ResourceFulStrike"],"picked":"theMarked:PowerFlow","floor":3},{"not_picked":["theMarked:Panic","theMarked:Static"],"picked":"theMarked:LightningStrikesTwice","floor":6},{"not_picked":["theMarked:WastefulAttack","theMarked:HeightenedSenses"],"picked":"theMarked:BanishingStrike","floor":8},{"not_picked":["theMarked:Parkour","theMarked:Standoff"],"picked":"theMarked:BanishingStrike","floor":13},{"not_picked":["theMarked:ResourceFulStrike","theMarked:ChainLightning"],"picked":"theMarked:EternalStudent","floor":14},{"not_picked":["theMarked:Parkour","theMarked:Improvise","theMarked:ElectricStrings"],"picked":"SKIP","floor":18},{"not_picked":["theMarked:Overthink","theMarked:GodGivenPower"],"picked":"theMarked:Memento","floor":20},{"not_picked":["theMarked:Seal+1","theMarked:Pokerface"],"picked":"theMarked:Heritage","floor":21},{"not_picked":["theMarked:GodGivenPower","theMarked:TakeCover"],"picked":"theMarked:RogueSparks","floor":22},{"not_picked":["theMarked:ChainLightning+1","theMarked:TwofoldDefense"],"picked":"theMarked:BanishingStrike","floor":24},{"not_picked":["theMarked:Parkour","theMarked:TakeCover+1"],"picked":"theMarked:WardOff","floor":25},{"not_picked":["theMarked:CreepingChasm","theMarked:KeepCalmAndFight","theMarked:WastefulAttack"],"picked":"SKIP","floor":28},{"not_picked":["theMarked:Seal","theMarked:Defy","theMarked:SwordAndMagic"],"picked":"SKIP","floor":29},{"not_picked":["theMarked:ContemptForTheProud","theMarked:Parry","theMarked:TwofoldDefense"],"picked":"SKIP","floor":30},{"not_picked":["theMarked:DispelDoubt","theMarked:Defy"],"picked":"theMarked:Vacuum","floor":33},{"not_picked":["theMarked:RepellingDischarge","theMarked:Memento+1","theMarked:BanishingStrike"],"picked":"SKIP","floor":35},{"not_picked":["theMarked:ChainLightning+1","theMarked:EmpowerWeapon","theMarked:Reabsorb"],"picked":"SKIP","floor":36},{"not_picked":["HandOfGreed","Secret Weapon"],"picked":"Bandage Up","floor":38},{"not_picked":["theMarked:Frustration+1","theMarked:TakeCover"],"picked":"theMarked:Memento+1","floor":39}],"player_experience":258017,"relics_obtained":[{"floor":9,"key":"Mercury Hourglass"},{"floor":26,"key":"Toy Ornithopter"}],"event_choices":[{"damage_healed":0,"gold_gain":0,"player_choice":"Success","damage_taken":3,"relics_obtained":["Nunchaku"],"max_hp_gain":0,"max_hp_loss":0,"event_name":"Scrap Ooze","floor":5,"gold_loss":0},{"damage_healed":19,"gold_gain":0,"player_choice":"Healed","damage_taken":0,"max_hp_gain":0,"max_hp_loss":0,"event_name":"The Cleric","floor":10,"gold_loss":35},{"damage_healed":0,"gold_gain":59,"player_choice":"Gained Gold","damage_taken":0,"max_hp_gain":0,"max_hp_loss":0,"event_name":"Golden Wing","floor":11,"gold_loss":0},{"damage_healed":0,"gold_gain":0,"player_choice":"Bought 1 Potion","damage_taken":0,"max_hp_gain":0,"max_hp_loss":0,"event_name":"The Woman in Blue","floor":12,"gold_loss":0},{"damage_healed":0,"gold_gain":0,"player_choice":"Ignored","damage_taken":0,"max_hp_gain":0,"max_hp_loss":0,"event_name":"Cursed Tome","floor":31,"gold_loss":0},{"damage_healed":0,"gold_gain":0,"player_choice":"Memory 1","damage_taken":0,"max_hp_gain":0,"max_hp_loss":0,"event_name":"SensoryStone","floor":38,"gold_loss":0},{"cards_removed":["theMarked:BanishingStrike"],"damage_healed":0,"gold_gain":0,"player_choice":"Upgrade and Remove","damage_taken":0,"max_hp_gain":0,"max_hp_loss":0,"event_name":"Designer","floor":41,"gold_loss":90,"cards_upgraded":["theMarked:LightningStrikesTwice"]}],"is_beta":false,"boss_relics":[{"not_picked":["Hololive_Finger","Empty Cage"],"picked":"theMarked:BronzeBlade"},{"not_picked":["Runic Dome","Astrolabe","Philosopher\u0027s Stone"]}],"items_purged_floors":[19,27],"is_endless":false,"potions_floor_spawned":[3,8,13,14,22,24,25,29,33,36],"ascension_level":0}}