{"host":"65a95dzim48ko8ke","time":1612762067,"event":{"mods":["AchievementEnabler","Aspiration","BaseMod","Block Reminder","Bossed Relics","Colored Powertips","Conspire","Curses Come First","DeckTracker","Energized Spire","Halation","Hubris","Jedi Mod","Minty Spire (QoL Compilation)","MostiFishMod","Permanent Neow","Quick Restart","Random Character Button","Rare Cards Sparkle","Relic Sorter","Reliquary","Replay The Spire","RumiaBox-òIïƒ?ìIê_îÈ·¥éq","Spicy Shops","StSLib","Synergy Search","TestMod","The Blue Laboratory","The IronCluck","Trackpad","Åy?ï®?îvÅzREMEMod"],"gold_per_floor":[109,119,119,129,16,41,41,41,123,123,123,153,173,202,202,303,303,323,323,323,344,344,344,387,75,102,145,145,168,207,230,230,345,345,368,368,432,732,749,795,795,840,840,886,886,3,31,73,73,97],"floor_reached":51,"language":"ENG","playtime":5200,"items_purged":["Strike_G"],"score":1690,"play_id":"24cb23ad-f1fd-4f48-b3d6-b3ad726e5d60","local_time":"20210208142747","is_ascension_mode":true,"campfire_choices":[{"data":"Glass Knife","floor":7.0,"key":"SMITH"},{"data":"Dash","floor":10.0,"key":"SMITH"},{"data":"Infinite Blades","floor":15.0,"key":"SMITH"},{"data":"Prepared","floor":23.0,"key":"SMITH"},{"data":"jedi:RedIncense","floor":28.0,"key":"SMITH"},{"data":"Venomology","floor":32.0,"key":"SMITH"},{"data":"Burst","floor":41.0,"key":"SMITH"},{"data":"Concentrate","floor":45,"key":"SMITH"},{"data":"jedi:studyshivs","floor":49,"key":"SMITH"}],"circlet_count":0,"master_deck":["Strike_G","Strike_G","Strike_G","Strike_G","Defend_G","Defend_G","Defend_G","Defend_G","Defend_G","Survivor","Neutralize","Blade Dance","Prepared+1","Dodge and Roll","Masterful Stab","Dash+1","Glass Knife+1","Infinite Blades+1","ReplayTheSpireMod:Shiv Toss","Concentrate+1","Venomology+1","Dagger Throw","Necronomicurse","ReplayTheSpireMod:Tripwire+1","Blade Dance+1","jedi:RedIncense+1","Sneak Up","Underhanded Strike+1","conspire:DoublingDagger","Dodge and Roll","Predator+1","Burst+1","MostiFishMod:PoisonShield","Flying Knee","Acrobatics+1","MostiFishMod:PerfectParry+1","hubris:Sniper+1","Pot Of Greed","Pot Of Greed","Pot Of Greed","Pot Of Greed","jedi:pocketpoison+1","jedi:studyshivs+1","jedi:RedIncense","Blade Dance","Quick Slash+1"],"relics":["testmod-TestBox","Ninja Scroll","hubris:BundleOfHerbs","REME_ComplimentaryCards","DaveBox","trackpad:RiggedDice","hubris:Towel","halation:AfternoonTea","Vajra","LastBattle","halation:EternalFortune","aspiration:StickyExplosives_weak","testmod-DeterminationOfClimber","Necronomicon","MutagenicStrength","Quantum Egg","trackpad:AdjectivePendant","Mango","Ring of Chaos","jedi:purplefairy","testmod-TurbochargingSystem","jedi:rubbersling","Snack Pack","Grinning Jar","halation:Diary","Pet Ghost"],"acts_visited":["Exordium","TheCity","TheBeyond"],"potions_floor_usage":[42,50,50],"damage_taken":[{"damage":0.0,"enemies":"Small Slimes","floor":1.0,"turns":5.0},{"damage":4.0,"enemies":"Jaw Worm","floor":2.0,"turns":3.0},{"damage":0.0,"enemies":"conspire:RoseBush","floor":4.0,"turns":4.0},{"damage":1.0,"enemies":"3 Sentries","floor":6.0,"turns":6.0},{"damage":9.0,"enemies":"Lagavulin","floor":12.0,"turns":6.0},{"damage":0.0,"enemies":"3 Louse","floor":13.0,"turns":2.0},{"damage":7.0,"enemies":"3 Sentries","floor":14.0,"turns":5.0},{"damage":27.0,"enemies":"The Guardian","floor":16.0,"turns":8.0},{"damage":1.0,"enemies":"3 Byrds","floor":18.0,"turns":3.0},{"damage":0.0,"enemies":"Spheric Guardian","floor":21.0,"turns":2.0},{"damage":3.0,"enemies":"conspire:SneckoGhost","floor":24.0,"turns":4.0},{"damage":0.0,"enemies":"Slavers","floor":27.0,"turns":1.0},{"damage":24.0,"enemies":"Shelled Parasite and Fungi","floor":29.0,"turns":3.0},{"damage":0.0,"enemies":"Replay:Snechameleon","floor":30.0,"turns":2.0},{"damage":0.0,"enemies":"Cultist and Chosen","floor":31.0,"turns":1.0},{"damage":0.0,"enemies":"Collector","floor":33.0,"turns":2.0},{"damage":0.0,"enemies":"3 Darklings","floor":35.0,"turns":1.0},{"damage":0.0,"enemies":"2 Orb Walkers","floor":37.0,"turns":1.0},{"damage":0.0,"enemies":"Orb Walker","floor":39.0,"turns":1.0},{"damage":0.0,"enemies":"R_Hoarder","floor":40.0,"turns":3.0},{"damage":0,"enemies":"Giant Head","floor":42,"turns":2},{"damage":0,"enemies":"Reptomancer","floor":44,"turns":1},{"damage":0,"enemies":"Writhing Mass","floor":47,"turns":1},{"damage":0,"enemies":"Nemesis","floor":48,"turns":1},{"damage":0,"enemies":"Donu and Deca","floor":50,"turns":1}],"seed_played":"6290897530529722673","potions_obtained":[{"floor":2.0,"key":"DistilledChaos"},{"floor":12.0,"key":"blueLaboratory:Moonshine"},{"floor":24.0,"key":"blueLaboratory:BottleOfRum"},{"floor":27.0,"key":"ColorlessPotion"},{"floor":35.0,"key":"Swift Potion"}],"is_trial":false,"path_per_floor":["M","M","?","M","$","E","R","T","T","R","?","E","M","E","R","B",null,"M","?","?","M","?","R","E","$","T","E","R","M","E","M","R","B",null,"M","?","?","?","M","E","R","E","T","E","R","$","M","E","R","B",null],"character_chosen":"THE_SILENT","items_purchased":["Masterful Stab","Dash","jedi:RedIncense","Sneak Up","halation:Diary","jedi:studyshivs","jedi:RedIncense","Blade Dance"],"campfire_rested":0,"item_purchase_floors":[5,5,25,25,46,46,46,46],"current_hp_per_floor":[63,59,59,59,59,58,58,58,58,58,61,52,52,45,45,18,59,69,53,53,56,56,56,73,73,73,90,90,71,81,87,87,93,93,93,93,93,93,93,93,93,96,96,96,96,96,99,99,99,99],"gold":97,"neow_bonus":"BOSS_RELIC","is_daily":false,"chose_seed":false,"campfire_upgraded":9,"win_rate":0.0,"timestamp":1612762067,"path_taken":["M","M","?","M","$","E","R","?","T","R","?","E","M","E","R","BOSS","M","?","?","M","?","R","E","$","T","E","R","M","E","M","R","BOSS","M","?","?","?","?","E","R","E","T","E","R","$","M","E","R","BOSS"],"items_purchased_type":["Card","Card","Card","Card","Relic","Card","Card","Card"],"build_version":"2020-12-22","purchased_purges":1,"victory":true,"max_hp_per_floor":[70,70,70,70,70,70,70,70,70,70,73,73,73,73,73,73,73,73,73,73,73,73,73,73,73,73,90,90,90,93,93,93,93,93,93,93,93,93,93,93,93,96,96,96,96,96,99,99,99,99],"card_choices":[{"not_picked":["Hidden Blade","hubris:TrickCloak"],"picked":"Blade Dance","floor":1.0},{"not_picked":["Tactician","Flying Knee"],"picked":"Prepared","floor":2.0},{"not_picked":["Poisoned Stab","Cloak And Dagger"],"picked":"Dodge and Roll","floor":4.0},{"not_picked":["Bane","Flying Knee"],"picked":"Glass Knife","floor":6.0},{"not_picked":["Draining Mist","Bane"],"picked":"Infinite Blades","floor":12.0},{"not_picked":["Choke","jedi:pocketpoison"],"picked":"ReplayTheSpireMod:Shiv Toss","floor":13.0},{"not_picked":["Outmaneuver","Quick Slash"],"picked":"Concentrate","floor":14.0},{"not_picked":["aspiration:Lunge","MostiFishMod:AdrenalineArouse"],"picked":"Venomology","floor":16.0},{"not_picked":["Prepared","PiercingWail"],"picked":"Dagger Throw","floor":18.0},{"not_picked":["conspire:DoublingDagger+1","Deflect+1"],"picked":"ReplayTheSpireMod:Tripwire+1","floor":21.0},{"not_picked":["Outmaneuver","Backstab"],"picked":"Blade Dance+1","floor":24.0},{"not_picked":["MostiFishMod:PerfectParry","jedi:acidrain+1"],"picked":"Underhanded Strike+1","floor":27.0},{"not_picked":["Sneak Up","Tactician"],"picked":"conspire:DoublingDagger","floor":29.0},{"not_picked":["Catalyst","PiercingWail"],"picked":"Dodge and Roll","floor":30.0},{"not_picked":["Bane","Sneak Up"],"picked":"Predator+1","floor":31.0},{"not_picked":["MostiFishMod:Listen","jedi:brewingpoison"],"picked":"Burst","floor":33.0},{"not_picked":["Outmaneuver","REME_GreenPollution"],"picked":"MostiFishMod:PoisonShield","floor":35.0},{"not_picked":["jedi:poisonivy","Fluid Movement+1"],"picked":"Flying Knee","floor":37.0},{"not_picked":["jedi:pocketpoison+1","PiercingWail"],"picked":"Acrobatics+1","floor":39.0},{"not_picked":["Blur","jedi:pocketpoison"],"picked":"MostiFishMod:PerfectParry+1","floor":40.0},{"not_picked":["Bane+1","Cloak And Dagger+1"],"picked":"hubris:Sniper+1","floor":42},{"not_picked":["REME_ShadowForm","MostiFishMod:ThornCasing+1"],"picked":"jedi:pocketpoison+1","floor":44},{"not_picked":["Backflip","Catalyst+1","Bane"],"picked":"SKIP","floor":47},{"not_picked":["Phantasmal Killer","REME_CopyPotion"],"picked":"Quick Slash+1","floor":48}],"player_experience":390929,"relics_obtained":[{"floor":6.0,"key":"halation:AfternoonTea"},{"floor":8.0,"key":"Vajra"},{"floor":9.0,"key":"LastBattle"},{"floor":12.0,"key":"aspiration:StickyExplosives_weak"},{"floor":14.0,"key":"hubris:BundleOfHerbs"},{"floor":19.0,"key":"Necronomicon"},{"floor":24.0,"key":"Quantum Egg"},{"floor":26.0,"key":"trackpad:AdjectivePendant"},{"floor":27.0,"key":"halation:EternalFortune"},{"floor":27.0,"key":"Mango"},{"floor":30.0,"key":"halation:EternalFortune"},{"floor":30.0,"key":"Ninja Scroll"},{"floor":37.0,"key":"jedi:purplefairy"},{"floor":40.0,"key":"testmod-TurbochargingSystem"},{"floor":42,"key":"halation:EternalFortune"},{"floor":42,"key":"jedi:rubbersling"},{"floor":43,"key":"Snack Pack"},{"floor":44,"key":"Grinning Jar"},{"floor":47,"key":"halation:EternalFortune"},{"floor":48,"key":"Pet Ghost"}],"event_choices":[{"damage_healed":0.0,"max_hp_gain":0.0,"max_hp_loss":0.0,"gold_gain":0.0,"event_name":"Cursed Tome","player_choice":"Obtained Book","floor":19.0,"gold_loss":0.0,"damage_taken":16.0},{"damage_healed":0.0,"max_hp_gain":0.0,"max_hp_loss":0.0,"gold_gain":0.0,"event_name":"Ghosts","player_choice":"Ignored","floor":20.0,"gold_loss":0.0,"damage_taken":0.0},{"damage_healed":0.0,"max_hp_gain":0.0,"max_hp_loss":0.0,"gold_gain":0.0,"event_name":"Drug Dealer","player_choice":"Inject Mutagens","floor":22.0,"gold_loss":0.0,"damage_taken":0.0,"relics_obtained":["MutagenicStrength"]},{"damage_healed":0.0,"max_hp_gain":0.0,"max_hp_loss":0.0,"gold_gain":0.0,"event_name":"conspire:Investor","player_choice":"Leave","floor":36.0,"gold_loss":0.0,"damage_taken":0.0},{"damage_healed":0.0,"max_hp_gain":0.0,"max_hp_loss":0.0,"gold_gain":0.0,"event_name":"Mysterious Sphere","player_choice":"Fight","floor":37.0,"gold_loss":0.0,"damage_taken":0.0},{"damage_healed":0.0,"max_hp_gain":0.0,"max_hp_loss":0.0,"gold_gain":300.0,"event_name":"Wheel of Change","player_choice":"Gold","floor":38.0,"gold_loss":0.0,"damage_taken":0.0}],"is_beta":false,"boss_relics":[{"not_picked":["testmod-CardMagician","RhineCircuit"],"picked":"testmod-DeterminationOfClimber"},{"not_picked":["energizedSpire:StickyHand","halation:Yufonium"],"picked":"Ring of Chaos"}],"items_purged_floors":[25],"is_endless":false,"potions_floor_spawned":[2,12,24,27,29,35,40,44],"ascension_level":9}}