{"host":"2brg86hfzr3u5cix","time":1612754336,"event":{"mods":["AchievementEnabler","Ascension Unlocker","BaseMod","CapriCore","DeckTracker","Highlight Path","Keyboard Shortcuts","Minty Spire (QoL Compilation)","Permanent Neow","Relic Stats","StSLib","Twitch Utils","Uncapped","UnlockEverythingMod"],"gold_per_floor":[110,124,137,151,166,166,166,186,186,186,186],"floor_reached":10,"language":"KOR","playtime":384,"items_purged":[],"score":124,"play_id":"417fd27f-a5bd-4312-a7cd-a685055978cb","local_time":"20210208121856","is_ascension_mode":true,"campfire_choices":[{"floor":6,"key":"REST"}],"circlet_count":0,"master_deck":["AscendersBane","Strike_G","Strike_G","Strike_G","Strike_G","Defend_G","Defend_G","Defend_G","Defend_G","Defend_G","Survivor","Neutralize","Acrobatics","Prepared","Deadly Poison+1","Poisoned Stab","Burst","Caltrops"],"relics":["Ring of the Snake","PreservedInsect"],"acts_visited":["Exordium"],"potions_floor_usage":[10],"damage_taken":[{"damage":8.0,"enemies":"Cultist","floor":1.0,"turns":5.0},{"damage":4.0,"enemies":"Small Slimes","floor":2.0,"turns":3.0},{"damage":4.0,"enemies":"Jaw Worm","floor":3.0,"turns":7.0},{"damage":14.0,"enemies":"Looter","floor":4.0,"turns":5.0},{"damage":11,"enemies":"Exordium Wildlife","floor":5,"turns":6},{"damage":6,"enemies":"Blue Slaver","floor":8,"turns":5},{"damage":27,"enemies":"3 Sentries","floor":10,"turns":8}],"seed_played":"-4938019371034774772","potions_obtained":[{"floor":2.0,"key":"Ancient Potion"},{"floor":5,"key":"Poison Potion"}],"is_trial":false,"path_per_floor":["M","M","M","M","M","R","?","M","T","E"],"character_chosen":"THE_SILENT","items_purchased":[],"campfire_rested":1,"item_purchase_floors":[],"current_hp_per_floor":[51,47,43,29,18,37,37,31,31,4,4],"gold":186,"neow_bonus":"REMOVE_CARD","is_daily":false,"chose_seed":false,"campfire_upgraded":0,"win_rate":0.0,"timestamp":1612754336,"path_taken":["M","M","M","M","?","R","?","?","T","E"],"items_purchased_type":[],"build_version":"2020-12-22","purchased_purges":0,"victory":false,"max_hp_per_floor":[66,66,66,66,66,66,66,66,66,66,66],"relic_stats":{"counters":[7,39],"PreservedInsect":33,"obtain_stats":[{"PreservedInsect":9,"Ring of the Snake":0},{"PreservedInsect":6,"Ring of the Snake":0},{"PreservedInsect":31,"Ring of the Snake":0}],"Ring of the Snake":[14]},"card_choices":[{"not_picked":["Flying Knee","Deflect"],"picked":"Acrobatics","floor":1.0},{"not_picked":["Flying Knee","Bane"],"picked":"Prepared","floor":2.0},{"not_picked":["Flying Knee","Riddle With Holes"],"picked":"Deadly Poison","floor":3.0},{"not_picked":["Prepared","Setup"],"picked":"Poisoned Stab","floor":4.0},{"not_picked":["Backstab","Reflex"],"picked":"Burst","floor":5},{"not_picked":["Cloak And Dagger","Slice"],"picked":"Caltrops","floor":8}],"player_experience":362545,"relics_obtained":[{"floor":9,"key":"PreservedInsect"}],"event_choices":[{"damage_healed":0,"gold_gain":0,"player_choice":"Forge","damage_taken":0,"max_hp_gain":0,"max_hp_loss":0,"event_name":"Accursed Blacksmith","floor":7,"gold_loss":0,"cards_upgraded":["Deadly Poison"]}],"is_beta":false,"boss_relics":[],"items_purged_floors":[],"is_endless":false,"potions_floor_spawned":[2,5,8],"killed_by":"3 Sentries","ascension_level":20}}