{"host":"5kirneupyg4uzd3w","time":1612782568,"event":{"mods":["BaseMod","Colored Map","Custom Start","Minty Spire (QoL Compilation)","StSLib","SuperFastMode"],"gold_per_floor":[109,109,125,50,50,84,105,140,140,211,77,77,102,136,136,232,232,246,57,57,57,57],"floor_reached":21,"language":"KOR","playtime":588,"items_purged":["Strike_R","Searing Blow"],"score":440,"play_id":"8316ca33-6120-4640-91ef-173de5bb622d","local_time":"20210208200928","is_ascension_mode":true,"campfire_choices":[{"data":"Blood for Blood","floor":12.0,"key":"SMITH"},{"floor":15.0,"key":"REST"}],"circlet_count":0,"master_deck":["AscendersBane","Bash","Fire Breathing","Blood for Blood+1","Wild Strike","Bludgeon","Shrug It Off","Dual Wield","Power Through","Fiend Fire","Berserk","Bludgeon","Uppercut","Flex","Flex","Enlightenment"],"relics":["Burning Blood","NeowsBlessing","Golden Idol","Regal Pillow","Eternal Feather","Happy Flower","Tiny Chest","Dead Branch","Pandora\u0027s Box"],"acts_visited":["Exordium","TheCity"],"potions_floor_usage":[],"damage_taken":[{"damage":0.0,"enemies":"Small Slimes","floor":1.0,"turns":1.0},{"damage":0.0,"enemies":"Jaw Worm","floor":3.0,"turns":1.0},{"damage":0.0,"enemies":"3 Sentries","floor":6.0,"turns":2.0},{"damage":12.0,"enemies":"2 Louse","floor":7.0,"turns":5.0},{"damage":30.0,"enemies":"Lagavulin","floor":8.0,"turns":6.0},{"damage":15.0,"enemies":"3 Sentries","floor":10.0,"turns":4.0},{"damage":11.0,"enemies":"Blue Slaver","floor":13.0,"turns":4.0},{"damage":10.0,"enemies":"3 Sentries","floor":14.0,"turns":4.0},{"damage":33.0,"enemies":"The Guardian","floor":16.0,"turns":14.0},{"damage":33.0,"enemies":"Shell Parasite","floor":18.0,"turns":5.0},{"damage":38,"enemies":"3 Byrds","floor":21,"turns":3}],"seed_played":"-3211056000334671233","potions_obtained":[{"floor":1.0,"key":"DuplicationPotion"},{"floor":7.0,"key":"DuplicationPotion"},{"floor":13.0,"key":"DuplicationPotion"},{"floor":16.0,"key":"Ancient Potion"}],"is_trial":false,"path_per_floor":["M","?","M","?","?","E","M","E","T","?","$","R","M","E","R","B",null,"M","$","?","M"],"character_chosen":"IRONCLAD","items_purchased":["Shrug It Off","Enlightenment"],"campfire_rested":1,"item_purchase_floors":[11,19],"current_hp_per_floor":[74,67,73,73,47,53,47,23,23,14,14,20,15,11,57,30,64,37,37,37,0,0],"gold":57,"neow_bonus":"THREE_ENEMY_KILL","is_daily":false,"chose_seed":false,"campfire_upgraded":1,"win_rate":0.0,"timestamp":1612782568,"path_taken":["M","?","M","?","?","E","?","E","T","?","$","R","M","E","R","BOSS","M","$","?","M"],"items_purchased_type":["Card","Card"],"build_version":"2020-12-22","purchased_purges":2,"victory":false,"max_hp_per_floor":[75,75,75,75,75,75,75,75,75,75,75,75,75,75,75,75,75,75,75,75,75,75],"card_choices":[{"not_picked":["Body Slam","Armaments"],"picked":"Fire Breathing","floor":1.0},{"not_picked":["Body Slam","Dark Embrace"],"picked":"Blood for Blood","floor":3.0},{"not_picked":["Twin Strike","Flex","True Grit"],"picked":"SKIP","floor":6.0},{"not_picked":["Armaments","Anger"],"picked":"Wild Strike","floor":7.0},{"not_picked":["Cleave","Brutality"],"picked":"Bludgeon","floor":8.0},{"not_picked":["Twin Strike","Thunderclap"],"picked":"Dual Wield","floor":13.0},{"not_picked":["Reckless Charge","Whirlwind"],"picked":"Power Through","floor":14.0},{"not_picked":["Reaper","Barricade"],"picked":"Fiend Fire","floor":16.0},{"not_picked":["Blood for Blood","Dropkick","Seeing Red"],"picked":"SKIP","floor":18.0}],"player_experience":307950,"relics_obtained":[{"floor":6.0,"key":"Regal Pillow"},{"floor":8.0,"key":"Eternal Feather"},{"floor":9.0,"key":"Happy Flower"},{"floor":10.0,"key":"Tiny Chest"},{"floor":14.0,"key":"Dead Branch"}],"event_choices":[{"cards_removed":["Strike_R"],"damage_healed":0.0,"max_hp_gain":0.0,"max_hp_loss":0.0,"gold_gain":0.0,"event_name":"Golden Wing","player_choice":"Card Removal","floor":2.0,"gold_loss":0.0,"damage_taken":7.0},{"cards_removed":["Strike_R"],"damage_healed":0.0,"max_hp_gain":0.0,"max_hp_loss":0.0,"gold_gain":0.0,"event_name":"The Cleric","player_choice":"Card Removal","floor":4.0,"gold_loss":75.0,"damage_taken":0.0},{"damage_healed":0.0,"max_hp_gain":0.0,"max_hp_loss":0.0,"gold_gain":0.0,"event_name":"Golden Idol","player_choice":"Take Damage","floor":5.0,"gold_loss":0.0,"damage_taken":26.0,"relics_obtained":["Golden Idol"]},{"damage_healed":0.0,"max_hp_gain":0.0,"max_hp_loss":0.0,"gold_gain":0.0,"event_name":"Dead Adventurer","player_choice":"Searched \u00271\u0027 times","floor":10.0,"gold_loss":0.0,"damage_taken":0.0},{"damage_healed":0.0,"max_hp_gain":0.0,"max_hp_loss":0.0,"gold_gain":0.0,"event_name":"Vampires","player_choice":"Ignored","floor":20.0,"gold_loss":0.0,"damage_taken":0.0}],"is_beta":false,"boss_relics":[{"not_picked":["Ectoplasm","SlaversCollar"],"picked":"Pandora\u0027s Box"}],"items_purged_floors":[11,19],"is_endless":false,"potions_floor_spawned":[1,7,13,16],"killed_by":"3 Byrds","ascension_level":20}}