{"host":"2ty4h143nj8vwezc","time":1612763787,"event":{"mods":["BaseMod","Colored Map","Googly Eyes","Highlight Path","Minty Spire (QoL Compilation)","Quick Restart","StSLib"],"gold_per_floor":[118,118,118,118,131,131,158,158,158,158,173,185,214,234,234,309,309,326,301,301,141,154,185,185,95,121,121,150,150,166,179,179,255,255,272,106,123,23,38,38,63,63,90,100,100,50,20,20,20,20,20,20,20,20,20,20],"floor_reached":55,"language":"ENG","playtime":2946,"items_purged":["Strike_G","Strike_G","Defend_G"],"score":1911,"play_id":"d3dfebf3-cb37-4b4e-8346-aa73f70b3ed6","local_time":"20210208005627","is_ascension_mode":true,"campfire_choices":[{"floor":6.0,"key":"DIG"},{"data":"After Image","floor":8.0,"key":"SMITH"},{"floor":10.0,"key":"DIG"},{"floor":15.0,"key":"RECALL"},{"floor":24.0,"key":"REST"},{"floor":27.0,"key":"REST"},{"floor":32.0,"key":"REST"},{"floor":40.0,"key":"REST"},{"floor":42.0,"key":"REST"},{"floor":45.0,"key":"REST"},{"floor":49.0,"key":"DIG"},{"floor":53.0,"key":"DIG"}],"circlet_count":0,"master_deck":["AscendersBane","Strike_G+1","Strike_G+1","Defend_G","Defend_G","Defend_G","Defend_G","Survivor","Neutralize","Cloak And Dagger","Adrenaline","Deflect","After Image+1","Infinite Blades","Endless Agony","Blade Dance","Phantasmal Killer","Blade Dance","Blade Dance+1","Accuracy","Accuracy","Slice","Choke","Doppelganger","Accuracy","Blade Dance","Corpse Explosion","Deflect","Finisher","Adrenaline","Blur+1"],"relics":["Ring of the Snake","NeowsBlessing","Shovel","Pantograph","StoneCalendar","Kunai","Whetstone","WingedGreaves","SlaversCollar","Tiny Chest","Art of War","Snake Skull","WristBlade","MealTicket","Vajra","Smiling Mask","Lantern","Pear"],"acts_visited":["Exordium","TheCity","TheBeyond","TheEnding"],"potions_floor_usage":[],"damage_taken":[{"damage":0.0,"enemies":"Cultist","floor":1.0,"turns":1.0},{"damage":0.0,"enemies":"2 Louse","floor":5.0,"turns":1.0},{"damage":0.0,"enemies":"Gremlin Nob","floor":7.0,"turns":1.0},{"damage":0.0,"enemies":"Jaw Worm","floor":11.0,"turns":5.0},{"damage":0.0,"enemies":"3 Louse","floor":12.0,"turns":5.0},{"damage":2.0,"enemies":"Lagavulin","floor":13.0,"turns":7.0},{"damage":2.0,"enemies":"Large Slime","floor":14.0,"turns":6.0},{"damage":21.0,"enemies":"Hexaghost","floor":16.0,"turns":14.0},{"damage":9.0,"enemies":"Shell Parasite","floor":18.0,"turns":4.0},{"damage":12.0,"enemies":"2 Thieves","floor":19.0,"turns":4.0},{"damage":0.0,"enemies":"Chosen and Byrds","floor":22.0,"turns":4.0},{"damage":20.0,"enemies":"Slavers","floor":23.0,"turns":4.0},{"damage":17.0,"enemies":"Gremlin Leader","floor":28.0,"turns":6.0},{"damage":8.0,"enemies":"3 Cultists","floor":30.0,"turns":4.0},{"damage":20.0,"enemies":"Snake Plant","floor":31.0,"turns":7.0},{"damage":23.0,"enemies":"Champ","floor":33.0,"turns":6.0},{"damage":3.0,"enemies":"3 Shapes","floor":35.0,"turns":3.0},{"damage":26.0,"enemies":"3 Darklings","floor":37.0,"turns":4.0},{"damage":11.0,"enemies":"Spire Growth","floor":39.0,"turns":4.0},{"damage":27.0,"enemies":"Giant Head","floor":41.0,"turns":6.0},{"damage":5.0,"enemies":"Jaw Worm Horde","floor":44.0,"turns":5.0},{"damage":14.0,"enemies":"Donu and Deca","floor":50.0,"turns":5.0},{"damage":57.0,"enemies":"Time Eater","floor":51.0,"turns":7.0},{"damage":89,"enemies":"Shield and Spear","floor":55,"turns":3}],"seed_played":"-8353903439834742862","potions_obtained":[{"floor":12.0,"key":"EntropicBrew"},{"floor":13.0,"key":"Dexterity Potion"},{"floor":14.0,"key":"Explosive Potion"},{"floor":16.0,"key":"Fire Potion"},{"floor":18.0,"key":"CultistPotion"},{"floor":31.0,"key":"Strength Potion"},{"floor":33.0,"key":"Explosive Potion"},{"floor":35.0,"key":"GamblersBrew"},{"floor":47.0,"key":"DistilledChaos"},{"floor":47.0,"key":"EntropicBrew"}],"is_trial":false,"path_per_floor":["M","?","?","T","M","R","E","R","T","R","M","M","E","M","R","B",null,"M","M","?","$","M","E","R","$","T","R","E","?","M","M","R","B",null,"M","$","M","$","M","R","E","R","T","M","R","$","?","$","R","B","B",null,"R","$","E"],"character_chosen":"THE_SILENT","items_purchased":["Accuracy","Choke","MealTicket"],"campfire_rested":6,"item_purchase_floors":[21,25,36],"current_hp_per_floor":[59,48,48,48,48,48,48,48,48,48,48,48,46,44,44,45,61,52,40,40,40,40,20,39,39,39,58,41,41,33,13,32,34,58,55,55,29,44,33,52,25,44,44,39,58,66,66,66,66,52,9,52,62,76,0,0],"gold":20,"neow_bonus":"THREE_ENEMY_KILL","is_daily":false,"chose_seed":false,"campfire_upgraded":1,"win_rate":0.0,"timestamp":1612763787,"path_taken":["M","?","?","?","M","R","E","R","T","R","M","M","E","M","R","BOSS","M","M","?","$","M","E","R","$","T","R","E","?","M","M","R","BOSS","M","$","M","$","M","R","E","R","T","M","R","$","?","?","R","BOSS","BOSS","R","$","E"],"items_purchased_type":["Card","Card","Relic"],"build_version":"2020-12-22","purchased_purges":3,"victory":false,"max_hp_per_floor":[66,66,66,66,66,66,66,66,66,66,66,66,66,66,66,66,66,66,66,66,66,66,66,66,66,66,66,66,66,66,66,66,66,66,66,66,66,66,66,66,66,66,66,66,66,66,66,66,66,66,66,66,76,76,76,76],"card_choices":[{"not_picked":["Dodge and Roll","Eviscerate"],"picked":"Cloak And Dagger","floor":1.0},{"not_picked":["Poisoned Stab","Bane"],"picked":"Deflect","floor":5.0},{"not_picked":["PiercingWail","Choke"],"picked":"After Image","floor":7.0},{"not_picked":["Dagger Throw","Dodge and Roll"],"picked":"Infinite Blades","floor":11.0},{"not_picked":["Underhanded Strike","Distraction"],"picked":"Endless Agony","floor":12.0},{"not_picked":["Acrobatics","Calculated Gamble","Reflex"],"picked":"SKIP","floor":13.0},{"not_picked":["Eviscerate","Cloak And Dagger"],"picked":"Blade Dance","floor":14.0},{"not_picked":["Malaise","Die Die Die"],"picked":"Phantasmal Killer","floor":16.0},{"not_picked":["Cloak And Dagger","Underhanded Strike"],"picked":"Blade Dance","floor":18.0},{"not_picked":["Acrobatics","Well Laid Plans"],"picked":"Blade Dance+1","floor":19.0},{"not_picked":["Deflect","Dodge and Roll","Concentrate"],"picked":"SKIP","floor":22.0},{"not_picked":["Tools of the Trade","Sucker Punch"],"picked":"Slice","floor":23.0},{"not_picked":["Poisoned Stab","Deflect"],"picked":"Doppelganger","floor":28.0},{"not_picked":["Flying Knee+1","Acrobatics"],"picked":"Accuracy","floor":30.0},{"not_picked":["Dagger Spray","Acrobatics+1"],"picked":"Blade Dance","floor":31.0},{"not_picked":["Doppelganger","Phantasmal Killer"],"picked":"Corpse Explosion","floor":33.0},{"not_picked":["Bane","Backflip+1"],"picked":"Deflect","floor":35.0},{"not_picked":["Leg Sweep+1","Underhanded Strike","Noxious Fumes"],"picked":"SKIP","floor":37.0},{"not_picked":["Blade Dance","Underhanded Strike"],"picked":"Finisher","floor":39.0},{"not_picked":["Deadly Poison","Sucker Punch"],"picked":"Adrenaline","floor":41.0},{"not_picked":["Deadly Poison+1","Flying Knee+1"],"picked":"Blur+1","floor":44.0}],"player_experience":378086,"relics_obtained":[{"floor":4.0,"key":"Pantograph"},{"floor":6.0,"key":"StoneCalendar"},{"floor":7.0,"key":"Kunai"},{"floor":10.0,"key":"Whetstone"},{"floor":13.0,"key":"WingedGreaves"},{"floor":23.0,"key":"Tiny Chest"},{"floor":26.0,"key":"Art of War"},{"floor":28.0,"key":"Snake Skull"},{"floor":41.0,"key":"Vajra"},{"floor":43.0,"key":"Smiling Mask"},{"floor":49.0,"key":"Lantern"},{"floor":53.0,"key":"Pear"}],"event_choices":[{"damage_healed":0.0,"max_hp_gain":0.0,"max_hp_loss":0.0,"gold_gain":0.0,"event_name":"Scrap Ooze","player_choice":"Success","floor":2.0,"gold_loss":0.0,"damage_taken":11.0,"relics_obtained":["Shovel"]},{"damage_healed":0.0,"max_hp_gain":0.0,"max_hp_loss":0.0,"gold_gain":0.0,"cards_transformed":["Strike_G"],"event_name":"Living Wall","player_choice":"Change","floor":3.0,"gold_loss":0.0,"damage_taken":0.0,"cards_obtained":["Adrenaline"]},{"damage_healed":0.0,"max_hp_gain":0.0,"max_hp_loss":0.0,"gold_gain":0.0,"event_name":"The Library","player_choice":"Read","floor":20.0,"gold_loss":0.0,"damage_taken":0.0,"cards_obtained":["Accuracy"]},{"damage_healed":0.0,"max_hp_gain":0.0,"max_hp_loss":0.0,"gold_gain":0.0,"event_name":"Vampires","player_choice":"Ignored","floor":29.0,"gold_loss":0.0,"damage_taken":0.0},{"damage_healed":0.0,"max_hp_gain":0.0,"max_hp_loss":0.0,"gold_gain":0.0,"event_name":"The Woman in Blue","player_choice":"Bought 2 Potions","floor":47.0,"gold_loss":0.0,"damage_taken":0.0}],"is_beta":false,"boss_relics":[{"not_picked":["Runic Pyramid","Runic Dome"],"picked":"SlaversCollar"},{"not_picked":["SacredBark","Ring of the Serpent"],"picked":"WristBlade"}],"items_purged_floors":[21,38,46],"is_endless":false,"potions_floor_spawned":[12,13,14,16,18,22,31,33,35],"killed_by":"Shield and Spear","ascension_level":20}}