{"host":"at0t1xvvdwuey7rt","time":1612816153,"event":{"mods":["BaseMod","Downfall","Minty Spire (QoL Compilation)","StSLib"],"gold_per_floor":[110,129,129,146,164,164,164,164,218,233,251,19,19,39,39,137,137,148,148,248,268,284,284,298,298,298,309,309,7,35,35,35,35,35],"floor_reached":33,"language":"ENG","playtime":2511,"items_purged":[],"score":259,"play_id":"42880ffa-e7b6-4b2a-a607-673981d4da8c","local_time":"20210208142913","is_ascension_mode":false,"campfire_choices":[{"data":"LikeWater","floor":6.0,"key":"SMITH"},{"floor":8.0,"key":"REST"},{"data":"Study","floor":15.0,"key":"SMITH"},{"floor":23.0,"key":"REST"},{"floor":25.0,"key":"REST"},{"floor":28.0,"key":"REST"},{"floor":32,"key":"REST"}],"circlet_count":0,"master_deck":["Strike_P","Strike_P","Strike_P","Strike_P","Defend_P+1","Defend_P","Defend_P","Eruption+1","Vigilance+1","Protect","EmptyFist","TalkToTheHand","LikeWater+1","FlyingSleeves","Sanctity","ConjureBlade","Conclude","Crescendo","Study+1","EmptyFist","Blasphemy+1","InnerPeace+1","JustLucky+1","Perseverance","Wallop","FlyingSleeves","Collect","Writhe"],"relics":["PureWater","Juzu Bracelet","Philosopher\u0027s Stone","MutagenicStrength","Pen Nib","PreservedInsect","ClockworkSouvenir","War Paint","Tiny Chest"],"acts_visited":["Exordium","TheCity"],"potions_floor_usage":[30,33],"damage_taken":[{"damage":0.0,"enemies":"Jaw Worm","floor":1.0,"turns":3.0},{"damage":0.0,"enemies":"Small Slimes","floor":2.0,"turns":6.0},{"damage":0.0,"enemies":"Cultist","floor":4.0,"turns":3.0},{"damage":9.0,"enemies":"2 Fungi Beasts","floor":5.0,"turns":4.0},{"damage":0.0,"enemies":"Exordium Thugs","floor":10.0,"turns":7.0},{"damage":1.0,"enemies":"Exordium Wildlife","floor":11.0,"turns":4.0},{"damage":8.0,"enemies":"2 Fungi Beasts","floor":14.0,"turns":4.0},{"damage":21.0,"enemies":"Hexaghost","floor":16.0,"turns":11.0},{"damage":0.0,"enemies":"Chosen","floor":18.0,"turns":3.0},{"damage":33.0,"enemies":"3 Byrds","floor":21.0,"turns":5.0},{"damage":18.0,"enemies":"Sentry and Sphere","floor":22.0,"turns":5.0},{"damage":33.0,"enemies":"Cultist and Chosen","floor":24.0,"turns":8.0},{"damage":3.0,"enemies":"Shelled Parasite and Fungi","floor":27.0,"turns":5.0},{"damage":10,"enemies":"Gremlin Leader","floor":30,"turns":4},{"damage":182,"enemies":"Collector","floor":33,"turns":7}],"seed_played":"4059206756106129615","potions_obtained":[{"floor":2.0,"key":"SteroidPotion"},{"floor":5.0,"key":"ColorlessPotion"},{"floor":11.0,"key":"BlessingOfTheForge"},{"floor":18.0,"key":"FearPotion"},{"floor":22.0,"key":"FairyPotion"},{"floor":24.0,"key":"Weak Potion"},{"floor":27.0,"key":"FearPotion"},{"floor":30,"key":"Fruit Juice"}],"is_trial":false,"path_per_floor":["M","M","?","M","M","R","?","R","T","M","M","$","?","M","R","B",null,"M","?","?","M","M","R","M","R","T","M","R","$","E","?","R","B"],"character_chosen":"WATCHER","items_purchased":["ConjureBlade","Conclude","Crescendo","PreservedInsect","ClockworkSouvenir"],"campfire_rested":5,"item_purchase_floors":[12,12,12,29,29],"current_hp_per_floor":[79,79,79,79,70,70,54,77,77,77,76,76,76,68,68,47,79,79,79,79,46,28,51,18,41,41,38,61,61,56,56,81,0,0],"gold":35,"neow_bonus":"TEN_PERCENT_HP_BONUS","is_daily":false,"chose_seed":false,"campfire_upgraded":2,"win_rate":0.0,"timestamp":1612816153,"path_taken":["M","M","?","M","M","R","?","R","T","M","M","$","?","M","R","BOSS","M","?","?","M","M","R","M","R","T","M","R","$","E","?","R","BOSS"],"items_purchased_type":["Card","Card","Card","Relic","Relic"],"build_version":"2020-12-22","purchased_purges":0,"victory":false,"max_hp_per_floor":[79,79,79,79,79,79,79,79,79,79,79,79,79,79,79,79,79,79,79,79,79,79,79,79,79,79,79,79,79,84,84,84,84,84],"card_choices":[{"not_picked":["FollowUp","PathToVictory"],"picked":"Protect","floor":1.0},{"not_picked":["FlurryOfBlows","Prostrate"],"picked":"EmptyFist","floor":2.0},{"not_picked":["Pray","Halt"],"picked":"TalkToTheHand","floor":4.0},{"not_picked":["WreathOfFlame","Protect"],"picked":"LikeWater","floor":5.0},{"not_picked":["PathToVictory","Evaluate"],"picked":"FlyingSleeves","floor":10.0},{"not_picked":["ThirdEye","InnerPeace"],"picked":"Sanctity","floor":11.0},{"not_picked":["EmptyMind","FlyingSleeves"],"picked":"EmptyFist","floor":14.0},{"not_picked":["Omniscience","Establishment"],"picked":"Blasphemy","floor":16.0},{"not_picked":["Protect","Prostrate"],"picked":"InnerPeace+1","floor":18.0},{"not_picked":["Nirvana","FollowUp"],"picked":"JustLucky+1","floor":21.0},{"not_picked":["CutThroughFate","Weave"],"picked":"Perseverance","floor":22.0},{"not_picked":["SignatureMove","InnerPeace"],"picked":"Wallop","floor":24.0},{"not_picked":["Sanctity","Evaluate"],"picked":"FlyingSleeves","floor":27.0},{"not_picked":["Consecrate","ClearTheMind"],"picked":"Collect","floor":30}],"player_experience":132004,"relics_obtained":[{"floor":9.0,"key":"Juzu Bracelet"},{"floor":26.0,"key":"Pen Nib"},{"floor":30,"key":"War Paint"}],"event_choices":[{"damage_healed":0.0,"max_hp_gain":0.0,"max_hp_loss":0.0,"gold_gain":0.0,"event_name":"The Cleric","player_choice":"Leave","floor":3.0,"gold_loss":0.0,"damage_taken":0.0},{"damage_healed":0.0,"max_hp_gain":0.0,"max_hp_loss":0.0,"gold_gain":0.0,"event_name":"Shining Light","player_choice":"Entered Light","floor":7.0,"gold_loss":0.0,"damage_taken":16.0,"cards_upgraded":["Vigilance","Eruption"]},{"damage_healed":0.0,"max_hp_gain":0.0,"max_hp_loss":0.0,"gold_gain":0.0,"cards_transformed":["Defend_P"],"event_name":"Transmorgrifier","player_choice":"Transformed","floor":13.0,"gold_loss":0.0,"damage_taken":0.0,"cards_obtained":["Study"]},{"damage_healed":0.0,"max_hp_gain":0.0,"max_hp_loss":0.0,"gold_gain":0.0,"event_name":"Drug Dealer","player_choice":"Inject Mutagens","floor":19.0,"gold_loss":0.0,"damage_taken":0.0,"relics_obtained":["MutagenicStrength"]},{"damage_healed":0.0,"max_hp_gain":0.0,"max_hp_loss":0.0,"gold_gain":100.0,"event_name":"Golden Shrine","player_choice":"Pray","floor":20.0,"gold_loss":0.0,"damage_taken":0.0},{"damage_healed":0,"gold_gain":0,"player_choice":"Opened","damage_taken":0,"relics_obtained":["Tiny Chest"],"max_hp_gain":0,"max_hp_loss":0,"event_name":"The Mausoleum","floor":31,"gold_loss":0,"cards_obtained":["Writhe"]}],"is_beta":false,"boss_relics":[{"not_picked":["bronze:MakeshiftBattery","HolyWater"],"picked":"Philosopher\u0027s Stone"}],"items_purged_floors":[],"is_endless":false,"potions_floor_spawned":[2,5,11,18,22,24,27,30],"killed_by":"Collector","ascension_level":0}}