{"host":"ek3xvuouaw6vk9if","time":1612804630,"event":{"mods":["AchievementEnabler","BaseMod","Beaked The Cultist","Better Third Choice","BetterRewards","Curses Come First","Dark Map","Hubris","Minty Spire (QoL Compilation)","Permanent Neow","Quick Restart","Relic Stats","Replay The Spire","Spire Arcade","StSLib","The Bladedancer"],"gold_per_floor":[114,129,146,166,66,92,92,110,110,110,121,136,165,176,176,279,279,299,214,65,65,83,83,83,83],"floor_reached":24,"language":"ENG","playtime":1400,"items_purged":[],"score":210,"play_id":"a6d12f18-4aea-41c0-b123-3019121f0a9a","local_time":"20210208121710","is_ascension_mode":false,"campfire_choices":[{"data":"beaked:Brace","floor":7,"key":"SMITH"},{"data":"beaked:FeelMyPain","floor":15,"key":"SMITH"},{"data":"beaked:ScreechingChant","floor":23,"key":"SMITH"}],"circlet_count":0,"master_deck":["beaked:Strike_Y","beaked:Strike_Y","beaked:Strike_Y","beaked:Strike_Y","beaked:Strike_Y","beaked:Defend_Y","beaked:Defend_Y","beaked:Defend_Y","beaked:Defend_Y","beaked:Ceremony","beaked:Ceremony","beaked:WarriorEssence","Madness","beaked:Tweet","beaked:Brace+1","beaked:RuinSticks","beaked:Overpower","beaked:Windmill","beaked:Brace","beaked:DesperateSwing","beaked:Windmill","Scorching Beam","Self Repair","beaked:DigDeep","beaked:DesperateSwing","beaked:BloodForTheGods","beaked:FeelMyPain+1","beaked:ScreechingChant+1","beaked:WarriorEssence"],"relics":["beaked:MendingPlumage","hubris:Zylophone","Question Card","ReplayTheSpireMod:Lightbulb","Akabeko","Calipers","Black Star","Onion Ring","Tiny Chest"],"acts_visited":["Exordium","TheCity"],"potions_floor_usage":[4,24],"damage_taken":[{"damage":5,"enemies":"Cultist","floor":1,"turns":4},{"damage":15,"enemies":"Small Slimes","floor":2,"turns":4},{"damage":6,"enemies":"2 Louse","floor":3,"turns":4},{"damage":26,"enemies":"Lots of Slimes","floor":4,"turns":4},{"damage":42,"enemies":"3 Sentries","floor":6,"turns":7},{"damage":9,"enemies":"Blue Slaver","floor":8,"turns":4},{"damage":8,"enemies":"3 Louse","floor":11,"turns":3},{"damage":0,"enemies":"2 Fungi Beasts","floor":12,"turns":3},{"damage":13,"enemies":"Gremlin Nob","floor":13,"turns":4},{"damage":7,"enemies":"Gremlin Gang","floor":14,"turns":3},{"damage":76,"enemies":"Fading Forest","floor":16,"turns":11},{"damage":52,"enemies":"2 Thieves","floor":18,"turns":4},{"damage":17,"enemies":"Chosen","floor":22,"turns":4},{"damage":65,"enemies":"Gremlin Leader","floor":24,"turns":4}],"seed_played":"-4685018372282010131","potions_obtained":[{"floor":3,"key":"Energy Potion"},{"floor":6,"key":"Weak Potion"},{"floor":13,"key":"EssenceOfSteel"},{"floor":16,"key":"Languid Potion"},{"floor":18,"key":"FearPotion"},{"floor":22,"key":"Dexterity Potion"}],"is_trial":false,"path_per_floor":["M","M","M","M","$","E","R","M","T","?","M","M","E","M","R","B",null,"M","?","$","?","M","R","E"],"character_chosen":"BEAKED_THE_CULTIST","items_purchased":["Question Card","beaked:WarriorEssence","Madness","beaked:Windmill","beaked:Brace","Tiny Chest"],"campfire_rested":0,"item_purchase_floors":[0,0,0,5,5,20],"current_hp_per_floor":[47,42,47,34,34,11,11,15,15,15,23,35,41,44,44,37,50,15,15,15,15,20,20,0,0],"gold":83,"neow_bonus":"","is_daily":false,"chose_seed":false,"campfire_upgraded":3,"win_rate":0.0,"timestamp":1612804630,"path_taken":["M","M","M","M","$","E","R","M","T","?","M","M","E","M","R","BOSS","M","?","$","?","?","R","E"],"items_purchased_type":["Relic","Card","Card","Card","Card","Relic"],"build_version":"2020-12-22","purchased_purges":0,"victory":false,"max_hp_per_floor":[50,50,50,50,50,50,50,50,50,50,50,50,50,50,50,50,50,50,50,50,50,50,50,50,50],"relic_stats":{"counters":[65,270],"Tiny Chest":1,"Black Star":0,"Question Card":13,"obtain_stats":[{"blademaster:RandomStancePerk":7,"hubris:CrystalStatue":11,"Calipers":13,"hubris:MysteriousPyramids":27,"Sling":24,"DollysMirror":28,"Sundial":43,"Iron Hammer":36,"blademaster:FinisherDrawCardPerk":42,"blademaster:ComboEveryTurnPerk":6,"blademaster:DextrousPerk":23,"hubris:TinFlute":39,"Pear":32,"hubris:DuctTape":14,"Happy Flower":7,"blademaster:BonusComboPerk":25,"blademaster:StrongPerk":30,"Counterbalance":9,"hubris:SphereOfDissonance":26,"hubris:HollowSoul":17,"Replay:Kaleidoscope":43,"Question Card":0,"Akabeko":40,"hubris:Zylophone":0,"Shuriken":37,"Bronze Scales":13,"hubris:PeanutButter":6,"Onion Ring":19,"Black Star":17,"blademaster:WindChargePerk":41,"Lantern":3,"Enchiridion":21,"Painkiller Herb":34,"Juzu Bracelet":17,"hubris:EmptyBottle":0,"Empty Cage":34,"ClockworkSouvenir":13,"Tiny Chest":21,"Red Mask":22,"hubris:DisguiseKit":17,"blademaster:RandomBladePerk":40,"blademaster:OnAttackedChargePerk":27,"MawBank":25,"Calling Bell":17,"Peace Pipe":17,"Anchor":30,"Pondfish Scales":42,"Ornamental Fan":23,"blademaster:FuryEveryTurnPerk":29,"Turnip":25,"hubris:BundleOfHerbs":29,"blademaster:StanceHealPerk":13,"Art of War":41,"blademaster:DancersAmulet":0,"Bottled Lightning":9,"Membership Card":36,"ReplayTheSpireMod:Lightbulb":0},{"blademaster:RandomStancePerk":28,"hubris:CrystalStatue":30,"Calipers":60,"hubris:MysteriousPyramids":38,"Sling":37,"DollysMirror":15,"Sundial":45,"Iron Hammer":42,"blademaster:FinisherDrawCardPerk":20,"blademaster:ComboEveryTurnPerk":5,"blademaster:DextrousPerk":37,"hubris:TinFlute":18,"Pear":40,"hubris:DuctTape":8,"Happy Flower":28,"blademaster:BonusComboPerk":14,"blademaster:StrongPerk":16,"Counterbalance":6,"hubris:SphereOfDissonance":14,"hubris:HollowSoul":10,"Replay:Kaleidoscope":20,"Question Card":51,"Akabeko":19,"hubris:Zylophone":51,"Shuriken":42,"Bronze Scales":31,"hubris:PeanutButter":5,"Onion Ring":63,"Black Star":62,"blademaster:WindChargePerk":44,"Lantern":25,"Enchiridion":12,"Painkiller Herb":41,"Juzu Bracelet":33,"hubris:EmptyBottle":23,"Empty Cage":17,"ClockworkSouvenir":8,"Tiny Chest":35,"Red Mask":13,"hubris:DisguiseKit":33,"blademaster:RandomBladePerk":19,"blademaster:OnAttackedChargePerk":38,"MawBank":37,"Calling Bell":33,"Peace Pipe":33,"Anchor":16,"Pondfish Scales":20,"Ornamental Fan":37,"blademaster:FuryEveryTurnPerk":40,"Turnip":14,"hubris:BundleOfHerbs":40,"blademaster:StanceHealPerk":31,"Art of War":44,"blademaster:DancersAmulet":0,"Bottled Lightning":28,"Membership Card":42,"ReplayTheSpireMod:Lightbulb":23},{"blademaster:RandomStancePerk":129,"hubris:CrystalStatue":136,"Calipers":244,"hubris:MysteriousPyramids":168,"Sling":165,"DollysMirror":74,"Sundial":191,"Iron Hammer":183,"blademaster:FinisherDrawCardPerk":100,"blademaster:ComboEveryTurnPerk":21,"blademaster:DextrousPerk":165,"hubris:TinFlute":90,"Pear":174,"hubris:DuctTape":32,"Happy Flower":129,"blademaster:BonusComboPerk":69,"blademaster:StrongPerk":80,"Counterbalance":26,"hubris:SphereOfDissonance":69,"hubris:HollowSoul":47,"Replay:Kaleidoscope":100,"Question Card":207,"Akabeko":95,"hubris:Zylophone":207,"Shuriken":183,"Bronze Scales":140,"hubris:PeanutButter":21,"Onion Ring":262,"Black Star":258,"blademaster:WindChargePerk":187,"Lantern":122,"Enchiridion":55,"Painkiller Herb":180,"Juzu Bracelet":153,"hubris:EmptyBottle":115,"Empty Cage":87,"ClockworkSouvenir":32,"Tiny Chest":158,"Red Mask":60,"hubris:DisguiseKit":153,"blademaster:RandomBladePerk":95,"blademaster:OnAttackedChargePerk":168,"MawBank":165,"Calling Bell":153,"Peace Pipe":153,"Anchor":80,"Pondfish Scales":100,"Ornamental Fan":165,"blademaster:FuryEveryTurnPerk":174,"Turnip":69,"hubris:BundleOfHerbs":174,"blademaster:StanceHealPerk":140,"Art of War":187,"blademaster:DancersAmulet":0,"Bottled Lightning":129,"Membership Card":183,"ReplayTheSpireMod:Lightbulb":115}]},"card_choices":[{"not_picked":["beaked:BraceForImpact","beaked:Tradeoff","beaked:Insight"],"picked":"beaked:Tweet","floor":1},{"not_picked":["beaked:Redirect","beaked:Roost","beaked:Negation"],"picked":"beaked:Brace","floor":2},{"not_picked":["beaked:DigDeeper","beaked:Pecker","beaked:TuckingFeathers"],"picked":"beaked:RuinSticks","floor":3},{"not_picked":["beaked:RitualOfBody","beaked:Replenish","beaked:SacrificialScars"],"picked":"beaked:Overpower","floor":4},{"not_picked":["ReplayTheSpireMod:Wings of Steel","beaked:Tweet","beaked:DigDeeper"],"picked":"beaked:DesperateSwing","floor":6},{"not_picked":["beaked:RitualOfBody","beaked:FeelMyPain","beaked:Devastation"],"picked":"beaked:Windmill","floor":8},{"not_picked":["beaked:TuckingFeathers","beaked:Flinch","beaked:Redirect"],"picked":"beaked:DigDeep","floor":11},{"not_picked":["beaked:BraceForImpact","beaked:Mantra","beaked:CheekyTricks"],"picked":"beaked:DesperateSwing","floor":12},{"not_picked":["beaked:Resilience","beaked:WindBringer","beaked:VolatileMisfortune"],"picked":"beaked:BloodForTheGods","floor":13},{"not_picked":["beaked:Flinch","beaked:Tradeoff","beaked:HuntressEssence"],"picked":"beaked:FeelMyPain","floor":14},{"not_picked":["beaked:SacrificialScars","beaked:FakeOut","beaked:LiftOff"],"picked":"beaked:ScreechingChant","floor":16},{"not_picked":["beaked:Mantra","beaked:Evade","ReplayTheSpireMod:Wings of Steel"],"picked":"beaked:WarriorEssence","floor":18},{"not_picked":["beaked:RitualOfBody","beaked:BarbedWire","beaked:Windmill","beaked:FeelMyPain"],"picked":"SKIP","floor":22},{"not_picked":["beaked:RitualOfBody","beaked:BarbedWire","beaked:Windmill","beaked:FeelMyPain"],"picked":"SKIP","floor":22}],"player_experience":542422,"relics_obtained":[{"floor":6,"key":"ReplayTheSpireMod:Lightbulb"},{"floor":9,"key":"Akabeko"},{"floor":13,"key":"Calipers"}],"event_choices":[{"damage_healed":0,"gold_gain":0,"player_choice":"Obtained Relic","damage_taken":0,"relics_obtained":["Onion Ring"],"max_hp_gain":0,"max_hp_loss":0,"event_name":"Addict","floor":19,"gold_loss":85},{"cards_removed":["beaked:Strike_Y"],"damage_healed":0,"gold_gain":0,"player_choice":"Purged","damage_taken":0,"max_hp_gain":0,"max_hp_loss":0,"event_name":"Purifier","floor":21,"gold_loss":0}],"is_beta":false,"boss_relics":[{"not_picked":["Philosopher\u0027s Stone","hubris:TerracottaHorce"],"picked":"Black Star"}],"items_purged_floors":[],"is_endless":false,"potions_floor_spawned":[3,6,13,16,18,22],"killed_by":"Gremlin Leader","ascension_level":0}}