{"host":"edndssuekvzbh3is","time":1612766127,"event":{"mods":["BaseMod","Colored Map","Colored Powertips","Minty Spire (QoL Compilation)","SuperFastMode"],"gold_per_floor":[209,221,15,26,41,41,141,159,209,241,241,91,110,143,143,241,241,253,269,269,269,283,283,293,15,87,87,101,101,128,147,147,246,246,256,274,274,24,24,24,51,71,71,71,21,21,21,34,34,34,34,34,34,63,63,63],"floor_reached":55,"language":"ENG","playtime":2347,"items_purged":["Strike_G","Writhe"],"score":804,"play_id":"cb85909c-6e8e-4654-b108-880f63f56bae","local_time":"20210208013527","is_ascension_mode":true,"campfire_choices":[{"data":"Sucker Punch","floor":6,"key":"SMITH"},{"data":"Adrenaline","floor":11,"key":"SMITH"},{"data":"Blade Dance","floor":15,"key":"SMITH"},{"floor":23,"key":"REST"},{"data":"Footwork","floor":27,"key":"SMITH"},{"floor":29,"key":"REST"},{"floor":32,"key":"REST"},{"floor":40,"key":"REST"},{"floor":46,"key":"RECALL"},{"data":"After Image","floor":49,"key":"SMITH"},{"data":"Blade Dance","floor":52,"key":"SMITH"}],"circlet_count":0,"master_deck":["Strike_G","Strike_G","Strike_G","Strike_G","Defend_G","Defend_G","Defend_G","Defend_G+1","Survivor","Neutralize","Sucker Punch+1","Dash","Deflect","Dodge and Roll","Dash","Dagger Throw","Adrenaline+1","Blade Dance+1","Storm of Steel+1","CurseOfTheBell","Terror","Backflip","PiercingWail","Blade Dance+1","Footwork+1","Cloak And Dagger","Prepared+1","After Image+1","Deflect+1","Backflip+1","Cloak And Dagger","Infinite Blades","Dodge and Roll","Dash","Phantasmal Killer"],"relics":["Ring of the Snake","Sling","Strawberry","Kunai","Lee\u0027s Waffle","Smiling Mask","Calling Bell","Nunchaku","Darkstone Periapt","Lizard Tail","Nilry\u0027s Codex","Meat on the Bone","Bottled Lightning","War Paint","Cursed Key","Oddly Smooth Stone","White Beast Statue","Du-Vu Doll"],"acts_visited":["Exordium","TheCity","TheBeyond","TheEnding"],"potions_floor_usage":[10,10,14,14,14,14,16,22,24,33,50,54,55,55],"damage_taken":[{"damage":4,"enemies":"Small Slimes","floor":1,"turns":4},{"damage":0,"enemies":"Cultist","floor":2,"turns":4},{"damage":0,"enemies":"2 Louse","floor":4,"turns":3},{"damage":0,"enemies":"Blue Slaver","floor":5,"turns":7},{"damage":20,"enemies":"Exordium Thugs","floor":8,"turns":8},{"damage":2,"enemies":"Gremlin Nob","floor":10,"turns":4},{"damage":1,"enemies":"Large Slime","floor":13,"turns":9},{"damage":1,"enemies":"Lagavulin","floor":14,"turns":6},{"damage":54,"enemies":"Slime Boss","floor":16,"turns":19},{"damage":0,"enemies":"3 Byrds","floor":18,"turns":8},{"damage":2,"enemies":"Chosen","floor":19,"turns":3},{"damage":26,"enemies":"Snecko","floor":22,"turns":6},{"damage":17,"enemies":"Shelled Parasite and Fungi","floor":24,"turns":5},{"damage":18,"enemies":"Cultist and Chosen","floor":28,"turns":11},{"damage":3,"enemies":"Book of Stabbing","floor":30,"turns":7},{"damage":28,"enemies":"Sentry and Sphere","floor":31,"turns":10},{"damage":91,"enemies":"Automaton","floor":33,"turns":22},{"damage":63,"enemies":"3 Shapes","floor":35,"turns":6},{"damage":36,"enemies":"3 Darklings","floor":36,"turns":8},{"damage":4,"enemies":"Reptomancer","floor":41,"turns":8},{"damage":23,"enemies":"4 Shapes","floor":42,"turns":7},{"damage":1,"enemies":"Jaw Worm Horde","floor":48,"turns":7},{"damage":42,"enemies":"Awakened One","floor":50,"turns":21},{"damage":25,"enemies":"Shield and Spear","floor":54,"turns":14},{"damage":58,"enemies":"The Heart","floor":55,"turns":8}],"seed_played":"-5786462645735320056","potions_obtained":[{"floor":2,"key":"CultistPotion"},{"floor":4,"key":"EntropicBrew"},{"floor":5,"key":"Poison Potion"},{"floor":13,"key":"SpeedPotion"},{"floor":16,"key":"AttackPotion"},{"floor":19,"key":"Fruit Juice"},{"floor":22,"key":"BlessingOfTheForge"},{"floor":30,"key":"Swift Potion"},{"floor":33,"key":"BlessingOfTheForge"},{"floor":36,"key":"Ancient Potion"},{"floor":42,"key":"Energy Potion"},{"floor":54,"key":"SkillPotion"}],"is_trial":false,"path_per_floor":["M","M","$","M","M","R","?","M","T","E","R","$","M","E","R","B",null,"M","M","?","?","M","R","M","$","T","R","M","R","E","M","R","B",null,"M","M","?","$","?","R","E","M","T","?","$","R","?","M","R","B",null,"R","$","E","B"],"character_chosen":"THE_SILENT","items_purchased":["Sling","Deflect","Lee\u0027s Waffle","Footwork","Meat on the Bone","Oddly Smooth Stone","Cloak And Dagger"],"campfire_rested":4,"item_purchase_floors":[3,3,12,25,25,38,38],"current_hp_per_floor":[66,66,66,66,66,66,66,46,53,51,51,84,83,82,82,28,84,84,82,66,50,29,57,40,40,40,40,34,62,59,43,71,59,94,43,19,19,19,19,47,55,44,50,87,87,87,83,82,82,52,83,83,83,58,0,0],"gold":63,"neow_bonus":"HUNDRED_GOLD","is_daily":false,"chose_seed":false,"campfire_upgraded":6,"win_rate":0.0,"timestamp":1612766127,"path_taken":["M","M","$","M","M","R","?","M","T","E","R","?","M","E","R","BOSS","M","M","?","?","M","R","M","$","T","R","?","R","E","M","R","BOSS","M","M","?","$","?","R","E","M","T","?","?","R","?","M","R","BOSS","R","$","E","BOSS"],"items_purchased_type":["Relic","Card","Relic","Card","Relic","Relic","Card"],"build_version":"2020-12-22","purchased_purges":2,"victory":false,"max_hp_per_floor":[70,70,70,70,70,70,70,70,77,77,77,84,84,84,84,84,84,84,84,89,89,94,94,94,94,94,94,94,94,94,94,94,94,94,94,94,94,94,94,94,94,94,100,87,87,87,83,83,83,83,83,83,83,83,83,83],"card_choices":[{"not_picked":["Underhanded Strike","Concentrate"],"picked":"Sucker Punch","floor":1},{"not_picked":["Underhanded Strike","Slice"],"picked":"Dash","floor":2},{"not_picked":["Underhanded Strike","Dagger Throw"],"picked":"Dodge and Roll","floor":4},{"not_picked":["Slice","Backflip"],"picked":"Dash","floor":5},{"not_picked":["Backflip","Flying Knee"],"picked":"Dagger Throw","floor":8},{"not_picked":["Night Terror","Calculated Gamble"],"picked":"Adrenaline","floor":10},{"not_picked":["Bane","Prepared"],"picked":"Blade Dance","floor":13},{"not_picked":["Bane","Flying Knee","Acrobatics"],"picked":"SKIP","floor":14},{"not_picked":["Wraith Form v2","Glass Knife"],"picked":"Storm of Steel","floor":16},{"not_picked":["Flying Knee","Concentrate+1"],"picked":"Terror","floor":18},{"not_picked":["Bouncing Flask","Dagger Throw"],"picked":"Backflip","floor":19},{"not_picked":["Quick Slash","Dodge and Roll"],"picked":"PiercingWail","floor":22},{"not_picked":["Choke","Bane"],"picked":"Blade Dance","floor":24},{"not_picked":["Backflip","Glass Knife"],"picked":"Cloak And Dagger","floor":28},{"not_picked":["Backflip","Bane"],"picked":"Prepared+1","floor":30},{"not_picked":["Slice","Poisoned Stab","Deadly Poison+1"],"picked":"SKIP","floor":31},{"not_picked":["Envenom","Doppelganger"],"picked":"After Image","floor":33},{"not_picked":["Expertise+1","Sucker Punch"],"picked":"Deflect+1","floor":35},{"not_picked":["Poisoned Stab","Dagger Throw+1"],"picked":"Backflip+1","floor":36},{"not_picked":["Bane+1","Reflex+1"],"picked":"Infinite Blades","floor":41},{"not_picked":["Escape Plan","Deadly Poison"],"picked":"Dodge and Roll","floor":42},{"not_picked":["Dagger Spray+1","Underhanded Strike+1"],"picked":"Dash","floor":48},{"not_picked":["Sucker Punch+1","Eviscerate+1"],"picked":"Phantasmal Killer","floor":54}],"player_experience":358901,"relics_obtained":[{"floor":9,"key":"Strawberry"},{"floor":10,"key":"Kunai"},{"floor":14,"key":"Smiling Mask"},{"floor":17,"key":"Nunchaku"},{"floor":17,"key":"Darkstone Periapt"},{"floor":17,"key":"Lizard Tail"},{"floor":21,"key":"Nilry\u0027s Codex"},{"floor":26,"key":"Bottled Lightning"},{"floor":30,"key":"War Paint"},{"floor":41,"key":"White Beast Statue"},{"floor":54,"key":"Du-Vu Doll"}],"event_choices":[{"damage_healed":0,"gold_gain":100,"player_choice":"Pray","damage_taken":0,"max_hp_gain":0,"max_hp_loss":0,"event_name":"Golden Shrine","floor":7,"gold_loss":0},{"damage_healed":0,"gold_gain":0,"player_choice":"Shed Blood","damage_taken":21,"max_hp_gain":5,"max_hp_loss":0,"event_name":"Forgotten Altar","floor":20,"gold_loss":0},{"damage_healed":0,"gold_gain":0,"player_choice":"Obtained Book","damage_taken":16,"max_hp_gain":0,"max_hp_loss":0,"event_name":"Cursed Tome","floor":21,"gold_loss":0},{"damage_healed":0,"gold_gain":0,"player_choice":"Ignored","damage_taken":0,"max_hp_gain":0,"max_hp_loss":0,"event_name":"Tomb of Lord Red Mask","floor":37,"gold_loss":0},{"cards_removed":["Defend_G"],"damage_healed":0,"gold_gain":0,"player_choice":"Removed Skill","damage_taken":0,"max_hp_gain":0,"max_hp_loss":0,"event_name":"Falling","floor":39,"gold_loss":0},{"damage_healed":87,"gold_gain":0,"player_choice":"Heal","damage_taken":0,"max_hp_gain":0,"max_hp_loss":13,"event_name":"The Moai Head","floor":44,"gold_loss":0},{"damage_healed":0,"gold_gain":0,"player_choice":"Max HP","damage_taken":0,"max_hp_gain":0,"max_hp_loss":4,"event_name":"Winding Halls","floor":47,"gold_loss":0}],"is_beta":false,"boss_relics":[{"not_picked":["Sozu","Fusion Hammer"],"picked":"Calling Bell"},{"not_picked":["Coffee Dripper","Busted Crown"],"picked":"Cursed Key"}],"items_purged_floors":[38,45],"is_endless":false,"potions_floor_spawned":[2,4,5,13,16,19,22,30,33,36,42,48,54],"killed_by":"The Heart","ascension_level":3}}