{"host":"okvf2hy7r209l3k2","time":1612816962,"event":{"mods":["BaseMod","Block Reminder","Colored Map","Colored Powertips","Downfall","Hermit","Highlight Path","Minty Spire (QoL Compilation)","Permanent Neow","Quick Restart","StSLib","The Cursed","The Hierophant"],"gold_per_floor":[367,382,5,80,99,99,99,99,99,99,110,36,55,55,55,175,175,191,1,15,15,15,53,77,77,77,77,95,95,95,95],"floor_reached":30,"language":"ENG","playtime":1789,"items_purged":["hermit:Strike_Hermit"],"score":263,"play_id":"3513766b-43cf-4a95-9d2e-feca4148950c","local_time":"20210208114242","is_ascension_mode":false,"campfire_choices":[{"data":"hermit:GhostlyPresence","floor":6,"key":"SMITH"},{"data":"hermit:Ricochet","floor":8,"key":"SMITH"},{"data":"hermit:Snapshot","floor":10,"key":"SMITH"},{"data":"hermit:Covet","floor":15,"key":"SMITH"},{"data":"hermit:CursedWeapon","floor":25,"key":"SMITH"},{"data":"hermit:HeroicBravado","floor":27,"key":"SMITH"}],"circlet_count":0,"master_deck":["hermit:Strike_Hermit","hermit:Strike_Hermit","hermit:Defend_Hermit","hermit:Defend_Hermit","hermit:Defend_Hermit","hermit:Snapshot+1","hermit:Covet+1","Injury","hermit:Dive","hermit:Ricochet+1","hermit:Enervate","hermit:TakeAim+1","hermit:Headshot","hermit:Snipe","hermit:GhostlyPresence+1","Injury","hermit:HeroicBravado+1","hermit:TakeCover+1","hermit:Ricochet","downfall:Bewildered","hermit:CursedWeapon+1","hermit:GhostlyPresence+1","hermit:Snipe+1","hermit:Adapt","hermit:Manifest"],"relics":["hermit:Momento","Membership Card","Akabeko","Pear","Bronze Scales","Golden Idol","Coffee Dripper","StoneCalendar","sneckomod:BabySnecko","Art of War","Gremlin Horn"],"acts_visited":["Exordium","TheCity"],"potions_floor_usage":[16,23,24,28,30],"damage_taken":[{"damage":1,"enemies":"Jaw Worm","floor":1,"turns":4},{"damage":4,"enemies":"2 Louse","floor":2,"turns":4},{"damage":0,"enemies":"Small Slimes","floor":5,"turns":3},{"damage":7,"enemies":"Blue Slaver","floor":11,"turns":2},{"damage":6,"enemies":"Lots of Slimes","floor":13,"turns":3},{"damage":47,"enemies":"The Guardian","floor":16,"turns":11},{"damage":2,"enemies":"Chosen","floor":18,"turns":3},{"damage":11,"enemies":"2 Thieves","floor":20,"turns":4},{"damage":27,"enemies":"Book of Stabbing","floor":23,"turns":5},{"damage":20,"enemies":"Snake Plant","floor":24,"turns":3},{"damage":5,"enemies":"Shelled Parasite and Fungi","floor":28,"turns":5},{"damage":18,"enemies":"Slavers","floor":30,"turns":3}],"seed_played":"5880216973000617180","potions_obtained":[{"floor":2,"key":"hexamod:SoulburnPotion"},{"floor":13,"key":"hermit:Tonic"},{"floor":16,"key":"Fruit Juice"},{"floor":18,"key":"AttackPotion"},{"floor":24,"key":"PowerPotion"}],"is_trial":false,"path_per_floor":["M","M","$","?","M","R","?","R","T","R","M","$","M","?","R","B",null,"M","$","M","$","?","E","M","R","T","R","M","?","E"],"character_chosen":"HERMIT","items_purchased":["hermit:Enervate","Membership Card","hermit:TakeAim","hermit:Headshot","Akabeko","hermit:Snipe","Bronze Scales","StoneCalendar"],"campfire_rested":0,"item_purchase_floors":[3,3,3,3,3,3,12,19],"current_hp_per_floor":[74,70,70,59,59,59,59,59,69,69,62,62,56,56,56,14,90,88,88,77,77,77,50,30,30,30,30,25,25,7,7],"gold":95,"neow_bonus":"TWO_FIFTY_GOLD","is_daily":false,"chose_seed":false,"campfire_upgraded":6,"win_rate":0.0,"timestamp":1612816962,"path_taken":["M","M","$","?","M","R","?","R","T","R","M","$","M","?","R","BOSS","M","$","M","$","?","E","M","R","T","R","M","?","E"],"items_purchased_type":["Card","Relic","Card","Card","Relic","Card","Relic","Relic"],"build_version":"2020-12-22","purchased_purges":1,"victory":false,"max_hp_per_floor":[75,75,75,75,75,75,75,75,85,85,85,85,85,85,85,90,90,90,90,90,90,90,90,90,90,90,90,90,90,90,90],"card_choices":[{"not_picked":["hermit:Snipe","hermit:Quickdraw"],"picked":"hermit:Dive","floor":1},{"not_picked":["hermit:Horror","hermit:Coalescence"],"picked":"hermit:Ricochet","floor":2},{"not_picked":["hermit:Vantage","hermit:Shortfuse"],"picked":"hermit:GhostlyPresence","floor":5},{"not_picked":["hermit:Showdown","hermit:SprayPray","hermit:Snipe"],"picked":"SKIP","floor":11},{"not_picked":["hermit:Quickdraw","hermit:HighCaliber","hermit:Misfire"],"picked":"SKIP","floor":13},{"not_picked":["hermit:EternalForm","hermit:OverwhelmingPower"],"picked":"hermit:HeroicBravado","floor":16},{"not_picked":["hermit:Quickdraw","hermit:Desperado"],"picked":"hermit:TakeCover+1","floor":18},{"not_picked":["hermit:Snipe","hermit:CalledShot"],"picked":"hermit:Ricochet","floor":20},{"not_picked":["hermit:Showdown","hermit:Midnight"],"picked":"hermit:CursedWeapon","floor":23},{"not_picked":["hermit:GoldenBullet+1","hermit:SprayPray"],"picked":"hermit:GhostlyPresence+1","floor":24},{"not_picked":["hermit:BodyArmor","hermit:HighCaliber"],"picked":"hermit:Snipe+1","floor":28}],"player_experience":209164,"relics_obtained":[{"floor":9,"key":"Pear"},{"floor":23,"key":"Art of War"},{"floor":26,"key":"Gremlin Horn"}],"event_choices":[{"damage_healed":0,"gold_gain":75,"player_choice":"Gather Gold","damage_taken":11,"max_hp_gain":0,"max_hp_loss":0,"event_name":"World of Goop","floor":4,"gold_loss":0},{"damage_healed":0,"gold_gain":0,"player_choice":"Grow","damage_taken":0,"max_hp_gain":0,"max_hp_loss":0,"event_name":"Living Wall","floor":7,"gold_loss":0,"cards_upgraded":["hermit:TakeAim"]},{"damage_healed":0,"gold_gain":0,"player_choice":"Take Wound","damage_taken":0,"relics_obtained":["Golden Idol"],"max_hp_gain":0,"max_hp_loss":0,"event_name":"Golden Idol","floor":14,"gold_loss":0,"cards_obtained":["Injury"]},{"damage_healed":0,"gold_gain":0,"cards_transformed":["hermit:Defend_Hermit","hermit:Strike_Hermit"],"player_choice":"Became Test Subject","damage_taken":0,"max_hp_gain":0,"max_hp_loss":0,"event_name":"Drug Dealer","floor":29,"gold_loss":0,"cards_obtained":["hermit:Adapt","hermit:Manifest"]}],"is_beta":false,"boss_relics":[{"not_picked":["Fusion Hammer","hermit:DentedPlate"],"picked":"Coffee Dripper"}],"items_purged_floors":[19],"is_endless":false,"potions_floor_spawned":[2,13,16,18,20,24],"killed_by":"Slavers","ascension_level":0}}