{"host":"r4aerl4ckfvw1dw3","time":1612817986,"event":{"mods":["BaseMod","BetterRewards","Minty Spire (QoL Compilation)","Quick Restart","StSLib"],"gold_per_floor":[118,193,210,94,0,26,36,36,61,72,107,107,107,123,123,224,224,242,257,267,281,281,281,135,153,153,57,57,57],"floor_reached":28,"language":"ENG","playtime":1543,"items_purged":["Strike_G","Strike_G"],"score":383,"play_id":"e163395a-a84b-4ddc-aa3c-4d65de0c8c49","local_time":"20210208125946","is_ascension_mode":true,"campfire_choices":[{"data":"Noxious Fumes","floor":8.0,"key":"SMITH"},{"floor":13.0,"key":"REST"},{"floor":15.0,"key":"REST"},{"floor":23,"key":"REST"}],"circlet_count":0,"master_deck":["AscendersBane","Strike_G","Strike_G","Strike_G+1","Defend_G","Defend_G","Defend_G","Defend_G","Defend_G","Survivor","Neutralize","Noxious Fumes+1","Backflip","Crippling Poison","Dagger Spray","Deflect","Dagger Throw","Dodge and Roll+1","PiercingWail","Deadly Poison","Corpse Explosion","PiercingWail+1","Dagger Spray+1","After Image","Noxious Fumes+1","Acrobatics","Acrobatics"],"relics":["Ring of the Snake","NeowsBlessing","Anchor","Orichalcum","Tingsha","Black Star","Ninja Scroll","Bag of Preparation"],"acts_visited":["Exordium","TheCity"],"potions_floor_usage":[],"damage_taken":[{"damage":0.0,"enemies":"Cultist","floor":1.0,"turns":1.0},{"damage":0.0,"enemies":"Jaw Worm","floor":3.0,"turns":1.0},{"damage":0.0,"enemies":"3 Sentries","floor":6.0,"turns":1.0},{"damage":0.0,"enemies":"Small Slimes","floor":7.0,"turns":3.0},{"damage":0.0,"enemies":"Exordium Wildlife","floor":10.0,"turns":3.0},{"damage":37.0,"enemies":"Gremlin Nob","floor":11.0,"turns":6.0},{"damage":0.0,"enemies":"3 Louse","floor":14.0,"turns":2.0},{"damage":29.0,"enemies":"Slime Boss","floor":16.0,"turns":12.0},{"damage":7.0,"enemies":"3 Byrds","floor":18.0,"turns":3.0},{"damage":3.0,"enemies":"Chosen","floor":19.0,"turns":5.0},{"damage":17.0,"enemies":"Centurion and Healer","floor":20.0,"turns":7.0},{"damage":13,"enemies":"Cultist and Chosen","floor":21,"turns":6},{"damage":11,"enemies":"Sentry and Sphere","floor":25,"turns":5},{"damage":32,"enemies":"Book of Stabbing","floor":28,"turns":6}],"seed_played":"-8098960711366116357","potions_obtained":[{"floor":1.0,"key":"Poison Potion"},{"floor":3.0,"key":"Fruit Juice"},{"floor":7.0,"key":"Weak Potion"},{"floor":11.0,"key":"Dexterity Potion"},{"floor":18.0,"key":"Swift Potion"},{"floor":19.0,"key":"Ancient Potion"}],"is_trial":false,"path_per_floor":["M","?","M","$","$","E","M","R","T","M","E","?","R","M","R","B",null,"M","M","M","M","?","R","$","M","T","?","E"],"character_chosen":"THE_SILENT","items_purchased":["Crippling Poison","Dagger Spray","Deflect","Acrobatics"],"campfire_rested":3,"item_purchase_floors":[4,5,5,24],"current_hp_per_floor":[63,52,57,57,57,57,57,57,57,57,20,5,27,27,49,20,61,54,51,34,21,21,43,43,32,32,32,0,0],"gold":57,"neow_bonus":"THREE_ENEMY_KILL","is_daily":false,"chose_seed":false,"campfire_upgraded":1,"win_rate":0.0,"timestamp":1612817986,"path_taken":["M","?","M","?","$","E","M","R","T","M","E","?","R","M","R","BOSS","M","M","M","M","?","R","$","M","T","?","E"],"items_purchased_type":["Card","Card","Card","Card"],"build_version":"2020-12-22","purchased_purges":2,"victory":false,"max_hp_per_floor":[70,70,75,75,75,75,75,75,75,75,75,75,75,75,75,75,75,75,75,75,75,75,75,75,75,75,75,75,75],"card_choices":[{"not_picked":["Dash","Eviscerate"],"picked":"Noxious Fumes","floor":1.0},{"not_picked":["Distraction","Deflect"],"picked":"Backflip","floor":3.0},{"not_picked":["Tactician","Heel Hook","Accuracy"],"picked":"SKIP","floor":6.0},{"not_picked":["Dagger Spray","Prepared"],"picked":"Dagger Throw","floor":7.0},{"not_picked":["Acrobatics","Dagger Throw"],"picked":"Dodge and Roll","floor":10.0},{"not_picked":["Bane","Doppelganger"],"picked":"PiercingWail","floor":11.0},{"not_picked":["Poisoned Stab","Dagger Throw"],"picked":"Deadly Poison","floor":14.0},{"not_picked":["Glass Knife","Envenom"],"picked":"Corpse Explosion","floor":16.0},{"not_picked":["Dagger Throw","Dagger Spray"],"picked":"PiercingWail+1","floor":18.0},{"not_picked":["Riddle With Holes","Flying Knee"],"picked":"Dagger Spray+1","floor":19.0},{"not_picked":["Catalyst","Blade Dance"],"picked":"After Image","floor":20.0},{"not_picked":["Bouncing Flask+1","Sucker Punch"],"picked":"Noxious Fumes+1","floor":21},{"not_picked":["Quick Slash","Expertise+1"],"picked":"Acrobatics","floor":25}],"player_experience":526607,"relics_obtained":[{"floor":6.0,"key":"Anchor"},{"floor":9.0,"key":"Orichalcum"},{"floor":11.0,"key":"Tingsha"},{"floor":26,"key":"Ninja Scroll"}],"event_choices":[{"damage_healed":0.0,"max_hp_gain":0.0,"max_hp_loss":0.0,"gold_gain":75.0,"event_name":"World of Goop","player_choice":"Gather Gold","floor":2.0,"gold_loss":0.0,"damage_taken":11.0},{"damage_healed":0.0,"max_hp_gain":0.0,"max_hp_loss":0.0,"gold_gain":0.0,"event_name":"Shining Light","player_choice":"Entered Light","floor":12.0,"gold_loss":0.0,"damage_taken":15.0,"cards_upgraded":["Strike_G","Dodge and Roll"]},{"damage_healed":0,"gold_gain":0,"player_choice":"Ignored","damage_taken":0,"max_hp_gain":0,"max_hp_loss":0,"event_name":"Ghosts","floor":22,"gold_loss":0},{"damage_healed":0,"gold_gain":0,"player_choice":"Paid Gold","damage_taken":0,"relics_obtained":["Bag of Preparation"],"max_hp_gain":0,"max_hp_loss":0,"event_name":"WeMeetAgain","floor":27,"gold_loss":96}],"is_beta":false,"boss_relics":[{"not_picked":["Calling Bell","Astrolabe"],"picked":"Black Star"}],"items_purged_floors":[4,24],"is_endless":false,"potions_floor_spawned":[1,3,7,11,18,19],"killed_by":"Book of Stabbing","ascension_level":10}}