{"host":"uv5ws9rdk87e8i5k","time":1612760877,"event":{"mods":["AchievementEnabler","BaseMod","Colored Map","Minty Spire (QoL Compilation)","Permanent Neow","Quick Restart","StSLib","SuperFastMode","The Necromancer"],"gold_per_floor":[119,135,154,165,145,175,175,185,185,196,225,243,270,289,289,394,394],"floor_reached":16,"language":"ENG","playtime":262,"items_purged":[],"score":229,"play_id":"c29b598a-ba07-4db4-9785-6421f9ad2f34","local_time":"20210207230757","is_ascension_mode":true,"campfire_choices":[{"data":"Carnage","floor":7,"key":"SMITH"},{"data":"Inflame","floor":15,"key":"SMITH"}],"circlet_count":0,"master_deck":["Strike_R","Strike_R","Strike_R","Strike_R","Strike_R","Defend_R","Defend_R","Defend_R","Defend_R","Bash","Carnage+1","Spot Weakness","Inflame+1","Whirlwind","Heavy Blade","Warcry","Thunderclap","Twin Strike"],"relics":["Burning Blood","Orichalcum","Bottled Tornado","Ornamental Fan","Pen Nib","Pear"],"acts_visited":["Exordium"],"potions_floor_usage":[6,13,16],"damage_taken":[{"damage":6,"enemies":"Small Slimes","floor":1,"turns":3},{"damage":0,"enemies":"Cultist","floor":2,"turns":3},{"damage":6,"enemies":"Jaw Worm","floor":3,"turns":2},{"damage":9,"enemies":"2 Fungi Beasts","floor":4,"turns":3},{"damage":10,"enemies":"Gremlin Nob","floor":6,"turns":3},{"damage":0,"enemies":"Large Slime","floor":8,"turns":3},{"damage":7,"enemies":"Blue Slaver","floor":10,"turns":2},{"damage":30,"enemies":"Lagavulin","floor":11,"turns":5},{"damage":2,"enemies":"2 Fungi Beasts","floor":12,"turns":3},{"damage":10,"enemies":"Gremlin Nob","floor":13,"turns":3},{"damage":6,"enemies":"Exordium Wildlife","floor":14,"turns":2},{"damage":37,"enemies":"Hexaghost","floor":16,"turns":6}],"seed_played":"-4507437820630451280","potions_obtained":[{"floor":2,"key":"Energy Potion"},{"floor":4,"key":"ElixirPotion"},{"floor":5,"key":"Dexterity Potion"},{"floor":8,"key":"DuplicationPotion"},{"floor":12,"key":"LiquidMemories"},{"floor":14,"key":"Explosive Potion"}],"is_trial":false,"path_per_floor":["M","M","M","M","?","E","R","M","T","M","E","M","E","M","R","B"],"character_chosen":"IRONCLAD","items_purchased":[],"campfire_rested":0,"item_purchase_floors":[],"current_hp_per_floor":[72,78,78,75,75,71,71,77,77,76,52,56,62,62,62,31,31],"gold":394,"neow_bonus":"RANDOM_COMMON_RELIC","is_daily":false,"chose_seed":false,"campfire_upgraded":2,"win_rate":0.0,"timestamp":1612760877,"path_taken":["M","M","M","M","?","E","R","M","T","M","E","?","E","M","R","BOSS"],"items_purchased_type":[],"build_version":"2020-12-22","purchased_purges":0,"victory":false,"max_hp_per_floor":[80,80,80,80,80,80,80,80,80,80,80,80,90,90,90,90,90],"card_choices":[{"not_picked":["Armaments","Bloodletting"],"picked":"Carnage","floor":1},{"not_picked":["Hemokinesis","Thunderclap"],"picked":"Spot Weakness","floor":2},{"not_picked":["Clash","Flex"],"picked":"Inflame","floor":3},{"not_picked":["Disarm","Berserk"],"picked":"Whirlwind","floor":4},{"not_picked":["True Grit","Havoc"],"picked":"Heavy Blade","floor":6},{"not_picked":["Combust","Perfected Strike","Carnage"],"picked":"SKIP","floor":8},{"not_picked":["Power Through","Entrench"],"picked":"Warcry","floor":10},{"not_picked":["Perfected Strike","Feel No Pain"],"picked":"Thunderclap","floor":11},{"not_picked":["Clash","Wild Strike","Cleave"],"picked":"SKIP","floor":12},{"not_picked":["Impervious","Burning Pact"],"picked":"Twin Strike","floor":13},{"not_picked":["Evolve","Sword Boomerang","Combust"],"picked":"SKIP","floor":14}],"player_experience":249476,"relics_obtained":[{"floor":6,"key":"Bottled Tornado"},{"floor":9,"key":"Ornamental Fan"},{"floor":11,"key":"Pen Nib"},{"floor":13,"key":"Pear"}],"event_choices":[{"damage_healed":0,"gold_gain":0,"player_choice":"Bought 1 Potion","damage_taken":0,"max_hp_gain":0,"max_hp_loss":0,"event_name":"The Woman in Blue","floor":5,"gold_loss":0}],"is_beta":false,"boss_relics":[],"items_purged_floors":[],"is_endless":false,"potions_floor_spawned":[2,4,8,12,14],"killed_by":"Hexaghost","ascension_level":6}}