{"host":"mychigd5o98hbqtx","time":1612791750,"event":{"mods":["2.2 Compatiblity","Act Like it!","Aspiration","BaseMod","Better Sensory Stone","Better Third Choice","BetterRewards","Block Reminder","Bossed Relics","Dota2Spire","Fox Events","Friendly Minions","GifTheSpireLib","Jedi Mod","Minty Spire (QoL Compilation)","Pale of the Ancients","Reliquary","Replay The Spire","StSLib","SuperFastMode","TheWitcher","Wandering Minibosses"],"gold_per_floor":[112,112,37,48,71,99,99,23,23,23,23,23,23,43,43,43,43,146,146,136,336,59,84,9,9,54,54,79,7,22,58,81,108,108,204,204],"floor_reached":35,"language":"RUS","playtime":2023,"items_purged":["SnafuTest:DefaultCommonAttack"],"score":393,"play_id":"4678c491-c724-41ea-9322-27db759daeb3","local_time":"20210208164230","is_ascension_mode":false,"campfire_choices":[{"data":"SnafuTest:PowerCrimsonRitual","floor":7,"key":"SMITH"},{"data":"SnafuTest:PowerHangmenTree","floor":10,"key":"SMITH"},{"floor":15,"key":"REST"},{"data":"SnafuTest:BombDancingStar","floor":17,"key":"SMITH"},{"floor":25,"key":"REST"},{"floor":34,"key":"REST"}],"circlet_count":0,"master_deck":["SnafuTest:DefaultCommonAttack","SnafuTest:DefaultCommonAttack","SnafuTest:BountyHunt","SnafuTest:DefaultCommonSkill","SnafuTest:DefaultCommonSkill","SnafuTest:SignQuen","SnafuTest:PowerTrialOfGrasses","SnafuTest:BombDancingStar+1","SnafuTest:PowerCrimsonRitual+1","SnafuTest:PowerFireDamnation","SnafuTest:PowerHangmenTree+1","SnafuTest:BombDimeritium","SnafuTest:PowerEternalFlame","Clumsy","Looming Evil","SnafuTest:TradeOrTrick","SnafuTest:SpellIncendiaryShower","SnafuTest:BombNorthernWind","ReplayTheSpireMod:Faulty Equipment","SnafuTest:BombDragonsDream","SnafuTest:BlackSunRise","SnafuTest:BombNorthernWind+1"],"relics":["SnafuTest:UnstableMutagenRelic","NeowsBlessing","ReplayTheSpireMod:TigerMarble","Dota2Spire:Vanguard","Replay:Ancient Bell","Replay:Wax Seal","reliquary:TridentHead","aspiration:SneckoTail","SnafuTest:BearRelic","reliquary:Stiletto","jedi:crownofsimplicity","ReplayTheSpireMod:CursedCoin","Happy Flower","Replay:Rubber Ducky"],"acts_visited":["Exordium","TheCity"],"potions_floor_usage":[20,20,35],"damage_taken":[{"damage":0,"enemies":"Small Slimes","floor":1,"turns":1},{"damage":0,"enemies":"Jaw Worm","floor":4,"turns":1},{"damage":0,"enemies":"Cultist","floor":5,"turns":1},{"damage":36,"enemies":"3 Sentries","floor":6,"turns":6},{"damage":32,"enemies":"Gremlin Gang","floor":14,"turns":4},{"damage":9,"enemies":"Hexaghost","floor":18,"turns":9},{"damage":27,"enemies":"2 Thieves","floor":20,"turns":5},{"damage":25,"enemies":"Shell Parasite","floor":23,"turns":7},{"damage":9,"enemies":"Replay:Snechameleon","floor":26,"turns":6},{"damage":2,"enemies":"Snecko","floor":30,"turns":5},{"damage":25,"enemies":"Book of Stabbing","floor":31,"turns":5},{"damage":2,"enemies":"Snake Plant","floor":32,"turns":3},{"damage":0,"enemies":"Centurion and Healer","floor":33,"turns":4},{"damage":10,"enemies":"Collector","floor":35,"turns":7}],"seed_played":"-8572830329935302386","potions_obtained":[{"floor":1,"key":"Elixir"},{"floor":4,"key":"BlessingOfTheForge"},{"floor":6,"key":"SkillPotion"},{"floor":13,"key":"AttackPotion"},{"floor":13,"key":"PowerPotion"},{"floor":30,"key":"LifebloodPotion"},{"floor":32,"key":"Toxic Potion"},{"floor":35,"key":"PowerPotion"}],"is_trial":false,"path_per_floor":["M","?","$","M","M","E","R","$","T","R","PTL","PTL","?","M","R","$","R","B",null,"M","?","$","M","?","R","E","$","T","$","M","E","M","M","R","B"],"character_chosen":"THE_WITCHER","items_purchased":["SnafuTest:PowerHangmenTree","SnafuTest:BearRelic","SnafuTest:SpellIncendiaryShower","ReplayTheSpireMod:CursedCoin","Happy Flower","SnafuTest:BombDragonsDream"],"campfire_rested":3,"item_purchase_floors":[8,22,22,29,29,29],"current_hp_per_floor":[75,75,75,75,75,39,39,39,39,39,39,39,39,7,29,29,29,20,75,48,48,48,23,23,45,36,36,36,36,34,9,7,7,29,19,19],"gold":204,"neow_bonus":"THREE_ENEMY_KILL","is_daily":false,"chose_seed":false,"campfire_upgraded":3,"win_rate":0.0,"timestamp":1612791750,"path_taken":["M","?","?","M","M","E","R","$","T","R","PTL","PTL","?","M","R","$","R","BOSS","M","?","$","?","?","R","E","?","T","$","?","E","M","M","R","BOSS"],"items_purchased_type":["Card","Relic","Card","Relic","Relic","Card"],"build_version":"2020-12-22","purchased_purges":1,"victory":false,"max_hp_per_floor":[75,75,75,75,75,75,75,75,75,75,75,75,75,75,75,75,75,75,75,75,75,75,75,75,75,75,75,75,75,75,75,75,75,75,75,75],"card_choices":[{"not_picked":["SnafuTest:UndefeatedNarcissism","SnafuTest:FullCover"],"picked":"SnafuTest:PowerTrialOfGrasses","floor":1},{"not_picked":["SnafuTest:SignAard","SnafuTest:PayWeaponShop"],"picked":"SnafuTest:BombDancingStar","floor":4},{"not_picked":["SnafuTest:MCFeignDeath","SnafuTest:Siege"],"picked":"SnafuTest:PowerCrimsonRitual","floor":5},{"not_picked":["SnafuTest:PowerEleganceEmbodiment","SnafuTest:BlueWhale"],"picked":"SnafuTest:PowerFireDamnation","floor":6},{"not_picked":["SnafuTest:SpellLivingArmor","SnafuTest:GetPaid"],"picked":"SnafuTest:BombDimeritium","floor":14},{"not_picked":["SnafuTest:FreyaBlessing","SnafuTest:TradeOrTrick"],"picked":"SnafuTest:PowerEternalFlame","floor":18},{"not_picked":["ReplayTheSpireMod:Restless Dread","SnafuTest:CurseDisclosure"],"picked":"Languid","floor":19},{"not_picked":["CurseOfTheBell","Normality"],"picked":"Clumsy","floor":19},{"not_picked":["Injury","Decay"],"picked":"Looming Evil","floor":19},{"not_picked":["SnafuTest:FlashingEvasion","SnafuTest:CareTaker"],"picked":"SnafuTest:TradeOrTrick","floor":20},{"not_picked":["SnafuTest:GetPaid","SnafuTest:QueensGuard"],"picked":"SnafuTest:BombNorthernWind","floor":23},{"not_picked":["SnafuTest:SpellIncendiaryShower","SnafuTest:PowerProbingFeint","SnafuTest:FirstAid"],"picked":"SKIP","floor":26},{"not_picked":["SnafuTest:PayWeaponShop","SnafuTest:BombNorthernWind"],"picked":"SnafuTest:BlackSunRise","floor":30},{"not_picked":["SnafuTest:SpellIncendiaryShower","SnafuTest:PayBank","SnafuTest:SpellHellfire"],"picked":"SKIP","floor":31},{"not_picked":["SnafuTest:MCPlayGwent","SnafuTest:Oriole","SnafuTest:RecklessBlow"],"picked":"SKIP","floor":32},{"not_picked":["SnafuTest:CalculatingAmbition","SnafuTest:SmashingSlash"],"picked":"SnafuTest:BombNorthernWind+1","floor":33}],"player_experience":171694,"relics_obtained":[{"floor":6,"key":"ReplayTheSpireMod:TigerMarble"},{"floor":9,"key":"Dota2Spire:Vanguard"},{"floor":26,"key":"reliquary:Stiletto"},{"floor":28,"key":"jedi:crownofsimplicity"},{"floor":31,"key":"Replay:Rubber Ducky"}],"event_choices":[{"damage_healed":0,"gold_gain":0,"player_choice":"Got Potions","damage_taken":0,"max_hp_gain":0,"max_hp_loss":0,"event_name":"Lab","floor":13,"gold_loss":0},{"damage_healed":0,"gold_gain":200,"player_choice":"Gold","damage_taken":0,"max_hp_gain":0,"max_hp_loss":0,"event_name":"Wheel of Change","floor":21,"gold_loss":0},{"cards_removed":["Languid"],"damage_healed":0,"gold_gain":0,"player_choice":"Gave Gold","damage_taken":0,"max_hp_gain":0,"max_hp_loss":0,"event_name":"Beggar","floor":24,"gold_loss":75}],"is_beta":false,"boss_relics":[{"not_picked":["reliquary:RedCape","Replay:Drink Me"],"picked":"Replay:Ancient Bell"},{"not_picked":["Bronze Scales","reliquary:SilkGlove"],"picked":"Replay:Wax Seal"},{"not_picked":["White Beast Statue","Sundial"],"picked":"reliquary:TridentHead"},{"not_picked":["jedi:purplefairy","StoneCalendar"],"picked":"aspiration:SneckoTail"}],"items_purged_floors":[3],"is_endless":false,"potions_floor_spawned":[1,4,6,30,32,33,35],"killed_by":"Collector","ascension_level":0}}