{"host":"6gwm7y0tp7acoxay","time":1612774275,"event":{"mods":["BaseMod","Colored Map","Keyboard Shortcuts","Minty Spire (QoL Compilation)","Quick Restart","StSLib","SuperFastMode","everything is the same but u backflip on backflip"],"gold_per_floor":[111,36,47,47,47,81,114,145,169,169,179,179,179,213,213,290,290,308,147,147,47,47,82,82,113,161,181,196,196,227,242,242,319,319,336,353,185,185,185],"floor_reached":38,"language":"KOR","playtime":1285,"items_purged":["Pommel Strike","Headbutt"],"score":1116,"play_id":"d15e1f3d-1ddf-441a-ab2a-a579bcafe825","local_time":"20210208175115","daily_mods":["SealedDeck","Heirloom","Flight"],"is_ascension_mode":true,"campfire_choices":[{"floor":10.0,"key":"REST"},{"data":"Uppercut","floor":15,"key":"SMITH"},{"data":"Armaments","floor":24,"key":"SMITH"},{"data":"Double Tap","floor":29,"key":"SMITH"},{"floor":32,"key":"RECALL"}],"circlet_count":0,"master_deck":["AscendersBane","True Grit","Flame Barrier+1","Disarm+1","Intimidate","Thunderclap","Inflame+1","Evolve","Uppercut+1","Dropkick","Reaper","Double Tap+1","Dropkick","Armaments+1","Power Through","Disarm"],"relics":["Burning Blood","Calipers","Ancient Tea Set","Orichalcum","Bag of Preparation","Akabeko","Eternal Feather","SlaversCollar","Anchor","Bottled Flame","Turnip","Empty Cage","Orrery"],"acts_visited":["Exordium","TheCity","TheBeyond"],"potions_floor_usage":[25,33,38],"damage_taken":[{"damage":0.0,"enemies":"Cultist","floor":1.0,"turns":3.0},{"damage":2.0,"enemies":"2 Louse","floor":3.0,"turns":3.0},{"damage":25.0,"enemies":"Gremlin Nob","floor":6.0,"turns":4.0},{"damage":21.0,"enemies":"3 Sentries","floor":7.0,"turns":5.0},{"damage":0.0,"enemies":"Gremlin Nob","floor":8.0,"turns":3.0},{"damage":0.0,"enemies":"Small Slimes","floor":11.0,"turns":1.0},{"damage":6,"enemies":"Lagavulin","floor":14,"turns":5},{"damage":0,"enemies":"The Guardian","floor":16,"turns":9},{"damage":0,"enemies":"Chosen","floor":18,"turns":5},{"damage":8,"enemies":"Book of Stabbing","floor":23,"turns":5},{"damage":6,"enemies":"Slavers","floor":25,"turns":4},{"damage":0,"enemies":"2 Thieves","floor":27,"turns":3},{"damage":32,"enemies":"Chosen and Byrds","floor":28,"turns":7},{"damage":0,"enemies":"Book of Stabbing","floor":30,"turns":3},{"damage":0,"enemies":"Snake Plant","floor":31,"turns":4},{"damage":41,"enemies":"Automaton","floor":33,"turns":9},{"damage":35,"enemies":"3 Darklings","floor":35,"turns":5},{"damage":1,"enemies":"3 Shapes","floor":36,"turns":14},{"damage":83,"enemies":"Transient","floor":38,"turns":6}],"seed_played":"6274416588859588780","potions_obtained":[{"floor":6.0,"key":"Explosive Potion"},{"floor":7.0,"key":"Fire Potion"},{"floor":11.0,"key":"EssenceOfSteel"},{"floor":16,"key":"Explosive Potion"},{"floor":28,"key":"GamblersBrew"},{"floor":33,"key":"ColorlessPotion"}],"is_trial":true,"path_per_floor":["M","?","M","?","?","E","E","E","T","R","M","?","?","E","R","B",null,"M","$","?","$","?","E","R","E","T","M","M","R","E","M","R","B",null,"M","M","$","M"],"character_chosen":"IRONCLAD","items_purchased":["Double Tap","Orrery"],"campfire_rested":1,"item_purchase_floors":[19,37],"current_hp_per_floor":[74,74,75,52,52,33,18,24,24,46,52,57,57,57,63,69,77,80,80,80,80,80,78,80,80,80,80,54,63,69,75,80,57,74,45,57,57,0,0],"gold":185,"neow_bonus":"","is_daily":false,"chose_seed":false,"campfire_upgraded":3,"win_rate":0.0,"timestamp":1612774275,"path_taken":["M","?","M","?","?","E","E","E","T","R","?","?","?","E","R","BOSS","M","$","?","?","?","E","R","E","T","?","M","R","E","?","R","BOSS","M","?","$","?"],"items_purchased_type":["Card","Relic"],"build_version":"2020-12-22","purchased_purges":2,"victory":false,"max_hp_per_floor":[75,75,75,75,75,75,75,75,75,75,75,80,80,80,80,80,80,80,80,80,80,80,80,80,80,80,80,80,80,80,80,80,80,80,80,80,80,80,80],"card_choices":[{"not_picked":["Flex","Perfected Strike"],"picked":"Sword Boomerang","floor":1.0},{"not_picked":["Havoc","Cleave","Clash"],"picked":"SKIP","floor":3.0},{"not_picked":["Fire Breathing","Thunderclap"],"picked":"Uppercut","floor":6.0},{"not_picked":["Hemokinesis","Rage","Brutality"],"picked":"SKIP","floor":7.0},{"not_picked":["Uppercut","Bloodletting","Heavy Blade"],"picked":"SKIP","floor":8.0},{"not_picked":["Flex","Cleave","Heavy Blade"],"picked":"SKIP","floor":11.0},{"not_picked":["True Grit","Disarm"],"picked":"Dropkick","floor":14},{"not_picked":["Immolate","Brutality"],"picked":"Reaper","floor":16},{"not_picked":["Inflame","True Grit","Warcry+1"],"picked":"SKIP","floor":18},{"not_picked":["Combust","Thunderclap","Armaments"],"picked":"SKIP","floor":23},{"not_picked":["Dropkick","Thunderclap","Armaments"],"picked":"SKIP","floor":25},{"not_picked":["Warcry","Body Slam","Ghostly Armor"],"picked":"SKIP","floor":27},{"not_picked":["Heavy Blade+1","Warcry","Clash"],"picked":"SKIP","floor":28},{"not_picked":["Shockwave","Twin Strike"],"picked":"Power Through","floor":30},{"not_picked":["Battle Trance","Sever Soul","Perfected Strike"],"picked":"SKIP","floor":31},{"not_picked":["Feed","Demon Form"],"picked":"Barricade","floor":33},{"not_picked":["Sever Soul+1","Headbutt","Evolve+1"],"picked":"SKIP","floor":35},{"not_picked":["Headbutt","Shrug It Off","Body Slam"],"picked":"SKIP","floor":36},{"not_picked":["Body Slam","Power Through"],"picked":"Disarm","floor":37}],"player_experience":4501890,"relics_obtained":[{"floor":6.0,"key":"Ancient Tea Set"},{"floor":7.0,"key":"Orichalcum"},{"floor":8.0,"key":"Bag of Preparation"},{"floor":9.0,"key":"Akabeko"},{"floor":14,"key":"Eternal Feather"},{"floor":23,"key":"Anchor"},{"floor":25,"key":"Bottled Flame"},{"floor":30,"key":"Turnip"}],"event_choices":[{"cards_removed":["Clothesline"],"damage_healed":0.0,"max_hp_gain":0.0,"max_hp_loss":0.0,"gold_gain":0.0,"event_name":"The Cleric","player_choice":"Card Removal","floor":2.0,"gold_loss":75.0,"damage_taken":0.0},{"damage_healed":0.0,"max_hp_gain":0.0,"max_hp_loss":0.0,"gold_gain":0.0,"event_name":"Shining Light","player_choice":"Entered Light","floor":4.0,"gold_loss":0.0,"damage_taken":23.0,"cards_upgraded":["Disarm","Flame Barrier"]},{"damage_healed":0.0,"max_hp_gain":0.0,"max_hp_loss":0.0,"gold_gain":0.0,"event_name":"Accursed Blacksmith","player_choice":"Forge","floor":5.0,"gold_loss":0.0,"damage_taken":0.0,"cards_upgraded":["Inflame"]},{"damage_healed":0.0,"max_hp_gain":5.0,"max_hp_loss":0.0,"gold_gain":0.0,"event_name":"Big Fish","player_choice":"Donut","floor":12.0,"gold_loss":0.0,"damage_taken":0.0},{"damage_healed":0,"gold_gain":0,"player_choice":"Fled","damage_taken":0,"max_hp_gain":0,"max_hp_loss":0,"event_name":"Scrap Ooze","floor":13,"gold_loss":0},{"damage_healed":0,"gold_gain":0,"player_choice":"Copied","damage_taken":0,"max_hp_gain":0,"max_hp_loss":0,"event_name":"Duplicator","floor":20,"gold_loss":0,"cards_obtained":["Dropkick"]},{"damage_healed":0,"gold_gain":0,"player_choice":"Read","damage_taken":0,"max_hp_gain":0,"max_hp_loss":0,"event_name":"The Library","floor":22,"gold_loss":0,"cards_obtained":["Armaments"]}],"is_beta":false,"boss_relics":[{"not_picked":["Ectoplasm","Calling Bell"],"picked":"SlaversCollar"},{"not_picked":["Mark of Pain","Cursed Key"],"picked":"Empty Cage"}],"items_purged_floors":[19,21],"is_endless":false,"potions_floor_spawned":[6,7,11,16,28,30,31,33,36],"killed_by":"Transient","ascension_level":20}}