{"host":"m4pe905ae9bldoe7","time":1612786919,"event":{"mods":["BaseMod","Bestiary","Block Reminder","Downfall","Minty Spire (QoL Compilation)","StSLib"],"gold_per_floor":[110,31,31,51,226,226,254,274,274,274,286,33,49,76,76,155,155,175,175,175,23,35,69,69,86,86,112,112,112,112,122,122,196,196,216,216,227,227,227,260,280,280,333,353,366,366,382,186,186,186,186,186,57,57,57],"floor_reached":54,"language":"ENG","playtime":3374,"items_purged":["Shame","Writhe"],"score":1428,"play_id":"28fb2588-777f-4fbc-9041-ddace9a3393e","local_time":"20210208132159","is_ascension_mode":true,"campfire_choices":[{"data":"Armaments","floor":6.0,"key":"SMITH"},{"data":"Entrench","floor":10.0,"key":"SMITH"},{"floor":15.0,"key":"REST"},{"floor":24.0,"key":"REST"},{"data":"Barricade","floor":28.0,"key":"SMITH"},{"data":"Apotheosis","floor":30.0,"key":"SMITH"},{"floor":32.0,"key":"REST"},{"floor":42.0,"key":"RECALL"},{"floor":49.0,"key":"REST"},{"data":"Offering","floor":52.0,"key":"SMITH"}],"circlet_count":0,"master_deck":["AscendersBane","Strike_R","Strike_R","Defend_R","Defend_R","Defend_R","Defend_R","Bash","Armaments+1","Entrench+1","Shrug It Off","Seeing Red","Bloodletting","True Grit","Apotheosis+1","Flame Barrier","Barricade+1","Impervious","Metallicize","Flame Barrier","Shrug It Off","Reaper","Warcry","Offering+1","Body Slam","Spot Weakness","Berserk","True Grit","Impervious","Metallicize+1","Shrug It Off","Entrench","Entrench","Fire Breathing"],"relics":["Burning Blood","NeowsBlessing","Dream Catcher","Self Forming Clay","Bottled Tornado","Empty Cage","Gremlin Horn","Orrery","Question Card","Sundial","Pantograph","SlaversCollar","Smiling Mask","Strawberry"],"acts_visited":["Exordium","TheCity","TheBeyond","TheEnding"],"potions_floor_usage":[],"damage_taken":[{"damage":0.0,"enemies":"Cultist","floor":1.0,"turns":1.0},{"damage":0.0,"enemies":"2 Louse","floor":4.0,"turns":1.0},{"damage":0.0,"enemies":"Lagavulin","floor":7.0,"turns":1.0},{"damage":9.0,"enemies":"Small Slimes","floor":8.0,"turns":5.0},{"damage":26.0,"enemies":"Exordium Wildlife","floor":11.0,"turns":6.0},{"damage":0.0,"enemies":"Large Slime","floor":13.0,"turns":8.0},{"damage":54.0,"enemies":"Gremlin Nob","floor":14.0,"turns":8.0},{"damage":0.0,"enemies":"Hexaghost","floor":16.0,"turns":17.0},{"damage":13.0,"enemies":"Chosen","floor":18.0,"turns":14.0},{"damage":3.0,"enemies":"Spheric Guardian","floor":22.0,"turns":30.0},{"damage":57.0,"enemies":"Slavers","floor":23.0,"turns":18.0},{"damage":9.0,"enemies":"3 Cultists","floor":25.0,"turns":10.0},{"damage":18.0,"enemies":"Gremlin Leader","floor":27.0,"turns":10.0},{"damage":15.0,"enemies":"Shelled Parasite and Fungi","floor":31.0,"turns":5.0},{"damage":6.0,"enemies":"Champ","floor":33.0,"turns":9.0},{"damage":52.0,"enemies":"3 Darklings","floor":35.0,"turns":11.0},{"damage":18.0,"enemies":"Orb Walker","floor":37.0,"turns":8.0},{"damage":32.0,"enemies":"Reptomancer","floor":40.0,"turns":9.0},{"damage":6.0,"enemies":"Maw","floor":41.0,"turns":12.0},{"damage":12.0,"enemies":"4 Shapes","floor":44.0,"turns":25.0},{"damage":45.0,"enemies":"Jaw Worm Horde","floor":45.0,"turns":10.0},{"damage":42.0,"enemies":"3 Darklings","floor":47.0,"turns":14.0},{"damage":29.0,"enemies":"Awakened One","floor":50.0,"turns":15.0},{"damage":98,"enemies":"Shield and Spear","floor":54,"turns":3}],"seed_played":"-5437517486002226567","potions_obtained":[{"floor":1.0,"key":"bronze:BurnAndBuffPotion"},{"floor":4.0,"key":"EssenceOfSteel"},{"floor":11.0,"key":"DuplicationPotion"},{"floor":14.0,"key":"hexamod:SoulburnPotion"},{"floor":22.0,"key":"SkillPotion"},{"floor":23.0,"key":"sneckomod:MuddlingPotion"},{"floor":27.0,"key":"SmokeBomb"},{"floor":31.0,"key":"Block Potion"},{"floor":37.0,"key":"ColorlessPotion"},{"floor":41.0,"key":"AttackPotion"},{"floor":47.0,"key":"Energy Potion"}],"is_trial":false,"path_per_floor":["M","$","?","M","?","R","E","M","T","R","M","$","M","E","R","B",null,"M","?","?","$","M","E","R","M","T","E","R","?","R","M","R","B",null,"M","?","M","?","?","E","M","R","T","M","M","?","M","$","R","B",null,"R","$","E"],"character_chosen":"IRONCLAD","items_purchased":["Entrench","Apotheosis","Flame Barrier","Orrery","Strawberry","Fire Breathing"],"campfire_rested":4,"item_purchase_floors":[2,12,12,21,48,53],"current_hp_per_floor":[74,74,67,73,73,73,75,72,72,72,52,52,58,10,32,38,66,59,59,59,59,62,20,42,39,39,27,27,27,27,40,62,75,75,54,47,48,67,67,49,49,49,49,59,36,66,47,54,73,73,73,73,73,0,0],"gold":57,"neow_bonus":"THREE_ENEMY_KILL","is_daily":false,"chose_seed":false,"campfire_upgraded":5,"win_rate":0.0,"timestamp":1612786919,"path_taken":["M","?","?","M","?","R","E","M","T","R","M","$","?","E","R","BOSS","M","?","?","$","M","E","R","M","T","E","R","?","R","?","R","BOSS","M","?","?","?","?","E","M","R","T","M","M","?","M","$","R","BOSS","R","$","E"],"items_purchased_type":["Card","Card","Card","Relic","Relic","Card"],"build_version":"2020-12-22","purchased_purges":2,"victory":false,"max_hp_per_floor":[75,75,75,75,75,75,75,75,75,75,75,75,75,75,75,75,75,75,75,75,75,75,75,75,75,75,75,75,75,75,75,75,75,75,75,75,75,75,75,75,75,75,75,75,75,66,66,73,73,73,73,73,73,73,73],"card_choices":[{"not_picked":["Havoc","Twin Strike"],"picked":"Armaments","floor":1.0},{"not_picked":["True Grit","Havoc"],"picked":"Shrug It Off","floor":4.0},{"not_picked":["Feed","Fiend Fire"],"picked":"Seeing Red","floor":7.0},{"not_picked":["Warcry","Dropkick"],"picked":"Bloodletting","floor":8.0},{"not_picked":["Twin Strike","Intimidate"],"picked":"True Grit","floor":11.0},{"not_picked":["Fire Breathing","Second Wind"],"picked":"Barricade","floor":13.0},{"not_picked":["Carnage","Pommel Strike","Warcry"],"picked":"SKIP","floor":14.0},{"not_picked":["Fiend Fire","Brutality"],"picked":"Impervious","floor":16.0},{"not_picked":["Wild Strike","Whirlwind","Uppercut"],"picked":"SKIP","floor":18.0},{"not_picked":["True Grit","Armaments"],"picked":"Metallicize","floor":21.0},{"not_picked":["Disarm","Heavy Blade"],"picked":"Flame Barrier","floor":21.0},{"not_picked":["Iron Wave","True Grit"],"picked":"Shrug It Off","floor":21.0},{"not_picked":["Thunderclap","Heavy Blade"],"picked":"Reaper","floor":21.0},{"not_picked":["Thunderclap","Armaments"],"picked":"Warcry","floor":21.0},{"not_picked":["Clash","Cleave"],"picked":"Offering","floor":22.0},{"not_picked":["Burning Pact","Feel No Pain"],"picked":"Body Slam","floor":23.0},{"not_picked":["Perfected Strike","Seeing Red","Thunderclap","Cleave"],"picked":"SKIP","floor":25.0},{"not_picked":["Heavy Blade","Fiend Fire","Blood for Blood"],"picked":"Spot Weakness","floor":27.0},{"not_picked":["Thunderclap","Clothesline","Heavy Blade","Armaments"],"picked":"SKIP","floor":31.0},{"not_picked":["Offering","Double Tap","Reaper"],"picked":"Berserk","floor":33.0},{"not_picked":["Spot Weakness","Thunderclap+1","Blood for Blood+1","Sword Boomerang"],"picked":"SKIP","floor":35.0},{"not_picked":["Iron Wave","Hemokinesis","Flex"],"picked":"True Grit","floor":37.0},{"not_picked":["Pummel","Cleave","Clash+1"],"picked":"Impervious","floor":40.0},{"not_picked":["Rupture+1","Warcry","Anger"],"picked":"Metallicize+1","floor":41.0},{"not_picked":["Uppercut","Perfected Strike+1","Twin Strike"],"picked":"Shrug It Off","floor":44.0},{"not_picked":["Whirlwind+1","Twin Strike","Feel No Pain"],"picked":"Entrench","floor":45.0},{"not_picked":["Dark Embrace","Flex+1","Double Tap"],"picked":"Entrench","floor":47.0}],"player_experience":522625,"relics_obtained":[{"floor":7.0,"key":"Dream Catcher"},{"floor":9.0,"key":"Self Forming Clay"},{"floor":14.0,"key":"Bottled Tornado"},{"floor":23.0,"key":"Question Card"},{"floor":26.0,"key":"Sundial"},{"floor":27.0,"key":"Pantograph"},{"floor":40.0,"key":"Smiling Mask"}],"event_choices":[{"cards_removed":["Strike_R"],"damage_healed":0.0,"max_hp_gain":0.0,"max_hp_loss":0.0,"gold_gain":0.0,"event_name":"Golden Wing","player_choice":"Card Removal","floor":3.0,"gold_loss":0.0,"damage_taken":7.0},{"damage_healed":0.0,"max_hp_gain":0.0,"max_hp_loss":0.0,"gold_gain":175.0,"event_name":"Liars Game","player_choice":"AGREE","floor":5.0,"gold_loss":0.0,"damage_taken":0.0,"cards_obtained":["Doubt"]},{"cards_removed":["Strike_R"],"damage_healed":0.0,"max_hp_gain":0.0,"max_hp_loss":0.0,"gold_gain":0.0,"event_name":"Back to Basics","player_choice":"Elegance","floor":19.0,"gold_loss":0.0,"damage_taken":0.0},{"damage_healed":0.0,"max_hp_gain":0.0,"max_hp_loss":0.0,"gold_gain":0.0,"event_name":"Addict","player_choice":"Stole Relic","floor":20.0,"gold_loss":0.0,"damage_taken":0.0,"relics_obtained":["Gremlin Horn"],"cards_obtained":["Shame"]},{"damage_healed":0.0,"max_hp_gain":0.0,"max_hp_loss":0.0,"gold_gain":0.0,"event_name":"Cursed Tome","player_choice":"Ignored","floor":29.0,"gold_loss":0.0,"damage_taken":0.0},{"damage_healed":0.0,"max_hp_gain":0.0,"max_hp_loss":0.0,"gold_gain":0.0,"event_name":"Wheel of Change","player_choice":"Damaged","floor":36.0,"gold_loss":0.0,"damage_taken":7.0},{"damage_healed":19.0,"max_hp_gain":0.0,"max_hp_loss":0.0,"gold_gain":0.0,"event_name":"Winding Halls","player_choice":"Writhe","floor":38.0,"gold_loss":0.0,"damage_taken":0.0,"cards_obtained":["Writhe"]},{"damage_healed":0.0,"max_hp_gain":0.0,"max_hp_loss":0.0,"gold_gain":0.0,"event_name":"Mysterious Sphere","player_choice":"Ignored","floor":39.0,"gold_loss":0.0,"damage_taken":0.0},{"damage_healed":66.0,"max_hp_gain":0.0,"max_hp_loss":9.0,"gold_gain":0.0,"event_name":"The Moai Head","player_choice":"Heal","floor":46.0,"gold_loss":0.0,"damage_taken":0.0}],"is_beta":false,"boss_relics":[{"not_picked":["Snecko Eye","Tiny House"],"picked":"Empty Cage"},{"not_picked":["Astrolabe","Runic Dome"],"picked":"SlaversCollar"}],"items_purged_floors":[48,53],"is_endless":false,"potions_floor_spawned":[1,4,8,11,14,22,23,27,31,37,41,47],"killed_by":"Shield and Spear","ascension_level":14}}