{"host":"630px4nyj50z5id8","time":1612799214,"event":{"mods":["BaseMod","Better Note","Colored Powertips","Good Game Mod","Minty Spire (QoL Compilation)","Quick Restart","Rare Cards Sparkle","Relic Filter Mod","Replay The Spire","StSLib","Waifu the Spire"],"gold_per_floor":[113,113,129,79,4,36,36,66,66,66,112,112,163,238,238,374,374,396,425,451,60,89,89,116,116,142,12,59,59,104,71,71,210,210,231,231,13,36,36,91,91],"floor_reached":40,"language":"ZHS","playtime":1922,"items_purged":["Strike_B","Strike_B"],"score":804,"play_id":"8b073fcd-2a08-4775-aef9-7ccb3f79e2f2","local_time":"20210208234654","is_ascension_mode":true,"campfire_choices":[{"data":"Mirror Shield","floor":12,"key":"SMITH"},{"data":"ReplayTheSpireMod:Calculation Training","floor":15,"key":"SMITH"},{"data":"ReplayTheSpireMod:Calculation Training","floor":23,"key":"SMITH"},{"data":"Loop","floor":25,"key":"SMITH"},{"data":"Capacitor","floor":32,"key":"SMITH"}],"circlet_count":0,"master_deck":["Defend_B","Defend_B+1","Defend_B","Defend_B","Zap","Dualcast+1","Mirror Shield+1","ReplayTheSpireMod:Calculation Training+1","ReplayTheSpireMod:Calculation Training+1","Barrage","Steam+1","Cold Snap","Chill+1","Fusion+1","Electrodynamics+1","Chill+1","ReplayTheSpireMod:Repulse+1","Mirror Shield+1","Loop+1","Skim+1","Double Energy+1","Coolheaded+1","Capacitor+1","Turbo+1","Turbo+1","Seek+1","Defragment","Redo+1","Madness+1","Madness+1","Pot Of Greed+1","Pot Of Greed+1","Pot Of Greed+1","Leap+1"],"relics":["Cracked Core","REME:ComplimentaryCards","NeowsBlessing","Toxic Egg 2","Replay:Bandana","HornCleat","Golden Idol","Replay:Ringing Soul","War Paint","Black Star","Replay:Frozen Program","Geode","Regal Pillow","Letter Opener","Nunchaku","Pet Ghost","Pocketwatch","Replay:Bronze Core","Replay:Baseball","Juzu Bracelet","Grinning Jar"],"acts_visited":["Exordium","TheCity","TheBeyond"],"potions_floor_usage":[8,8,24,28,33,33],"damage_taken":[{"damage":0.0,"enemies":"Cultist","floor":1.0,"turns":1.0},{"damage":0.0,"enemies":"Jaw Worm","floor":3.0,"turns":1.0},{"damage":0.0,"enemies":"Lagavulin","floor":6.0,"turns":1.0},{"damage":11,"enemies":"Gremlin Nob","floor":8,"turns":3},{"damage":0,"enemies":"Lagavulin","floor":11,"turns":7},{"damage":1,"enemies":"3 Sentries","floor":13,"turns":8},{"damage":3,"enemies":"The Guardian","floor":16,"turns":10},{"damage":1,"enemies":"Shell Parasite","floor":18,"turns":6},{"damage":6,"enemies":"Chosen","floor":19,"turns":4},{"damage":18,"enemies":"3 Cultists","floor":20,"turns":5},{"damage":9,"enemies":"Centurion and Healer","floor":22,"turns":7},{"damage":0,"enemies":"Shelled Parasite and Fungi","floor":24,"turns":3},{"damage":0,"enemies":"Book of Stabbing","floor":28,"turns":5},{"damage":0,"enemies":"Slavers","floor":30,"turns":4},{"damage":0,"enemies":"Collector","floor":33,"turns":6},{"damage":0,"enemies":"3 Darklings","floor":35,"turns":3},{"damage":0,"enemies":"Orb Walker","floor":38,"turns":3},{"damage":7,"enemies":"Giant Head","floor":40,"turns":10}],"seed_played":"-4429842186396278375","potions_obtained":[{"floor":1.0,"key":"PowerPotion"},{"floor":3.0,"key":"FearPotion"},{"floor":8,"key":"Fire Potion"},{"floor":20,"key":"Energy Potion"},{"floor":22,"key":"GamblersBrew"},{"floor":24,"key":"Adrenaline Potion"},{"floor":28,"key":"Explosive Potion"},{"floor":35,"key":"PowerPotion"},{"floor":40,"key":"SkillPotion"}],"is_trial":false,"path_per_floor":["M","?","M","?","$","E","$","E","T","?","E","R","E","?","R","B",null,"M","M","M","$","M","R","M","R","T","$","E","?","E","$","R","B",null,"M","?","$","M","?","E"],"character_chosen":"DEFECT","items_purchased":["Replay:Frozen Program","Geode","Double Energy+1","Coolheaded+1","Turbo+1","Replay:Baseball","Defragment"],"campfire_rested":0,"item_purchase_floors":[21,21,27,27,31,37,37],"current_hp_per_floor":[75,75,75,75,75,75,75,64,64,46,49,49,51,40,40,40,84,86,83,68,68,62,62,65,65,65,68,71,71,71,74,74,77,111,111,111,114,117,105,101,101],"gold":91,"neow_bonus":"THREE_ENEMY_KILL","is_daily":false,"chose_seed":false,"campfire_upgraded":5,"win_rate":0.0,"timestamp":1612799214,"path_taken":["M","?","?","?","$","E","$","E","T","?","E","R","E","?","R","BOSS","M","M","M","$","M","R","M","R","T","$","E","?","E","$","R","BOSS","M","?","$","?","?","E"],"items_purchased_type":["Relic","Relic","Card","Card","Card","Relic","Card"],"build_version":"2020-12-22","purchased_purges":2,"victory":false,"max_hp_per_floor":[75,75,75,75,75,75,75,75,75,75,78,78,81,81,81,84,84,87,90,93,93,96,96,99,99,99,102,105,105,105,108,108,111,111,111,111,114,117,120,123,123],"card_choices":[{"not_picked":["Darkness","Beam Cell"],"picked":"ReplayTheSpireMod:Calculation Training","floor":1.0},{"not_picked":["Chaos","Stack"],"picked":"Barrage","floor":3.0},{"not_picked":["Go for the Eyes","BasicCrystalCard+1"],"picked":"Steam+1","floor":6.0},{"not_picked":["Force Field+1","Chaos+1"],"picked":"Cold Snap","floor":8},{"not_picked":["Rebound","Crystallizer"],"picked":"Chill+1","floor":11},{"not_picked":["Rebound","Storm"],"picked":"Fusion+1","floor":13},{"not_picked":["Creative AI","Multi-Cast+1"],"picked":"Electrodynamics","floor":16},{"not_picked":["BasicCrystalCard+1","Redo+1"],"picked":"Chill+1","floor":18},{"not_picked":["Coolheaded+1","Cold Snap+1"],"picked":"ReplayTheSpireMod:Repulse+1","floor":19},{"not_picked":["Hologram+1","Streamline"],"picked":"Mirror Shield+1","floor":20},{"not_picked":["BasicCrystalCard+1","Defragment"],"picked":"Loop","floor":22},{"not_picked":["Redo+1","Sweeping Beam"],"picked":"Skim+1","floor":24},{"not_picked":["Go for the Eyes+1","ReplayTheSpireMod:Repulse+1"],"picked":"Capacitor","floor":28},{"not_picked":["Streamline","Rip and Tear","Hyperbeam"],"picked":"SKIP","floor":30},{"not_picked":["Fission+1","Rainbow+1"],"picked":"Seek+1","floor":33},{"not_picked":["Rebound+1","Hologram+1","ReplaySolidLightProjector+1"],"picked":"SKIP","floor":35},{"not_picked":["Cold Snap","Recycle+1"],"picked":"Redo+1","floor":38},{"not_picked":["Reinforced Body+1","Fusion+1"],"picked":"Leap+1","floor":40}],"player_experience":435613,"relics_obtained":[{"floor":6.0,"key":"Toxic Egg 2"},{"floor":8,"key":"Replay:Bandana"},{"floor":9,"key":"HornCleat"},{"floor":11,"key":"Replay:Ringing Soul"},{"floor":13,"key":"War Paint"},{"floor":26,"key":"Regal Pillow"},{"floor":28,"key":"Letter Opener"},{"floor":28,"key":"Nunchaku"},{"floor":30,"key":"Pet Ghost"},{"floor":30,"key":"Pocketwatch"},{"floor":40,"key":"Juzu Bracelet"},{"floor":40,"key":"Grinning Jar"}],"event_choices":[{"damage_healed":0.0,"max_hp_gain":0.0,"max_hp_loss":0.0,"gold_gain":0.0,"cards_transformed":["Strike_B"],"event_name":"Transmorgrifier","player_choice":"Transformed","floor":2.0,"gold_loss":0.0,"damage_taken":0.0,"cards_obtained":["ReplayTheSpireMod:Calculation Training"]},{"cards_removed":["Strike_B"],"damage_healed":0.0,"max_hp_gain":0.0,"max_hp_loss":0.0,"gold_gain":0.0,"event_name":"The Cleric","player_choice":"Card Removal","floor":4.0,"gold_loss":50.0,"damage_taken":0.0},{"damage_healed":0,"gold_gain":0,"player_choice":"Take Damage","damage_taken":18,"relics_obtained":["Golden Idol"],"max_hp_gain":0,"max_hp_loss":0,"event_name":"Golden Idol","floor":10,"gold_loss":0},{"damage_healed":0,"gold_gain":75,"player_choice":"Gather Gold","damage_taken":11,"max_hp_gain":0,"max_hp_loss":0,"event_name":"World of Goop","floor":14,"gold_loss":0},{"damage_healed":0,"gold_gain":0,"player_choice":"Upgraded","damage_taken":0,"max_hp_gain":0,"max_hp_loss":0,"event_name":"Upgrade Shrine","floor":36,"gold_loss":0,"cards_upgraded":["Electrodynamics"]},{"damage_healed":0,"gold_gain":0,"player_choice":"Embrace Madness","damage_taken":15,"max_hp_gain":0,"max_hp_loss":0,"event_name":"Winding Halls","floor":39,"gold_loss":0,"cards_obtained":["Madness","Madness"]}],"is_beta":false,"boss_relics":[{"not_picked":["Sozu","Runic Pyramid"],"picked":"Black Star"},{"not_picked":["Honey Jar","Runic Dome"],"picked":"Replay:Bronze Core"}],"items_purged_floors":[5,21],"is_endless":false,"potions_floor_spawned":[1,3,8,20,22,24,28,30,35,40],"killed_by":"Giant Head","ascension_level":4}}