{"host":"8fl9fk3sx00hvnsh","time":1612760352,"event":{"mods":["BaseMod","Bestiary","Bossed Relics","Custom Start","Downfall","Minty Spire (QoL Compilation)","Reliquary","Replay The Spire","StSLib","The Blue Laboratory","The Marked","The Wild Card"],"gold_per_floor":[99,112,128,128,59,91,91,126,26,26,26,38,38,138,153,250,250,150,163,148,166,176,190,190,140,153,153,184,196,218,230,252,359,371,383,414,439,461,104,122,177,202,102,116,116,79,79,79,92,92,92,118,81,81,81,81,81,81],"floor_reached":56,"language":"ENG","playtime":4370,"items_purged":[],"score":884,"play_id":"ce5ac30c-17d7-43bf-9d9e-e4857a89ab72","local_time":"20210207235912","is_ascension_mode":false,"campfire_choices":[{"floor":1,"key":"RECALL"},{"floor":9,"key":"REST"},{"floor":13,"key":"REST"},{"data":"Guardian:PrismaticBeam","floor":29,"key":"SMITH"},{"data":"Guardian:ShieldCharger","floor":43,"key":"SMITH"},{"data":"Guardian:FloatingOrbs","floor":45,"key":"SMITH"},{"data":"Guardian:Clone","floor":47,"key":"SMITH"},{"floor":54,"key":"REST"}],"circlet_count":0,"master_deck":["Guardian:Strike_Guardian","Guardian:Strike_Guardian","Guardian:Strike_Guardian","Guardian:Strike_Guardian","Guardian:Defend_Guardian","Guardian:Defend_Guardian","Guardian:Defend_Guardian","Guardian:Defend_Guardian","Guardian:CurlUp","Guardian:TwinSlam","Guardian:FloatingOrbs+1","Guardian:Reroute","Guardian:FloatingOrbs+1","Guardian:FloatingOrbs+1","Guardian:PrismaticBeam+1","Guardian:CrystalBeam+1","Guardian:MultiBeam+1","Guardian:Clone+1","Guardian:StasisStrike+1","Guardian:Suspension","Guardian:Recover","Guardian:BodySlam+1","Guardian:BronzeOrb+1","Guardian:PrimingBeam+1","Guardian:Reroute+1","Guardian:SphericShield+1","Guardian:ShieldCharger+1","Guardian:CrystalBeam+1","expansioncontent:DashGenerateEvil+1","Guardian:BronzeArmor","Guardian:TimeCapacitor+1","Guardian:CrystalBeam+1","Guardian:MultiBeam+1","Guardian:BronzeOrb+1","Guardian:DonusPower+1","Guardian:BodySlam+1"],"relics":["Guardian:ModeShifterPlus","downfall:ShatteredFragment","PreservedInsect","Molten Egg 2","WingedGreaves","downfall:HeartBlessingRed","Ring of Hypnosis","Ring of Misfortune","downfall:HeartBlessingGreen","Thread and Needle","MawBank","downfall:KnowingSkull","Pandora\u0027s Box","Guide Book","Thread and Needle","reliquary:WeakTea","downfall:HeartBlessingBlue","Mercury Hourglass"],"acts_visited":["Exordium","TheCity","TheBeyond","TheEnding"],"potions_floor_usage":[8,16,20,33,33,33,50,50,52],"damage_taken":[{"damage":5,"enemies":"2 Louse","floor":2,"turns":4},{"damage":5,"enemies":"Small Slimes","floor":3,"turns":4},{"damage":5,"enemies":"downfall:FleeingMerchant","floor":5,"turns":4},{"damage":18,"enemies":"Lagavulin","floor":6,"turns":5},{"damage":12,"enemies":"3 Sentries","floor":8,"turns":6},{"damage":8,"enemies":"Cultist","floor":12,"turns":4},{"damage":0,"enemies":"2 Fungi Beasts","floor":15,"turns":2},{"damage":27,"enemies":"WA_ARCHETYPE_RETAIN","floor":16,"turns":6},{"damage":13,"enemies":"3 Byrds","floor":19,"turns":4},{"damage":0,"enemies":"downfall:FleeingMerchant","floor":20,"turns":4},{"damage":2,"enemies":"3 Cultists","floor":21,"turns":5},{"damage":18,"enemies":"Shelled Parasite and Fungi","floor":22,"turns":5},{"damage":2,"enemies":"Cultist and Chosen","floor":23,"turns":5},{"damage":0,"enemies":"Centurion and Healer","floor":26,"turns":4},{"damage":0,"enemies":"Book of Stabbing","floor":28,"turns":4},{"damage":0,"enemies":"3 Cultists","floor":30,"turns":4},{"damage":1,"enemies":"Chosen and Byrds","floor":32,"turns":3},{"damage":26,"enemies":"DF_ARCHETYPE_CLAW","floor":33,"turns":8},{"damage":1,"enemies":"3 Darklings","floor":36,"turns":3},{"damage":1,"enemies":"Orb Walker","floor":37,"turns":3},{"damage":1,"enemies":"Maw","floor":38,"turns":6},{"damage":1,"enemies":"downfall:FleeingMerchant","floor":39,"turns":4},{"damage":1,"enemies":"Spire Growth","floor":40,"turns":2},{"damage":1,"enemies":"Nemesis","floor":42,"turns":3},{"damage":1,"enemies":"Sphere and 2 Shapes","floor":44,"turns":3},{"damage":1,"enemies":"Writhing Mass","floor":49,"turns":4},{"damage":53,"enemies":"SI_POISON_ARCHETYPE","floor":50,"turns":6},{"damage":34,"enemies":"downfall:CharBossMerchant","floor":52,"turns":8},{"damage":11,"enemies":"downfall:NeowBoss","floor":55,"turns":17},{"damage":87,"enemies":"downfall:NeowBossFinal","floor":56,"turns":11}],"seed_played":"5906073800203110731","potions_obtained":[{"floor":6,"key":"champ:CounterPotion"},{"floor":12,"key":"Strength Potion"},{"floor":16,"key":"Block Potion"},{"floor":18,"key":"EssenceOfSteel"},{"floor":18,"key":"blueLaboratory:BottledHope"},{"floor":23,"key":"AttackPotion"},{"floor":32,"key":"blueLaboratory:FruitPunch"},{"floor":33,"key":"Cursed Concoction"},{"floor":38,"key":"Cursed Concoction"},{"floor":44,"key":"blueLaboratory:RecallPotion"}],"is_trial":false,"path_per_floor":["R","M","M","?","$","E","T","E","R","?","?","M","R","?","M","B",null,"R","M","$","M","M","M","T","?","M","?","E","R","M","?","M","B",null,"R","M","M","M","$","M","T","E","R","M","R","$","R","?","M","B",null,"E","$","R","B","B"],"character_chosen":"GUARDIAN","items_purchased":["Guardian:FloatingOrbs","Guide Book","reliquary:SculptingSteel","expansioncontent:DashGenerateEvil","Guardian:Gem_Purple","Guardian:BronzeArmor","Adrenaline Potion","Guardian:MultiBeam+1","Guardian:BodySlam+1"],"campfire_rested":3,"item_purchase_floors":[5,39,39,39,39,39,39,46,53],"current_hp_per_floor":[88,83,78,54,49,31,31,19,45,45,45,37,63,63,63,36,88,88,75,75,73,55,53,53,85,85,85,85,85,85,77,76,52,90,90,89,88,87,86,85,85,84,94,93,93,93,93,93,92,39,100,66,66,96,85,0,0,0],"gold":81,"neow_bonus":"TEN_PERCENT_HP_BONUS","is_daily":false,"chose_seed":false,"campfire_upgraded":4,"win_rate":0.0,"timestamp":1612760352,"path_taken":["R","M","M","?","$","E","T","E","R","?","?","?","R","?","M","BOSS","R","M","$","M","?","M","T","?","M","?","E","R","M","?","M","BOSS","R","M","M","M","$","M","T","E","R","?","R","$","R","?","M","BOSS","E","$","R","BOSS","BOSS"],"items_purchased_type":["Card","Relic","Relic","Card","Card","Card","Potion","Card","Card"],"build_version":"2020-12-22","purchased_purges":0,"victory":false,"max_hp_per_floor":[88,88,88,88,88,88,88,88,88,88,88,88,88,88,88,88,88,88,88,88,88,88,88,88,88,88,88,88,88,88,88,88,90,90,90,90,90,90,90,90,90,90,100,100,100,100,100,100,100,100,100,100,100,100,100,100,100,100],"card_choices":[{"not_picked":["Guardian:Gem_Green","Guardian:PiercingHide"],"picked":"Guardian:FloatingOrbs","floor":2},{"not_picked":["Guardian:Suspension","Guardian:TemporalShield"],"picked":"Guardian:Reroute","floor":3},{"not_picked":["Guardian:Planning","Guardian:ChargeCore"],"picked":"Guardian:Gem_White","floor":5},{"not_picked":["Guardian:Gem_Purple","Guardian:FloatingOrbs"],"picked":"Guardian:PrismaticBeam","floor":6},{"not_picked":["Guardian:RollAttack+1","Guardian:Suspension"],"picked":"Guardian:CrystalBeam+1","floor":8},{"not_picked":["Guardian:BronzeOrb+1","Guardian:Clone"],"picked":"Guardian:MultiBeam+1","floor":12},{"not_picked":["Guardian:ChargeCore+1","Guardian:BronzeArmor"],"picked":"Guardian:Clone","floor":15},{"not_picked":["Guardian:FastForward","Guardian:ConstructionForm"],"picked":"Guardian:StasisStrike+1","floor":16},{"not_picked":["Guardian:TimeCapacitor","Guardian:VentSteam"],"picked":"Guardian:Suspension","floor":19},{"not_picked":["Guardian:TemporalShield","Guardian:BronzeArmor"],"picked":"Guardian:Recover","floor":20},{"not_picked":["Guardian:SentryBeam+1","Guardian:Suspension"],"picked":"Guardian:Gem_Cyan","floor":21},{"not_picked":["Guardian:TemporalShield+1","Guardian:Reroute+1"],"picked":"Guardian:BodySlam+1","floor":22},{"not_picked":["Guardian:Clone","Guardian:PrismaticBarrier"],"picked":"Guardian:BronzeOrb+1","floor":23},{"not_picked":["Guardian:Planning","Guardian:GuardianWhirl+1","Guardian:PolyBeam+1"],"picked":"SKIP","floor":26},{"not_picked":["Guardian:CrystalBeam+1","Guardian:Incinerate+1"],"picked":"Guardian:PrimingBeam+1","floor":28},{"not_picked":["Guardian:Planning","Guardian:BronzeArmor"],"picked":"Guardian:Reroute+1","floor":30},{"not_picked":["Guardian:RefractedBeam+1","Guardian:BaubleBeam+1"],"picked":"Guardian:Gem_Crimson","floor":32},{"not_picked":["Guardian:AncientConstruct","Guardian:ExploitGems"],"picked":"Guardian:SphericShield","floor":33},{"not_picked":["Guardian:Incinerate+1","Guardian:Recover+1"],"picked":"Guardian:Gem_Lightblue","floor":36},{"not_picked":["Guardian:TemporalShield","Guardian:Gem_Lightblue"],"picked":"Guardian:ShieldCharger","floor":37},{"not_picked":["Guardian:Gem_Green","Guardian:Harden+1"],"picked":"Guardian:Gem_Cyan","floor":38},{"not_picked":["Guardian:TemporalShield+1","Guardian:Incinerate+1"],"picked":"Guardian:CrystalBeam+1","floor":39},{"not_picked":["Guardian:Harden+1","Guardian:ShieldCharger"],"picked":"Guardian:Gem_Cyan","floor":40},{"not_picked":["Guardian:Gem_Purple","Guardian:Repulse"],"picked":"Guardian:TimeCapacitor+1","floor":42},{"not_picked":["Guardian:Suspension","Guardian:AncientConstruct"],"picked":"Guardian:CrystalBeam+1","floor":44},{"not_picked":["Guardian:Recover","Guardian:PiercingHide"],"picked":"Guardian:BronzeOrb+1","floor":49},{"not_picked":["Guardian:MultiBeam+1","Guardian:AncientConstruct"],"picked":"Guardian:DonusPower+1","floor":52}],"player_experience":216211,"relics_obtained":[{"floor":6,"key":"PreservedInsect"},{"floor":7,"key":"Molten Egg 2"},{"floor":8,"key":"WingedGreaves"},{"floor":10,"key":"Ring of Hypnosis"},{"floor":10,"key":"Ring of Misfortune"},{"floor":24,"key":"Thread and Needle"},{"floor":28,"key":"MawBank"},{"floor":42,"key":"reliquary:WeakTea"},{"floor":52,"key":"Mercury Hourglass"}],"event_choices":[],"is_beta":false,"boss_relics":[{"not_picked":["Replay:Wanted Poster","SlaversCollar"],"picked":"Guardian:ModeShifterPlus"},{"not_picked":["reliquary:RedCape","bronze:MakeshiftBattery"],"picked":"Pandora\u0027s Box"}],"items_purged_floors":[],"is_endless":false,"potions_floor_spawned":[6,12,16,19,23,30,32,33,38,42,44],"killed_by":"downfall:NeowBossFinal","ascension_level":0}}