{"host":"rdkn868dy8jmb7gs","time":1612764181,"event":{"mods":["Act Like it!","Arknights","BaseMod","BetterRewards","Colored Map","Colored Powertips","Gensokyo","Marisa£®ÏF”Í°°ƒß¿Ì…≥£©","Minty Spire (QoL Compilation)","Reimu£®≤©¿ˆ¡È√Œ£©","Remilia£®¿Ÿ√◊¿Ú—«£©","Replay The Spire","Spicy Shops","StSLib","The Servant 0.9.4","Youmu£®ªÍ∆«—˝√Œ£©","ÛÙª÷∏ƒœ"],"gold_per_floor":[113,113,133,150,150,178,178,29,29,29,47,80,80,108,108,210,210,224,53,67,26,426,459,459,485,485,485,0,29,29,61,61,157,157,168,168,181,196,196,228,228,260,260,260,295,305,305,305,305,305],"floor_reached":51,"language":"ZHS","playtime":2230,"items_purged":["Pain","ats:Strike V","ats:Strike S"],"score":1270,"play_id":"c5b9970a-7235-467e-9355-d5c51fc9c9d5","local_time":"20210208140301","is_ascension_mode":true,"campfire_choices":[{"data":"ats:Overload","floor":7,"key":"SMITH"},{"data":"ats:Closed Bolt Burst Fire","floor":10,"key":"SMITH"},{"data":"ats:Apocalypse","floor":13,"key":"SMITH"},{"data":"ats:Cat Scratch","floor":15,"key":"SMITH"},{"data":"1","floor":24,"key":"LIFT"},{"data":"2","floor":30,"key":"LIFT"},{"data":"3","floor":32,"key":"LIFT"},{"data":"ats:True Silver Slash","floor":41,"key":"SMITH"},{"data":"Gensokyo:GreaterSplit","floor":47,"key":"SMITH"},{"floor":49,"key":"REST"}],"circlet_count":0,"master_deck":["ats:Strike G+1","ats:Armor Crushing Shot","ats:Defend+1","ats:Defend+1","ats:Defend","ats:Emotion Absorption","ats:Apocalypse+1","ats:Very Hot Blade","ats:Phantom+1","ats:Sashimi Platter","ats:Thermite Blade+1","ats:Guard Mode","ats:Cat Scratch+1","ats:Very Hot Blade","ats:Curse Doll","ats:Sunburst","ats:Closed Bolt Burst Fire+1","ats:Overload+1","ats:Hook Shot","ats:Charging Defense","ats:Healing Strengthening","ats:Rat Pack+1","ats:Healing Strengthening","ats:Part Time Job","ats:Flame Of Heaven","ats:Roar Of Ursus","ats:Red Shift+1","ats:True Silver Slash+1","ats:Assault Order+1","Gensokyo:ReactiveArmor","Gensokyo:GreaterSplit+1","Doubt","ats:Literary Storm","ats:Demon Strength+1"],"relics":["ats:Sanity","MealTicket","Vajra","War Paint","Lee\u0027s Waffle","Gensokyo:OccultBall","ats:Originium","Bag of Preparation","Membership Card","Prayer Wheel","ReplayTheSpireMod:TigerMarble","Letter Opener","Snecko Eye","Replay:Wax Seal","Girya","Blood Vial","Pear","Pen Nib","Singing Bowl","SlaversCollar","Gensokyo:DualWield","Dream Catcher","Tea:ReiMu","Replay:Multitool","Ginger","ats:Omniscience"],"acts_visited":["Exordium","Gensokyo:Gensokyo","Gensokyo:Gensokyoer"],"potions_floor_usage":[12,23,23,29,50],"damage_taken":[{"damage":0,"enemies":"Gensokyo:3_Fairies","floor":1,"turns":4},{"damage":0,"enemies":"Gensokyo:Python","floor":3,"turns":2},{"damage":0,"enemies":"Gensokyo:2_Kodama","floor":4,"turns":3},{"damage":13,"enemies":"Gensokyo:Mamizou","floor":6,"turns":5},{"damage":0,"enemies":"Gensokyo:LivingMonolith","floor":11,"turns":2},{"damage":22,"enemies":"Gensokyo:Cirno","floor":12,"turns":6},{"damage":10,"enemies":"Gensokyo:Mamizou","floor":14,"turns":5},{"damage":13,"enemies":"Gensokyo:Yukari","floor":16,"turns":5},{"damage":0,"enemies":"Gensokyo:AngelMirror","floor":18,"turns":2},{"damage":0,"enemies":"Gensokyo:3_Dogs","floor":20,"turns":3},{"damage":39,"enemies":"Gensokyo:Swordslinger","floor":22,"turns":5},{"damage":1,"enemies":"Gensokyo:Reisen","floor":23,"turns":5},{"damage":57,"enemies":"Gensokyo:Koishi","floor":25,"turns":7},{"damage":22,"enemies":"Gensokyo:Tenshi","floor":29,"turns":4},{"damage":7,"enemies":"Gensokyo:Koishi","floor":31,"turns":5},{"damage":45,"enemies":"Gensokyo:Kaguya","floor":33,"turns":8},{"damage":29,"enemies":"Gensokyo:AncientGuardian","floor":35,"turns":5},{"damage":0,"enemies":"Gensokyo:3_Bats","floor":37,"turns":1},{"damage":0,"enemies":"Gensokyo:AtlasGolem","floor":38,"turns":3},{"damage":2,"enemies":"Gensokyo:Marisa","floor":40,"turns":3},{"damage":0,"enemies":"Gensokyo:Doremy","floor":42,"turns":5},{"damage":10,"enemies":"Gensokyo:Marisa","floor":45,"turns":3},{"damage":5,"enemies":"Gensokyo:Sharpion","floor":46,"turns":4},{"damage":0,"enemies":"Gensokyo:Shinki","floor":50,"turns":5}],"seed_played":"-6577755115675572296","potions_obtained":[{"floor":4,"key":"Death Potion"},{"floor":6,"key":"Weak Potion"},{"floor":11,"key":"Weak Potion"},{"floor":16,"key":"SteroidPotion"},{"floor":18,"key":"Toxic Potion"},{"floor":20,"key":"Toxic Potion"},{"floor":25,"key":"Venom Potion"},{"floor":37,"key":"Venom Potion"},{"floor":40,"key":"Dexterity Potion"}],"is_trial":false,"path_per_floor":["M","?","M","M","?","E","R","$","T","R","M","E","R","E","R","B",null,"M","$","M","$","M","E","R","E","T","?","?","E","R","E","R_BF","B",null,"M","?","M","M","?","E","R","E","T","?","E","M","R","?","R","B",null],"character_chosen":"DOCTOR_CLASS","items_purchased":["MealTicket","Anchor","Vajra","ats:Healing Drone","ats:Apocalypse","ats:Very Hot Blade","War Paint","Lee\u0027s Waffle","ats:Phantom+1","ats:Sashimi Platter","ats:Thermite Blade","ats:Guard Mode","Membership Card","ats:Part Time Job","Replay:Wax Seal"],"campfire_rested":1,"item_purchase_floors":[0,0,0,0,0,0,0,0,0,0,0,0,8,19,21],"current_hp_per_floor":[79,79,79,79,79,66,66,79,79,79,79,61,61,71,71,65,79,79,79,79,79,70,75,75,31,41,41,41,40,40,47,47,42,91,78,78,84,90,90,97,97,105,105,105,99,105,105,62,94,109],"gold":305,"neow_bonus":"","is_daily":false,"chose_seed":false,"campfire_upgraded":6,"win_rate":0.0,"timestamp":1612764181,"path_taken":["M","?","M","M","?","E","R","$","T","R","M","E","R","E","R","BOSS","M","?","?","$","M","E","R","E","T","?","?","E","R","E","R_BF","BOSS","M","?","M","M","?","E","R","E","T","?","E","M","R","?","R","BOSS"],"items_purchased_type":["Relic","Relic","Relic","Card","Card","Card","Relic","Relic","Card","Card","Card","Card","Relic","Card","Relic"],"build_version":"2020-12-22","purchased_purges":3,"victory":true,"max_hp_per_floor":[79,79,79,79,79,79,79,79,79,79,79,79,79,79,79,79,79,79,79,79,79,79,79,79,79,89,89,89,89,89,91,91,91,91,93,93,97,101,101,103,103,105,105,105,107,109,109,109,109,109],"card_choices":[{"not_picked":["ats:Ignite","ats:Powerful Strike"],"picked":"ats:Cat Scratch","floor":1},{"not_picked":["ats:Revitalization","ats:Guardian Obelisk"],"picked":"ats:Very Hot Blade","floor":2},{"not_picked":["ats:Cat Scratch","ats:Apocalypse"],"picked":"ats:Curse Doll","floor":2},{"not_picked":["ats:Part Time Job","ats:Absolute Focus"],"picked":"ats:Sunburst","floor":3},{"not_picked":["ats:Curse Doll","ats:Ignite"],"picked":"ats:Closed Bolt Burst Fire","floor":4},{"not_picked":["ats:Apocalypse","ats:Automatic Cover"],"picked":"ats:Overload","floor":6},{"not_picked":["ats:Flexible Camouflage","ats:Support Order"],"picked":"ats:Hook Shot","floor":11},{"not_picked":["ats:Soul Absorption","ats:Rapid Magazine"],"picked":"ats:Charging Defense","floor":11},{"not_picked":["ats:Very Hot Blade","ats:Poison Spread","ats:Charging Defense"],"picked":"SKIP","floor":12},{"not_picked":["ats:Explosion Area Strengthen","ats:Collapsing Strike"],"picked":"ats:Healing Strengthening","floor":14},{"not_picked":["ats:Fractured Body","ats:Soul Rend"],"picked":"ats:Rat Pack","floor":16},{"not_picked":["ats:Beaten Up","ats:Guard Mode"],"picked":"ats:Mental Burst","floor":18},{"not_picked":["ats:Blood Oath","ats:Very Hot Blade+1"],"picked":"ats:Healing Strengthening","floor":18},{"not_picked":["ats:Guard Mode","ats:Absolute Focus"],"picked":"ats:Flame Of Heaven","floor":20},{"not_picked":["ats:Cat Scratch","ats:Ignite","ats:Automatic Cover"],"picked":"SKIP","floor":20},{"not_picked":["ats:Guard Mode","ats:Closed Bolt Burst Fire+1"],"picked":"ats:Roar Of Ursus","floor":22},{"not_picked":["ats:Shell Defense","ats:Phantom","ats:Absolute Focus+1"],"picked":"SKIP","floor":22},{"not_picked":["ats:Powerful Strike","ats:Leaping Hammer+1","ats:Apocalypse"],"picked":"SKIP","floor":23},{"not_picked":["ats:Apocalypse","ats:Composite Medical Shells"],"picked":"ats:Red Shift","floor":25},{"not_picked":["ats:Encircling Forest","ats:Chain Hook","ats:Curse Doll"],"picked":"SKIP","floor":29},{"not_picked":["ats:Flame Of Heaven+1","ats:Consecutive Shot Auto","ats:Encircling Forest"],"picked":"Singing Bowl","floor":31},{"not_picked":["ats:Shadow Assault","ats:Nebulous Foxfire"],"picked":"ats:True Silver Slash","floor":33},{"not_picked":["ats:Neurotoxin+1","ats:Steam Pump+1"],"picked":"ats:Assault Order+1","floor":35},{"not_picked":["ats:Closed Bolt Burst Fire","ats:Beaten Up","ats:Leaping Hammer"],"picked":"Singing Bowl","floor":35},{"not_picked":["ats:Ignite","ats:Flexible Camouflage+1","ats:Neurotoxin"],"picked":"Singing Bowl","floor":37},{"not_picked":["ats:Guard Mode+1","ats:Healing Strengthening","ats:Ignite"],"picked":"Singing Bowl","floor":37},{"not_picked":["ats:Phantom+1","ats:Thorns","ats:Very Hot Blade+1"],"picked":"Singing Bowl","floor":38},{"not_picked":["ats:Very Hot Blade+1","ats:Cat Scratch","ats:Closed Bolt Burst Fire+1"],"picked":"Singing Bowl","floor":38},{"not_picked":["ats:Poison Spread+1","ats:Closed Bolt Burst Fire+1","ats:Cat Scratch+1"],"picked":"Singing Bowl","floor":40},{"not_picked":["ats:Roar Of Ursus","ats:Hammer On+1","ats:Chain Hook+1"],"picked":"Singing Bowl","floor":42},{"not_picked":["ats:Flexible Camouflage+1","ats:Guard Mode+1","ats:Curse Doll+1"],"picked":"Singing Bowl","floor":45},{"not_picked":["ats:Serious Mode+1","ats:Beaten Up","ats:Burning Ground+1"],"picked":"Singing Bowl","floor":46},{"not_picked":["ats:Blood Oath","ats:Closed Bolt Burst Fire"],"picked":"ats:Literary Storm","floor":46},{"not_picked":["ats:Closed Bolt Burst Fire+1","ats:Revitalization"],"picked":"ats:Demon Strength+1","floor":49}],"player_experience":443759,"relics_obtained":[{"floor":6,"key":"ats:Originium"},{"floor":6,"key":"Bag of Preparation"},{"floor":9,"key":"Prayer Wheel"},{"floor":12,"key":"ats:Originium"},{"floor":12,"key":"ReplayTheSpireMod:TigerMarble"},{"floor":14,"key":"Gensokyo:OccultBall"},{"floor":14,"key":"ats:Originium"},{"floor":14,"key":"Letter Opener"},{"floor":16,"key":"Gensokyo:OccultBall"},{"floor":23,"key":"ats:Originium"},{"floor":23,"key":"Girya"},{"floor":25,"key":"Blood Vial"},{"floor":26,"key":"Pear"},{"floor":29,"key":"Pen Nib"},{"floor":31,"key":"Singing Bowl"},{"floor":33,"key":"Gensokyo:OccultBall"},{"floor":40,"key":"Dream Catcher"},{"floor":42,"key":"Tea:ReiMu"},{"floor":43,"key":"Replay:Multitool"},{"floor":45,"key":"Ginger"}],"event_choices":[],"is_beta":false,"boss_relics":[{"not_picked":["Replay:Ancient Bell","Pandora\u0027s Box"],"picked":"Snecko Eye"},{"not_picked":["Kintsugi","ReplayTheSpireMod:DimensionalGlitch"],"picked":"SlaversCollar"}],"items_purged_floors":[0,19,19],"is_endless":false,"potions_floor_spawned":[4,6,11,16,18,20,25,37,40],"ascension_level":1}}