{"host":"2c84cb4cp1emursg","time":1612764948,"event":{"mods":["Act Like it!","BaseMod","Better Third Choice","Bossed Relics","Hermit","Mimic Mod","Minty Spire (QoL Compilation)","Permanent Neow","Robot Space Explorer","StSLib"],"gold_per_floor":[114,64,75,91,91,118,134,150,177,193,223,240,255,255,255,255,255],"floor_reached":16,"language":"ENG","playtime":945,"items_purged":[],"score":116,"play_id":"2eb83c6b-fe17-4cfd-ad57-9f6169c05d94","local_time":"20210207231548","is_ascension_mode":false,"campfire_choices":[{"data":"RobotSpaceExplorer:ExhaustFan","floor":15,"key":"SMITH"}],"circlet_count":0,"master_deck":["RobotSpaceExplorer:Strike","RobotSpaceExplorer:Strike","RobotSpaceExplorer:Strike","RobotSpaceExplorer:Defend","RobotSpaceExplorer:Defend","RobotSpaceExplorer:Defend","RobotSpaceExplorer:Defend","RobotSpaceExplorer:Scan","RobotSpaceExplorer:MiniLasers","RobotSpaceExplorer:StarLightning","RobotSpaceExplorer:StarLightning","RobotSpaceExplorer:StunGrenade","RobotSpaceExplorer:MetalStrike","RobotSpaceExplorer:Autoloader","RobotSpaceExplorer:JunkDive","RobotSpaceExplorer:ExhaustFan+1"],"relics":["RobotSpaceExplorer:RoboCore","Anchor","Omamori","Pen Nib","MealTicket"],"acts_visited":["Exordium"],"potions_floor_usage":[11,11,16,16],"damage_taken":[{"damage":0,"enemies":"2 Louse","floor":1,"turns":3},{"damage":0,"enemies":"Small Slimes","floor":3,"turns":3},{"damage":1,"enemies":"Cultist","floor":4,"turns":3},{"damage":22,"enemies":"Lagavulin","floor":6,"turns":7},{"damage":6,"enemies":"Large Slime","floor":7,"turns":4},{"damage":0,"enemies":"Exordium Wildlife","floor":8,"turns":2},{"damage":0,"enemies":"Gremlin Gang","floor":10,"turns":4},{"damage":11,"enemies":"3 Sentries","floor":11,"turns":5},{"damage":0,"enemies":"2 Fungi Beasts","floor":12,"turns":2},{"damage":3,"enemies":"3 Louse","floor":13,"turns":3},{"damage":41,"enemies":"Slime Boss","floor":16,"turns":7}],"seed_played":"7156052693364076870","potions_obtained":[{"floor":1,"key":"LiquidBronze"},{"floor":7,"key":"Swift Potion"},{"floor":8,"key":"Fire Potion"},{"floor":10,"key":"LiquidMemories"},{"floor":13,"key":"DuplicationPotion"}],"is_trial":false,"path_per_floor":["M","?","M","M","?","E","M","M","T","M","E","M","M","?","R","B"],"character_chosen":"RobotSpaceExplorer","items_purchased":[],"campfire_rested":0,"item_purchase_floors":[],"current_hp_per_floor":[75,75,75,74,79,57,51,51,51,51,40,40,37,37,37,0,0],"gold":255,"neow_bonus":"RANDOM_COMMON_RELIC","is_daily":false,"chose_seed":false,"campfire_upgraded":1,"win_rate":0.0,"timestamp":1612764948,"path_taken":["M","?","M","M","?","E","M","M","T","M","E","M","M","?","R","BOSS"],"items_purchased_type":[],"build_version":"2020-12-22","purchased_purges":0,"victory":false,"max_hp_per_floor":[75,75,75,75,80,80,80,80,80,80,80,80,80,80,80,80,80],"card_choices":[{"not_picked":["RobotSpaceExplorer:ImprovisedAttack","RobotSpaceExplorer:StunGrenade"],"picked":"RobotSpaceExplorer:StarLightning","floor":1},{"not_picked":["RobotSpaceExplorer:RigExplosive","RobotSpaceExplorer:Counterblock"],"picked":"RobotSpaceExplorer:SlimeMissile","floor":3},{"not_picked":["RobotSpaceExplorer:Ammunition","RobotSpaceExplorer:SlimeMissile"],"picked":"RobotSpaceExplorer:StarLightning","floor":4},{"not_picked":["RobotSpaceExplorer:MiniDrones","RobotSpaceExplorer:FreezeRay"],"picked":"RobotSpaceExplorer:StunGrenade","floor":6},{"not_picked":["RobotSpaceExplorer:SlimeMissile","RobotSpaceExplorer:GlueShot"],"picked":"RobotSpaceExplorer:MetalStrike","floor":7},{"not_picked":["RobotSpaceExplorer:SurgingShield","RobotSpaceExplorer:GlueShot"],"picked":"RobotSpaceExplorer:Autoloader","floor":8},{"not_picked":["RobotSpaceExplorer:LaserBurst","RobotSpaceExplorer:ShockKick"],"picked":"RobotSpaceExplorer:JunkDive","floor":10},{"not_picked":["RobotSpaceExplorer:FreezingShield","RobotSpaceExplorer:ImprovisedAttack","RobotSpaceExplorer:StarDust"],"picked":"SKIP","floor":11},{"not_picked":["RobotSpaceExplorer:MiniDrones","RobotSpaceExplorer:Probe"],"picked":"RobotSpaceExplorer:ExhaustFan","floor":12},{"not_picked":["RobotSpaceExplorer:FranticSearch","RobotSpaceExplorer:MetalStrike","RobotSpaceExplorer:ShockKick"],"picked":"SKIP","floor":13}],"player_experience":450322,"relics_obtained":[{"floor":6,"key":"Omamori"},{"floor":11,"key":"Pen Nib"}],"event_choices":[{"cards_removed":["RobotSpaceExplorer:Strike"],"damage_healed":0,"gold_gain":0,"player_choice":"Card Removal","damage_taken":0,"max_hp_gain":0,"max_hp_loss":0,"event_name":"The Cleric","floor":2,"gold_loss":50},{"damage_healed":0,"gold_gain":0,"player_choice":"Donut","damage_taken":0,"max_hp_gain":5,"max_hp_loss":0,"event_name":"Big Fish","floor":5,"gold_loss":0},{"cards_removed":["RobotSpaceExplorer:SlimeMissile"],"damage_healed":0,"gold_gain":0,"player_choice":"Gave Card","damage_taken":0,"relics_obtained":["MealTicket"],"max_hp_gain":0,"max_hp_loss":0,"event_name":"WeMeetAgain","floor":14,"gold_loss":0}],"is_beta":false,"boss_relics":[],"items_purged_floors":[],"is_endless":false,"potions_floor_spawned":[1,7,8,10,13],"killed_by":"Slime Boss","ascension_level":0}}