{"host":"2wp95sdfrgw3k439","time":1612807481,"event":{"mods":["BaseMod","Better Altar","Better Skull","Better Third Choice","Curses Come First","Minty Spire (QoL Compilation)","Permanent Neow","StSLib"],"gold_per_floor":[118,118,133,18,28,60,60,95,140,140,140,140,169,219,219,322,322,333,348,398,373,18,44,44,74,74,124,174,174,259,359,359,359,359],"floor_reached":33,"language":"ENG","playtime":1419,"items_purged":["Strike_B","Defend_B"],"score":428,"play_id":"3436f16d-aeea-4c58-bc5d-c2be4019226f","local_time":"20210208110441","is_ascension_mode":true,"campfire_choices":[{"floor":7,"key":"REST"},{"floor":10,"key":"REST"},{"floor":15,"key":"REST"},{"data":"Loop","floor":24,"key":"SMITH"},{"floor":29,"key":"REST"},{"floor":32,"key":"REST"}],"circlet_count":0,"master_deck":["Strike_B","Strike_B","Defend_B","Defend_B","Defend_B","Zap","Dualcast","Cold Snap","Coolheaded","Loop+1","Compile Driver","Beam Cell","Self Repair+1","Undo","Multi-Cast+1","Loop+1","Hologram+1","Multi-Cast","Redo+1","FTL+1","Self Repair+1"],"relics":["Cracked Core","TungstenRod","Pear","Juzu Bracelet","Bronze Scales","Bag of Preparation","SsserpentHead","DataDisk","SlaversCollar","Bottled Tornado","Anchor","Smiling Mask","Frozen Egg 2","Red Mask","Omamori"],"acts_visited":["Exordium","TheCity"],"potions_floor_usage":[6,16],"damage_taken":[{"damage":7,"enemies":"Jaw Worm","floor":1,"turns":3},{"damage":2,"enemies":"Cultist","floor":3,"turns":4},{"damage":8,"enemies":"Small Slimes","floor":5,"turns":4},{"damage":26,"enemies":"Gremlin Nob","floor":6,"turns":5},{"damage":22,"enemies":"Lagavulin","floor":8,"turns":8},{"damage":28,"enemies":"Gremlin Nob","floor":13,"turns":4},{"damage":25,"enemies":"Hexaghost","floor":16,"turns":12},{"damage":8,"enemies":"Shell Parasite","floor":18,"turns":6},{"damage":23,"enemies":"2 Thieves","floor":19,"turns":4},{"damage":20,"enemies":"Book of Stabbing","floor":23,"turns":7},{"damage":34,"enemies":"Slavers","floor":25,"turns":7},{"damage":36,"enemies":"Masked Bandits","floor":30,"turns":6},{"damage":51,"enemies":"Collector","floor":33,"turns":15}],"seed_played":"-1849430155274235056","potions_obtained":[{"floor":1,"key":"DistilledChaos"},{"floor":3,"key":"FearPotion"},{"floor":13,"key":"Dexterity Potion"},{"floor":23,"key":"SteroidPotion"}],"is_trial":false,"path_per_floor":["M","?","M","$","M","E","R","E","T","R","?","?","E","?","R","B",null,"M","M","?","?","$","E","R","E","T","?","?","R","?","T","R","B"],"character_chosen":"DEFECT","items_purchased":["Loop","Bottled Tornado"],"campfire_rested":5,"item_purchase_floors":[4,22],"current_hp_per_floor":[61,71,69,69,61,35,58,36,36,59,78,78,57,42,65,50,71,73,60,60,60,60,50,50,26,26,26,26,49,13,13,36,0,0],"gold":359,"neow_bonus":"ONE_RARE_RELIC","is_daily":false,"chose_seed":false,"campfire_upgraded":1,"win_rate":0.0,"timestamp":1612807481,"path_taken":["M","?","?","?","M","E","R","E","T","R","?","?","E","?","R","BOSS","M","M","?","?","$","E","R","E","T","?","?","R","?","?","R","BOSS"],"items_purchased_type":["Card","Relic"],"build_version":"2020-12-22","purchased_purges":2,"victory":false,"max_hp_per_floor":[68,78,78,78,78,78,78,78,78,78,78,78,78,78,78,78,78,78,78,78,78,78,78,78,78,78,78,78,78,78,78,78,78,78],"card_choices":[{"not_picked":["Static Discharge","Streamline"],"picked":"Cold Snap","floor":1},{"not_picked":["Darkness","Ball Lightning"],"picked":"Coolheaded","floor":3},{"not_picked":["Chill","Barrage"],"picked":"Compile Driver","floor":5},{"not_picked":["Turbo","Tempest"],"picked":"Beam Cell","floor":6},{"not_picked":["Lockon","Compile Driver"],"picked":"Self Repair","floor":8},{"not_picked":["Double Energy","Go for the Eyes"],"picked":"Undo","floor":13},{"not_picked":["Amplify","Buffer"],"picked":"Multi-Cast","floor":16},{"not_picked":["Chaos","White Noise"],"picked":"Loop","floor":18},{"not_picked":["Darkness+1","Sweeping Beam"],"picked":"Hologram+1","floor":19},{"not_picked":["Lockon","Skim+1"],"picked":"Redo+1","floor":23},{"not_picked":["Streamline","Fission"],"picked":"FTL+1","floor":25},{"not_picked":["Barrage","Cold Snap"],"picked":"Self Repair+1","floor":30}],"player_experience":563580,"relics_obtained":[{"floor":6,"key":"Juzu Bracelet"},{"floor":8,"key":"Bronze Scales"},{"floor":9,"key":"Bag of Preparation"},{"floor":13,"key":"DataDisk"},{"floor":23,"key":"Anchor"},{"floor":25,"key":"Smiling Mask"},{"floor":26,"key":"Frozen Egg 2"},{"floor":30,"key":"Red Mask"},{"floor":31,"key":"Omamori"}],"event_choices":[{"damage_healed":0,"gold_gain":0,"player_choice":"Gave Potion","damage_taken":0,"relics_obtained":["Pear"],"max_hp_gain":0,"max_hp_loss":0,"event_name":"WeMeetAgain","floor":2,"gold_loss":0},{"damage_healed":26,"gold_gain":0,"player_choice":"Banana","damage_taken":0,"max_hp_gain":0,"max_hp_loss":0,"event_name":"Big Fish","floor":11,"gold_loss":0},{"damage_healed":0,"gold_gain":0,"player_choice":"Trade","damage_taken":0,"relics_obtained":["SsserpentHead"],"max_hp_gain":0,"max_hp_loss":0,"event_name":"FaceTrader","floor":12,"gold_loss":0},{"damage_healed":57,"gold_gain":0,"player_choice":"Upgrade","damage_taken":16,"max_hp_gain":0,"max_hp_loss":78,"event_name":"betterThird:BetterShining","floor":14,"gold_loss":0,"cards_upgraded":["Loop","Self Repair"]},{"damage_healed":0,"gold_gain":0,"player_choice":"1 cards matched","damage_taken":0,"max_hp_gain":0,"max_hp_loss":0,"event_name":"Match and Keep!","floor":20,"gold_loss":0,"cards_obtained":["Multi-Cast"]},{"cards_removed":["Strike_B"],"damage_healed":0,"gold_gain":0,"player_choice":"Gave Gold","damage_taken":0,"max_hp_gain":0,"max_hp_loss":0,"event_name":"Beggar","floor":21,"gold_loss":75},{"damage_healed":0,"gold_gain":0,"player_choice":"Upgraded","damage_taken":0,"max_hp_gain":0,"max_hp_loss":0,"event_name":"Upgrade Shrine","floor":27,"gold_loss":0,"cards_upgraded":["Multi-Cast"]},{"damage_healed":0,"gold_gain":0,"player_choice":"Adaptability","damage_taken":0,"max_hp_gain":0,"max_hp_loss":0,"event_name":"betterThird:BetterWriting","floor":28,"gold_loss":0},{"damage_healed":0,"gold_gain":0,"player_choice":"Fought Bandits","damage_taken":0,"max_hp_gain":0,"max_hp_loss":0,"event_name":"Masked Bandits","floor":30,"gold_loss":0}],"is_beta":false,"boss_relics":[{"not_picked":["Tiny House","Empty Cage"],"picked":"SlaversCollar"}],"items_purged_floors":[4,22],"is_endless":false,"potions_floor_spawned":[1,3,13,23],"killed_by":"Collector","ascension_level":9}}