{"host":"i3z0gcxurea6197v","time":1612809625,"event":{"mods":["Aspiration","BaseMod","Conspire","Energized Spire","Hubris","Minty Spire (QoL Compilation)","Permanent Neow","Relic Filter Mod","Relic Stats","Reliquary","Replay The Spire","Shop Mod","StSLib","SuperFastMode","Virulent Crown","Weighted Paths"],"gold_per_floor":[112,112,54,54,73,73,73,105,105,120,120,120,137,137,137,208,208,218,218,231,231,284,284,296,331,402,63,63,63,83,118,118,197,197,216,233,233,245,96,108,108,108,108],"floor_reached":42,"language":"RUS","playtime":5610,"items_purged":[],"score":868,"play_id":"b40f6b1b-98ef-4879-a4d5-c2d96b9fe1a8","local_time":"20210208234025","is_ascension_mode":true,"campfire_choices":[{"data":"Sword Boomerang","floor":6.0,"key":"SMITH"},{"floor":15.0,"key":"REST"},{"floor":23,"key":"REST"},{"floor":28,"key":"REST"},{"floor":32,"key":"REST"},{"floor":41,"key":"REST"}],"circlet_count":0,"master_deck":["AscendersBane","Strike_R","Defend_R+1","Defend_R","conspire:Purge","Shrug It Off","Sword Boomerang+1","Battle Trance","Fire Breathing","Shockwave","Shrug It Off","Berserk","Whirlwind+1","Uppercut","Pain","Dropkick+1","Sword Boomerang","Reaper","Sword Boomerang+1","Dark Embrace","Evolve"],"relics":["Burning Blood","Boot","Regal Pillow","Quantum Egg","Bronze Scales","ChewingGum","Nilry\u0027s Codex","Ring of Hypnosis","Ring of Fury","aspiration:HiddenCompartment","Dead Branch","Onion Ring","Replay:Bottled Steam","Ice Cream","Busted Crown","MerchantsRug"],"acts_visited":["Exordium","TheCity","TheBeyond"],"potions_floor_usage":[24,25,25,31,33,38,38],"damage_taken":[{"damage":12.0,"enemies":"Small Slimes","floor":1.0,"turns":6.0},{"damage":3.0,"enemies":"Cultist","floor":5.0,"turns":4.0},{"damage":39.0,"enemies":"Lagavulin","floor":8.0,"turns":8.0},{"damage":9.0,"enemies":"2 Louse","floor":10.0,"turns":3.0},{"damage":2.0,"enemies":"2 Fungi Beasts","floor":13.0,"turns":3.0},{"damage":29.0,"enemies":"Hexaghost","floor":16.0,"turns":9.0},{"damage":19,"enemies":"Shell Parasite","floor":18,"turns":5},{"damage":5,"enemies":"3 Byrds","floor":20,"turns":3},{"damage":17,"enemies":"Centurion and Healer","floor":24,"turns":5},{"damage":39,"enemies":"Gremlin Leader","floor":25,"turns":3},{"damage":5,"enemies":"Snecko","floor":30,"turns":3},{"damage":26,"enemies":"Slavers","floor":31,"turns":3},{"damage":16,"enemies":"Automaton","floor":33,"turns":5},{"damage":0,"enemies":"3 Darklings","floor":35,"turns":1},{"damage":52,"enemies":"3 Shapes","floor":36,"turns":4},{"damage":17,"enemies":"Writhing Mass","floor":38,"turns":4},{"damage":43,"enemies":"Spire Growth","floor":40,"turns":4},{"damage":57,"enemies":"Sphere and 2 Shapes","floor":42,"turns":2}],"seed_played":"4843260185991524247","potions_obtained":[{"floor":5.0,"key":"EntropicBrew"},{"floor":16.0,"key":"Milkshake"},{"floor":18,"key":"PowerPotion"},{"floor":24,"key":"BlessingOfTheForge"},{"floor":25,"key":"FearPotion"},{"floor":31,"key":"Languid Potion"},{"floor":33,"key":"Flashbang"},{"floor":35,"key":"LiquidMemories"},{"floor":36,"key":"DistilledChaos"}],"is_trial":false,"path_per_floor":["M","?","$","?","M","R","$","E","T","M","?","?","M","?","R","B",null,"M","?","M","?","?","R","M","E","T","$","R","$","M","E","R","B",null,"M","M","?","M","$","M","R","M"],"character_chosen":"IRONCLAD","items_purchased":["Sword Boomerang","Ice Cream","MerchantsRug","Dark Embrace"],"campfire_rested":5,"item_purchase_floors":[3,27,39,39],"current_hp_per_floor":[62,62,62,62,65,65,65,32,32,29,29,29,33,22,59,36,65,52,31,32,32,32,69,58,25,25,25,62,62,63,43,75,65,73,75,45,45,43,43,15,52,0,0],"gold":108,"neow_bonus":"ONE_RANDOM_RARE_CARD","is_daily":false,"chose_seed":false,"campfire_upgraded":1,"win_rate":0.0,"timestamp":1612809625,"path_taken":["M","?","$","?","?","R","$","E","T","M","?","?","M","?","R","BOSS","M","?","M","?","?","R","M","E","T","$","R","$","?","E","R","BOSS","M","M","?","M","$","?","R","M"],"items_purchased_type":["Card","Relic","Relic","Card"],"build_version":"2020-12-22","purchased_purges":0,"victory":false,"max_hp_per_floor":[75,75,75,75,75,75,75,75,75,75,75,75,75,75,75,75,75,75,75,75,75,75,75,75,75,75,75,75,75,75,75,75,75,75,75,75,75,75,75,75,75,75,75],"relic_stats":{"Regal Pillow":70,"Busted Crown":8,"counters":[18,75],"Bronze Scales":[177],"Dead Branch":[31],"Boot":[115],"obtain_stats":[{"Ice Cream":27,"MerchantsRug":39,"Regal Pillow":9,"Ring of Hypnosis":21,"Nilry\u0027s Codex":19,"Quantum Egg":9,"Dead Branch":25,"Boot":2,"aspiration:HiddenCompartment":22,"Burning Blood":0,"Matryoshka":8,"Busted Crown":34,"Bronze Scales":14,"ChewingGum":17,"Ring of Fury":21,"Onion Ring":26,"reliquary:TuningFork":31,"Replay:Bottled Steam":26},{"Ice Cream":10,"MerchantsRug":16,"Regal Pillow":3,"Ring of Hypnosis":8,"Nilry\u0027s Codex":7,"Quantum Egg":3,"Dead Branch":10,"Boot":1,"aspiration:HiddenCompartment":8,"Burning Blood":0,"Matryoshka":3,"Busted Crown":13,"Bronze Scales":5,"ChewingGum":6,"Ring of Fury":8,"Onion Ring":10,"reliquary:TuningFork":12,"Replay:Bottled Steam":10},{"Ice Cream":49,"MerchantsRug":69,"Regal Pillow":18,"Ring of Hypnosis":41,"Nilry\u0027s Codex":38,"Quantum Egg":18,"Dead Branch":49,"Boot":6,"aspiration:HiddenCompartment":41,"Burning Blood":0,"Matryoshka":18,"Busted Crown":60,"Bronze Scales":24,"ChewingGum":33,"Ring of Fury":41,"Onion Ring":49,"reliquary:TuningFork":55,"Replay:Bottled Steam":49}],"Burning Blood":98},"card_choices":[{"not_picked":["Flame Barrier","Flex"],"picked":"Shrug It Off","floor":1.0},{"not_picked":["Defy Death","Thunderclap"],"picked":"Battle Trance","floor":5.0},{"not_picked":["Perfected Strike","Shrug It Off"],"picked":"Fire Breathing","floor":8.0},{"not_picked":["Ghostly Armor","Replay:Undeath\u0027s Touch"],"picked":"Shockwave","floor":10.0},{"not_picked":["Iron Wave","True Grit"],"picked":"Shrug It Off","floor":13.0},{"not_picked":["Barricade","Limit Break"],"picked":"Berserk","floor":16.0},{"not_picked":["Clash","Cleave"],"picked":"Whirlwind+1","floor":18},{"not_picked":["Dark Embrace","Fire Breathing"],"picked":"Uppercut","floor":20},{"not_picked":["Run Through","Dual Wield+1"],"picked":"Dropkick+1","floor":22},{"not_picked":["ReplayTheSpireMod:Strike From Hell","Cleave+1","Flex"],"picked":"SKIP","floor":24},{"not_picked":["Carnage","Perfected Strike"],"picked":"Sword Boomerang","floor":25},{"not_picked":["Warcry","Clothesline","Reckless Charge"],"picked":"SKIP","floor":30},{"not_picked":["Replay:Undeath\u0027s Touch","Shrug It Off","Anger"],"picked":"SKIP","floor":31},{"not_picked":["Eclipse","Brutality"],"picked":"Reaper","floor":33},{"not_picked":["Heavy Blade"],"picked":"SKIP","floor":35},{"not_picked":["Armaments"],"picked":"SKIP","floor":36},{"not_picked":["Thunderclap"],"picked":"SKIP","floor":38},{"not_picked":[],"picked":"Evolve","floor":40}],"player_experience":862761,"relics_obtained":[{"floor":8.0,"key":"Matryoshka"},{"floor":9.0,"key":"Regal Pillow"},{"floor":9.0,"key":"Quantum Egg"},{"floor":19,"key":"Nilry\u0027s Codex"},{"floor":21,"key":"Ring of Hypnosis"},{"floor":21,"key":"Ring of Fury"},{"floor":22,"key":"aspiration:HiddenCompartment"},{"floor":25,"key":"Dead Branch"},{"floor":26,"key":"Onion Ring"},{"floor":26,"key":"Replay:Bottled Steam"},{"floor":31,"key":"reliquary:TuningFork"}],"event_choices":[{"damage_healed":0.0,"max_hp_gain":0.0,"max_hp_loss":0.0,"gold_gain":0.0,"event_name":"Big Fish","player_choice":"Box","floor":2.0,"gold_loss":0.0,"damage_taken":0.0,"relics_obtained":["Boot"],"cards_obtained":["Regret"]},{"damage_healed":0.0,"max_hp_gain":0.0,"max_hp_loss":0.0,"gold_gain":0.0,"cards_transformed":["Strike_R"],"event_name":"Transmorgrifier","player_choice":"Transformed","floor":4.0,"gold_loss":0.0,"damage_taken":0.0,"cards_obtained":["hubris:ReadiedAction"]},{"damage_healed":0.0,"max_hp_gain":0.0,"max_hp_loss":0.0,"gold_gain":0.0,"event_name":"Golden Wing","player_choice":"Ignored","floor":11.0,"gold_loss":0.0,"damage_taken":0.0},{"damage_healed":0.0,"max_hp_gain":0.0,"max_hp_loss":0.0,"gold_gain":0.0,"event_name":"Scrap Ooze","player_choice":"Success","floor":14.0,"gold_loss":0.0,"damage_taken":11.0,"relics_obtained":["Bronze Scales"]},{"damage_healed":0,"gold_gain":0,"player_choice":"Obtained Book","damage_taken":21,"max_hp_gain":0,"max_hp_loss":0,"event_name":"Cursed Tome","floor":19,"gold_loss":0},{"damage_healed":0,"gold_gain":0,"player_choice":"Copied","damage_taken":0,"max_hp_gain":0,"max_hp_loss":0,"event_name":"Duplicator","floor":37,"gold_loss":0,"cards_obtained":["Sword Boomerang"]}],"is_beta":false,"boss_relics":[{"not_picked":["Fusion Hammer","Calling Bell"],"picked":"ChewingGum"},{"not_picked":["Replay:Ancient Bell","Philosopher\u0027s Stone"],"picked":"Busted Crown"}],"items_purged_floors":[],"is_endless":false,"potions_floor_spawned":[5,16,18,24,25,31,33,35,36],"killed_by":"Sphere and 2 Shapes","ascension_level":20}}