{"host":"ymmeoa1x24ihslbm","time":1612764585,"event":{"mods":["AchievementEnabler","BaseMod","Colored Map","Colored Powertips","Defuse TimeMaze Blight","Hermit","Highlight Path","Hyrulean Relics","Minty Spire (QoL Compilation)","Permanent Neow","Quick Restart","Rare Cards Sparkle","Relic Sorter","Replay The Spire","Shop Mod","StSLib","The Hierophant"],"gold_per_floor":[111,123,203,203,220,220,220,220,243,243,257,84,125,155,155,155,155],"floor_reached":16,"language":"ENG","playtime":4749,"items_purged":["Amnesia"],"score":100,"play_id":"ca66d056-ca34-40d8-8b24-df6bf5a34cf8","local_time":"20210208070945","is_ascension_mode":false,"campfire_choices":[{"data":"hierophant:Prophecy","floor":6,"key":"SMITH"},{"data":"hierophant:ChurchCoffers","floor":8,"key":"SMITH"},{"data":"hierophant:OrnateBuckler","floor":10,"key":"SMITH"},{"data":"hierophant:RepressedViolence","floor":15,"key":"SMITH"}],"circlet_count":0,"master_deck":["hierophant:Strike_Hierophant","hierophant:Strike_Hierophant","hierophant:Strike_Hierophant","hierophant:Strike_Hierophant","hierophant:Punish+1","hierophant:Defend_Hierophant","hierophant:Defend_Hierophant","hierophant:Defend_Hierophant","hierophant:Defend_Hierophant","hierophant:ChurchCoffers+1","hierophant:Prophecy+1","hierophant:OrnateBuckler+1","CommonCold","hierophant:Zeal","hierophant:DisplayOfPower","hierophant:RepressedViolence+1"],"relics":["hierophant:PropheticMaskRelic","CeramicFish","Ring of Fury","ReplayTheSpireMod:Ring of Exchange","Regal Pillow"],"acts_visited":["Exordium"],"potions_floor_usage":[13],"damage_taken":[{"damage":0,"enemies":"Small Slimes","floor":1,"turns":3},{"damage":1,"enemies":"Jaw Worm","floor":2,"turns":6},{"damage":0,"enemies":"Cultist","floor":5,"turns":3},{"damage":0,"enemies":"3 Louse","floor":11,"turns":1},{"damage":3,"enemies":"Lagavulin","floor":13,"turns":6},{"damage":4,"enemies":"Blue Slaver","floor":14,"turns":3},{"damage":3,"enemies":"Fading Forest","floor":16,"turns":5}],"seed_played":"5530284805671322479","potions_obtained":[{"floor":5,"key":"Explosive Potion"},{"floor":11,"key":"Milkshake"}],"is_trial":false,"path_per_floor":["M","M","?","?","M","R","?","R","T","R","M","$","E","M","R_BF","B"],"character_chosen":"HIEROPHANT","items_purchased":["Fruit Juice"],"campfire_rested":0,"item_purchase_floors":[12],"current_hp_per_floor":[75,74,74,74,74,74,74,74,74,74,74,74,76,72,72,69,69],"gold":155,"neow_bonus":"RANDOM_EVENT","is_daily":false,"chose_seed":false,"campfire_upgraded":4,"win_rate":0.0,"timestamp":1612764585,"path_taken":["M","M","?","?","M","R","?","R","T","R","?","$","E","M","R_BF","BOSS"],"items_purchased_type":["Potion"],"build_version":"2020-12-22","purchased_purges":1,"victory":false,"max_hp_per_floor":[75,75,75,75,75,75,75,75,75,75,75,75,80,80,80,80,80],"card_choices":[{"not_picked":["hierophant:FieryStrike","hierophant:Glossolalia"],"picked":"hierophant:Prophecy","floor":1},{"not_picked":["hierophant:Charity","hierophant:MorningPrayer"],"picked":"hierophant:OrnateBuckler","floor":2},{"not_picked":["hierophant:MorningPrayer","hierophant:OrnateBuckler"],"picked":"hierophant:Zeal","floor":5},{"not_picked":["hierophant:Generosity","hierophant:Bribe","hierophant:Chorus"],"picked":"SKIP","floor":11},{"not_picked":["hierophant:Prophecy","hierophant:Doubloon"],"picked":"hierophant:DisplayOfPower","floor":13},{"not_picked":["hierophant:Martyrdom","hierophant:Sermon"],"picked":"hierophant:RepressedViolence","floor":14}],"player_experience":771185,"relics_obtained":[{"floor":4,"key":"ReplayTheSpireMod:Ring of Exchange"},{"floor":4,"key":"Ring of Fury"},{"floor":9,"key":"CeramicFish"},{"floor":13,"key":"Regal Pillow"}],"event_choices":[{"damage_healed":0,"gold_gain":0,"player_choice":"Grow","damage_taken":0,"max_hp_gain":0,"max_hp_loss":0,"event_name":"Living Wall","floor":0,"gold_loss":0,"cards_upgraded":["hierophant:Punish"]},{"damage_healed":0,"gold_gain":80,"player_choice":"Gained Gold","damage_taken":0,"max_hp_gain":0,"max_hp_loss":0,"event_name":"Golden Wing","floor":3,"gold_loss":0}],"is_beta":false,"boss_relics":[],"items_purged_floors":[12],"is_endless":false,"potions_floor_spawned":[5,11],"killed_by":"Fading Forest","ascension_level":0}}