{"host":"o6nndy8fvkon49s1","time":1612818010,"event":{"mods":["BaseMod","CapriCore","Hermit","HololiveMod","Marisa????????","Minty Spire (QoL Compilation)","Prisma Mod","Reimu??????","StSLib","Td1madao Mod","The Animator","The Immortal","The Marked","The Senshi","The Servant 0.9.4"],"gold_per_floor":[111,131,146,163,116,35,64,81,107,107,132,132,150,169,169,265,265,283,60,78,89,89,89],"floor_reached":22,"language":"ENG","playtime":889,"items_purged":["Strike_S"],"score":215,"play_id":"7307bea9-960f-4924-839e-dcf7a778d6bb","local_time":"20210208150010","is_ascension_mode":false,"campfire_choices":[{"data":"GearUp","floor":10,"key":"SMITH"},{"data":"KidneyShot","floor":12,"key":"SMITH"},{"floor":15,"key":"REST"}],"circlet_count":0,"master_deck":["Strike_S","Strike_S","Strike_S","Defend_S","Defend_S","Defend_S","Defend_S","KidneyShot+1","Exchange","GearUp+1","Ricochet","SpecialFormula","Starlight","SilverBlades","Misdirection","InstantArmor","Contraction","Rewind","InstantArmor","Solidify","CurseOfTheBell","TimeWarp+1","BestPractice","Moonlight","RealityMarble"],"relics":["Uniform","Nunchaku","Oddly Smooth Stone","Odd Mushroom","Calling Bell","Toy Ornithopter","Sundial","Thread and Needle"],"acts_visited":["Exordium","TheCity"],"potions_floor_usage":[2,7,11,20,21],"damage_taken":[{"damage":7,"enemies":"2 Louse","floor":1,"turns":4},{"damage":0,"enemies":"Small Slimes","floor":2,"turns":3},{"damage":3,"enemies":"Jaw Worm","floor":3,"turns":5},{"damage":9,"enemies":"2 Fungi Beasts","floor":4,"turns":2},{"damage":27,"enemies":"3 Sentries","floor":7,"turns":5},{"damage":5,"enemies":"Exordium Thugs","floor":8,"turns":3},{"damage":0,"enemies":"The Mushroom Lair","floor":11,"turns":2},{"damage":1,"enemies":"Large Slime","floor":13,"turns":2},{"damage":0,"enemies":"Looter","floor":14,"turns":3},{"damage":22,"enemies":"Hexaghost","floor":16,"turns":12},{"damage":0,"enemies":"Spheric Guardian","floor":18,"turns":6},{"damage":0,"enemies":"Chosen","floor":20,"turns":3},{"damage":8,"enemies":"Snake Plant","floor":21,"turns":6},{"damage":0,"enemies":"Cultist and Chosen","floor":22,"turns":1}],"seed_played":"7747767030731392533","potions_obtained":[{"floor":1,"key":"Fruit Juice"},{"floor":2,"key":"Fruit Juice"},{"floor":7,"key":"DistilledChaos"},{"floor":11,"key":"FearPotion"},{"floor":16,"key":"DuplicationPotion"},{"floor":18,"key":"LiquidBronze"},{"floor":20,"key":"Strength Potion"}],"is_trial":false,"path_per_floor":["M","M","M","M","?","$","E","M","T","R","?","R","M","M","R","B",null,"M","$","M","M","M"],"character_chosen":"THE_SERVANT","items_purchased":["SilverBlades","BestPractice","Moonlight"],"campfire_rested":1,"item_purchase_floors":[6,19,19],"current_hp_per_floor":[64,69,66,62,62,62,45,40,40,40,40,40,39,44,68,51,81,81,81,81,73,73,73],"gold":89,"neow_bonus":"TEN_PERCENT_HP_BONUS","is_daily":false,"chose_seed":false,"campfire_upgraded":2,"win_rate":0.0,"timestamp":1612818010,"path_taken":["M","M","M","M","?","$","E","M","T","R","?","R","M","M","R","BOSS","M","$","M","M","M"],"items_purchased_type":["Card","Card","Card"],"build_version":"2020-12-22","purchased_purges":1,"victory":false,"max_hp_per_floor":[71,76,76,76,76,76,81,81,81,81,81,81,81,81,81,81,81,81,81,81,81,81,81],"card_choices":[{"not_picked":["FanOfKnives","DualDimension"],"picked":"GearUp","floor":1},{"not_picked":["Foresight","Spin"],"picked":"Ricochet","floor":2},{"not_picked":["DoubleEdge","Revamp"],"picked":"SpecialFormula","floor":3},{"not_picked":["ShatteredReality","Alleviate"],"picked":"Starlight","floor":4},{"not_picked":["Shuttle","MoonPhase"],"picked":"Misdirection","floor":7},{"not_picked":["ReturningBlade","Spin"],"picked":"InstantArmor","floor":8},{"not_picked":["Unruled","LightFlow"],"picked":"Contraction","floor":11},{"not_picked":["Comet","Ricochet"],"picked":"Rewind","floor":13},{"not_picked":["Replace","DoubleEdge"],"picked":"InstantArmor","floor":14},{"not_picked":["FloweringNight","TheWorld"],"picked":"Solidify","floor":16},{"not_picked":["Alleviate","Spin"],"picked":"TimeWarp+1","floor":18},{"not_picked":["Revamp","Snipe"],"picked":"RealityMarble","floor":20},{"not_picked":["Revamp","BottledTime+1","Alleviate+1"],"picked":"SKIP","floor":21}],"player_experience":260378,"relics_obtained":[{"floor":7,"key":"Nunchaku"},{"floor":9,"key":"Oddly Smooth Stone"},{"floor":11,"key":"Odd Mushroom"},{"floor":17,"key":"Toy Ornithopter"},{"floor":17,"key":"Sundial"},{"floor":17,"key":"Thread and Needle"}],"event_choices":[{"damage_healed":0,"gold_gain":0,"player_choice":"Left Gold","damage_taken":0,"max_hp_gain":0,"max_hp_loss":0,"event_name":"World of Goop","floor":5,"gold_loss":47},{"damage_healed":0,"gold_gain":0,"player_choice":"Fought Mushrooms","damage_taken":0,"max_hp_gain":0,"max_hp_loss":0,"event_name":"Mushrooms","floor":11,"gold_loss":0}],"is_beta":false,"boss_relics":[{"not_picked":["Cursed Key","Velvet Choker"],"picked":"Calling Bell"}],"items_purged_floors":[19],"is_endless":false,"potions_floor_spawned":[1,2,7,11,16,18,20],"killed_by":"Cultist and Chosen","ascension_level":0}}