{"host":"aelxjre69umlx7r4","time":1612774658,"event":{"mods":["AchievementEnabler","BaseMod","DeckTracker","Highlight Path","Keyboard Shortcuts","Minty Spire (QoL Compilation)","Permanent Neow","SuperFastMode"],"gold_per_floor":[112,123,135,310,310,336,336,347,347,378,378,408,428,461,461,565,565,584,604,305,230,245,274,274,294,294,294,320,320,351,363,363,363,363],"floor_reached":33,"language":"KOR","playtime":1561,"items_purged":["Strike_R"],"score":377,"play_id":"e321b96e-0a2b-4447-b71c-87b1cad8aec0","local_time":"20210208175738","is_ascension_mode":true,"campfire_choices":[{"data":"Limit Break","floor":7.0,"key":"SMITH"},{"data":"Fire Breathing","floor":11.0,"key":"SMITH"},{"data":"Sword Boomerang","floor":15.0,"key":"SMITH"},{"floor":27.0,"key":"REST"},{"data":"Berserk","floor":29.0,"key":"SMITH"},{"floor":32,"key":"REST"}],"circlet_count":0,"master_deck":["Strike_R","Defend_R","Defend_R","Defend_R","Defend_R","Bash","Sword Boomerang+1","Limit Break+1","Cleave","Fire Breathing+1","Armaments+1","Berserk+1","Ghostly Armor+1","Flex+1","Limit Break+1","Pummel","Warcry+1","Headbutt"],"relics":["Burning Blood","Vajra","PreservedInsect","Pear","Mango","Pen Nib","Toxic Egg 2","Empty Cage","ClockworkSouvenir","Letter Opener","Art of War","Du-Vu Doll"],"acts_visited":["Exordium","TheCity"],"potions_floor_usage":[31,33],"damage_taken":[{"damage":6.0,"enemies":"Cultist","floor":1.0,"turns":3.0},{"damage":4.0,"enemies":"Jaw Worm","floor":2.0,"turns":5.0},{"damage":1.0,"enemies":"2 Louse","floor":3.0,"turns":2.0},{"damage":23.0,"enemies":"3 Sentries","floor":6.0,"turns":8.0},{"damage":16.0,"enemies":"Red Slaver","floor":8.0,"turns":5.0},{"damage":26.0,"enemies":"Lagavulin","floor":10.0,"turns":7.0},{"damage":14.0,"enemies":"Gremlin Nob","floor":12.0,"turns":3.0},{"damage":0.0,"enemies":"3 Louse","floor":13.0,"turns":3.0},{"damage":16.0,"enemies":"Lagavulin","floor":14.0,"turns":7.0},{"damage":25.0,"enemies":"The Guardian","floor":16.0,"turns":11.0},{"damage":50.0,"enemies":"3 Byrds","floor":18.0,"turns":6.0},{"damage":33.0,"enemies":"2 Thieves","floor":19.0,"turns":4.0},{"damage":3.0,"enemies":"Snake Plant","floor":22.0,"turns":2.0},{"damage":16.0,"enemies":"Book of Stabbing","floor":23.0,"turns":4.0},{"damage":8.0,"enemies":"Centurion and Healer","floor":25.0,"turns":5.0},{"damage":27.0,"enemies":"Slavers","floor":28.0,"turns":2.0},{"damage":9.0,"enemies":"Gremlin Leader","floor":30.0,"turns":4.0},{"damage":10,"enemies":"Snecko","floor":31,"turns":3},{"damage":70,"enemies":"Champ","floor":33,"turns":5}],"seed_played":"-3169262191673112476","potions_obtained":[{"floor":2.0,"key":"BlessingOfTheForge"},{"floor":6.0,"key":"Ancient Potion"},{"floor":13.0,"key":"Fruit Juice"},{"floor":14.0,"key":"Energy Potion"},{"floor":18.0,"key":"CultistPotion"},{"floor":22.0,"key":"LiquidMemories"},{"floor":24.0,"key":"HeartOfIron"},{"floor":25.0,"key":"Swift Potion"},{"floor":28.0,"key":"SneckoOil"}],"is_trial":false,"path_per_floor":["M","M","M","?","?","E","R","M","T","E","R","E","M","E","R","B",null,"M","M","$","?","M","E","?","M","T","R","E","R","E","M","R","B"],"character_chosen":"IRONCLAD","items_purchased":["ClockworkSouvenir","Limit Break+1"],"campfire_rested":2,"item_purchase_floors":[20,20],"current_hp_per_floor":[80,80,80,80,73,56,56,46,56,50,50,42,53,43,43,24,109,65,38,38,38,41,31,31,29,29,61,40,40,37,33,65,0,0],"gold":363,"neow_bonus":"RANDOM_COMMON_RELIC","is_daily":false,"chose_seed":false,"campfire_upgraded":4,"win_rate":0.0,"timestamp":1612774658,"path_taken":["M","M","M","?","?","E","R","M","T","E","R","E","M","E","R","BOSS","M","M","$","?","M","E","?","M","T","R","E","R","E","M","R","BOSS"],"items_purchased_type":["Relic","Card"],"build_version":"2020-12-22","purchased_purges":1,"victory":false,"max_hp_per_floor":[80,80,80,80,80,80,80,80,90,104,104,104,109,109,109,109,109,109,109,109,109,109,109,109,109,109,109,109,109,109,109,109,109,109],"card_choices":[{"not_picked":["Wild Strike","Twin Strike","Sentinel"],"picked":"SKIP","floor":1.0},{"not_picked":["Clothesline","Cleave"],"picked":"Sword Boomerang","floor":2.0},{"not_picked":["Pommel Strike","Rampage","Iron Wave"],"picked":"SKIP","floor":3.0},{"not_picked":["Sever Soul","Clothesline"],"picked":"Limit Break","floor":6.0},{"not_picked":["Perfected Strike","Twin Strike"],"picked":"Cleave","floor":8.0},{"not_picked":["Sword Boomerang","Warcry"],"picked":"Fire Breathing","floor":10.0},{"not_picked":["Clothesline","Rampage","Dark Embrace"],"picked":"SKIP","floor":12.0},{"not_picked":["Body Slam","Shrug It Off","Pommel Strike"],"picked":"SKIP","floor":13.0},{"not_picked":["Anger","Exhume+1"],"picked":"Armaments+1","floor":14.0},{"not_picked":["Demon Form","Exhume+1"],"picked":"Berserk","floor":16.0},{"not_picked":["Uppercut","Clothesline"],"picked":"Ghostly Armor+1","floor":18.0},{"not_picked":["Rage+1","Anger+1"],"picked":"Flex+1","floor":19.0},{"not_picked":["Dropkick+1","Perfected Strike"],"picked":"Pummel","floor":22.0},{"not_picked":["Anger","Brutality","Thunderclap"],"picked":"SKIP","floor":23.0},{"not_picked":["Flex+1","Perfected Strike"],"picked":"Warcry+1","floor":25.0},{"not_picked":["Uppercut+1","Havoc+1"],"picked":"Headbutt","floor":28.0},{"not_picked":["Feel No Pain","Fiend Fire","Uppercut"],"picked":"SKIP","floor":30.0},{"not_picked":["Armaments+1","Anger","Cleave+1"],"picked":"SKIP","floor":31}],"player_experience":400766,"relics_obtained":[{"floor":6.0,"key":"PreservedInsect"},{"floor":9.0,"key":"Pear"},{"floor":10.0,"key":"Mango"},{"floor":12.0,"key":"Pen Nib"},{"floor":14.0,"key":"Toxic Egg 2"},{"floor":23.0,"key":"Letter Opener"},{"floor":28.0,"key":"Art of War"},{"floor":30.0,"key":"Du-Vu Doll"}],"event_choices":[{"damage_healed":0.0,"max_hp_gain":0.0,"max_hp_loss":0.0,"gold_gain":175.0,"event_name":"Liars Game","player_choice":"AGREE","floor":4.0,"gold_loss":0.0,"damage_taken":0.0,"cards_obtained":["Doubt"]},{"cards_removed":["Doubt"],"damage_healed":0.0,"max_hp_gain":0.0,"max_hp_loss":0.0,"gold_gain":0.0,"event_name":"Golden Wing","player_choice":"Card Removal","floor":5.0,"gold_loss":0.0,"damage_taken":7.0},{"cards_removed":["Strike_R"],"damage_healed":0.0,"max_hp_gain":0.0,"max_hp_loss":0.0,"gold_gain":0.0,"event_name":"Beggar","player_choice":"Gave Gold","floor":21.0,"gold_loss":75.0,"damage_taken":0.0},{"damage_healed":0.0,"max_hp_gain":0.0,"max_hp_loss":0.0,"gold_gain":0.0,"event_name":"Lab","player_choice":"Got Potions","floor":24.0,"gold_loss":0.0,"damage_taken":0.0}],"is_beta":false,"boss_relics":[{"not_picked":["Runic Dome","SacredBark"],"picked":"Empty Cage"}],"items_purged_floors":[20],"is_endless":false,"potions_floor_spawned":[2,6,13,14,18,22,25,28],"killed_by":"Champ","ascension_level":1}}