{"host":"mydft8i2zzydgggw","time":1612753079,"event":{"mods":["AchievementEnabler","BaseMod","Colored Map","Colored Powertips","DeckTracker","Keyboard Shortcuts","Minty Spire (QoL Compilation)","Rare Cards Sparkle","StSLib","SuperFastMode","everything is the same but u backflip on backflip"],"gold_per_floor":[111,71,81,6,6,32,32,32,58,99,99,99,117,158,158,253,253,277,298,298,298],"floor_reached":20,"language":"KOR","playtime":474,"items_purged":[],"score":342,"play_id":"9bef74fe-d964-4a62-8cfc-d921cebf73f4","local_time":"20210208115759","is_ascension_mode":true,"campfire_choices":[{"data":"Coolheaded","floor":8,"key":"SMITH"},{"floor":12,"key":"REST"},{"floor":15,"key":"REST"}],"circlet_count":0,"master_deck":["AscendersBane","Defend_B","Defend_B","Defend_B","Defend_B","Zap","Dualcast","Reinforced Body","Coolheaded+1","Compile Driver","Skim","Coolheaded","Electrodynamics","Conserve Battery","Core Surge","Scrape+1","Lockon+1","Conserve Battery+1","Barrage","Storm"],"relics":["Cracked Core","Tiny Chest","Pantograph","Dream Catcher","Golden Idol","Lantern","Toy Ornithopter","Lizard Tail","Astrolabe"],"acts_visited":["Exordium","TheCity"],"potions_floor_usage":[6,6,14,14],"damage_taken":[{"damage":6,"enemies":"Jaw Worm","floor":1,"turns":4},{"damage":1,"enemies":"Cultist","floor":3,"turns":4},{"damage":5,"enemies":"3 Sentries","floor":6,"turns":7},{"damage":25,"enemies":"Lagavulin","floor":10,"turns":10},{"damage":0,"enemies":"Small Slimes","floor":13,"turns":5},{"damage":23,"enemies":"Gremlin Nob","floor":14,"turns":4},{"damage":78,"enemies":"The Guardian","floor":16,"turns":21},{"damage":0,"enemies":"Chosen","floor":18,"turns":5},{"damage":35,"enemies":"Spheric Guardian","floor":19,"turns":6},{"damage":19,"enemies":"Centurion and Healer","floor":20,"turns":5}],"seed_played":"5603903890860000282","potions_obtained":[{"floor":2,"key":"FocusPotion"},{"floor":2,"key":"LiquidMemories"},{"floor":10,"key":"DistilledChaos"},{"floor":11,"key":"Energy Potion"}],"is_trial":false,"path_per_floor":["M","?","M","?","T","E","?","R","T","E","?","R","M","E","R","B",null,"M","M","M"],"character_chosen":"DEFECT","items_purchased":[],"campfire_rested":2,"item_purchase_floors":[],"current_hp_per_floor":[58,58,57,57,57,52,52,52,52,27,27,46,46,33,52,22,54,54,19,0,0],"gold":298,"neow_bonus":"RANDOM_COMMON_RELIC","is_daily":false,"chose_seed":false,"campfire_upgraded":1,"win_rate":0.0,"timestamp":1612753079,"path_taken":["M","?","?","?","?","E","?","R","T","E","?","R","M","E","R","BOSS","M","M","M"],"items_purchased_type":[],"build_version":"2020-12-22","purchased_purges":0,"victory":false,"max_hp_per_floor":[71,71,71,71,71,71,64,64,64,64,64,64,64,64,64,64,64,64,64,64,64],"card_choices":[{"not_picked":["Stack","Steam"],"picked":"Reinforced Body","floor":1},{"not_picked":["Turbo","Skim"],"picked":"Coolheaded","floor":3},{"not_picked":["Ball Lightning","Streamline"],"picked":"Compile Driver","floor":6},{"not_picked":["Redo","Turbo"],"picked":"Skim","floor":10},{"not_picked":["Beam Cell","Rebound"],"picked":"Coolheaded","floor":12},{"not_picked":["Sunder","Reprogram"],"picked":"Electrodynamics","floor":13},{"not_picked":["Fission","Lockon"],"picked":"Conserve Battery","floor":14},{"not_picked":["Creative AI","Meteor Strike"],"picked":"Core Surge","floor":16},{"not_picked":["Double Energy","Hologram"],"picked":"Barrage","floor":18},{"not_picked":["Lockon","Rip and Tear"],"picked":"Storm","floor":19}],"player_experience":250009,"relics_obtained":[{"floor":5,"key":"Pantograph"},{"floor":6,"key":"Dream Catcher"},{"floor":9,"key":"Lantern"},{"floor":10,"key":"Toy Ornithopter"},{"floor":14,"key":"Lizard Tail"}],"event_choices":[{"damage_healed":0,"gold_gain":0,"player_choice":"Bought 3 Potions","damage_taken":0,"max_hp_gain":0,"max_hp_loss":0,"event_name":"The Woman in Blue","floor":2,"gold_loss":0},{"cards_removed":["Strike_B"],"damage_healed":0,"gold_gain":0,"player_choice":"Card Removal","damage_taken":0,"max_hp_gain":0,"max_hp_loss":0,"event_name":"The Cleric","floor":4,"gold_loss":75},{"damage_healed":0,"gold_gain":0,"player_choice":"Lose Max HP","damage_taken":0,"relics_obtained":["Golden Idol"],"max_hp_gain":0,"max_hp_loss":7,"event_name":"Golden Idol","floor":7,"gold_loss":0},{"damage_healed":0,"gold_gain":0,"player_choice":"Got Potions","damage_taken":0,"max_hp_gain":0,"max_hp_loss":0,"event_name":"Lab","floor":11,"gold_loss":0}],"is_beta":false,"boss_relics":[{"not_picked":["Empty Cage","Busted Crown"],"picked":"Astrolabe"}],"items_purged_floors":[],"is_endless":false,"potions_floor_spawned":[3,10,13],"killed_by":"Centurion and Healer","ascension_level":16}}