{"host":"928gv66myv2vlnsd","time":1612827398,"event":{"mods":["BaseMod","Highlight Path","Minty Spire (QoL Compilation)","StSLib"],"gold_per_floor":[113,113,127,137,156,156,188,204,204,204,279,304,30,44,44,147,147,162,162,34,47,63,92,92,121,121,121,121,135,135,35,35,136,136,153,78,91,21,31,57,57,74,74,74,100,115,115,144,144,144],"floor_reached":51,"language":"ENG","playtime":2098,"items_purged":["Strike_B","Strike_B"],"score":1306,"play_id":"b1bab762-75c5-4523-82dd-e36c6ea7ad6a","local_time":"20210208183638","is_ascension_mode":true,"campfire_choices":[{"data":"Static Discharge","floor":6,"key":"SMITH"},{"floor":15,"key":"REST"},{"floor":24,"key":"REST"},{"data":"Biased Cognition","floor":30,"key":"SMITH"},{"data":"Capacitor","floor":32,"key":"SMITH"},{"data":"Echo Form","floor":41,"key":"SMITH"},{"data":"Defragment","floor":44,"key":"SMITH"},{"data":"Echo Form","floor":49,"key":"SMITH"}],"circlet_count":0,"master_deck":["AscendersBane","Strike_B","Strike_B","Defend_B","Defend_B","Defend_B","Defend_B","Zap","Dualcast","Barrage+1","Melter","Beam Cell+1","Static Discharge+1","White Noise","Glacier","Core Surge","Cold Snap","Biased Cognition+1","Self Repair+1","Capacitor+1","Conserve Battery","Barrage","Electrodynamics","Coolheaded","Core Surge","Echo Form+1","Defragment+1","Glacier","Force Field","Echo Form+1","Hologram+1"],"relics":["Cracked Core","CaptainsWheel","Turnip","Incense Burner","Unceasing Top","PreservedInsect","Nuclear Battery","TungstenRod","MealTicket","Singing Bowl","Ancient Tea Set","SlaversCollar","Art of War","Gremlin Horn","Pantograph","Toxic Egg 2"],"acts_visited":["Exordium","TheCity","TheBeyond"],"potions_floor_usage":[12,23,50],"damage_taken":[{"damage":0,"enemies":"2 Louse","floor":1,"turns":2},{"damage":1,"enemies":"Cultist","floor":3,"turns":3},{"damage":0,"enemies":"Small Slimes","floor":4,"turns":2},{"damage":1,"enemies":"2 Fungi Beasts","floor":5,"turns":3},{"damage":16,"enemies":"Gremlin Nob","floor":7,"turns":4},{"damage":8,"enemies":"Red Slaver","floor":8,"turns":3},{"damage":6,"enemies":"Lagavulin","floor":12,"turns":6},{"damage":0,"enemies":"Looter","floor":14,"turns":3},{"damage":17,"enemies":"Hexaghost","floor":16,"turns":8},{"damage":3,"enemies":"3 Byrds","floor":18,"turns":2},{"damage":12,"enemies":"Chosen","floor":21,"turns":3},{"damage":13,"enemies":"Snecko","floor":22,"turns":5},{"damage":16,"enemies":"Book of Stabbing","floor":23,"turns":6},{"damage":9,"enemies":"Gremlin Leader","floor":25,"turns":4},{"damage":0,"enemies":"Sentry and Sphere","floor":29,"turns":2},{"damage":35,"enemies":"Automaton","floor":33,"turns":7},{"damage":0,"enemies":"3 Shapes","floor":35,"turns":4},{"damage":35,"enemies":"3 Darklings","floor":37,"turns":5},{"damage":17,"enemies":"Spire Growth","floor":39,"turns":6},{"damage":0,"enemies":"Nemesis","floor":40,"turns":11},{"damage":22,"enemies":"4 Shapes","floor":42,"turns":3},{"damage":0,"enemies":"Reptomancer","floor":45,"turns":4},{"damage":21,"enemies":"3 Darklings","floor":46,"turns":6},{"damage":0,"enemies":"Nemesis","floor":48,"turns":7},{"damage":42,"enemies":"Awakened One","floor":50,"turns":12}],"seed_played":"4396378469936634127","potions_obtained":[{"floor":3,"key":"SpeedPotion"},{"floor":7,"key":"PowerPotion"},{"floor":12,"key":"BlessingOfTheForge"},{"floor":25,"key":"ColorlessPotion"},{"floor":29,"key":"FairyPotion"}],"is_trial":false,"path_per_floor":["M","?","M","M","M","R","E","M","T","?","?","E","$","M","R","B",null,"M","?","$","M","M","E","R","E","T","?","T","M","R","$","R","B",null,"M","$","M","$","M","E","R","M","T","R","E","M","?","E","R","B",null],"character_chosen":"DEFECT","items_purchased":["PreservedInsect","Cold Snap","Capacitor","Conserve Battery","Defragment","Glacier"],"campfire_rested":2,"item_purchase_floors":[13,13,20,20,36,38],"current_hp_per_floor":[68,68,67,67,66,66,50,42,42,42,31,25,25,25,45,28,58,55,55,55,43,40,34,54,55,55,55,55,57,57,70,70,45,64,72,72,59,74,74,76,76,56,56,56,66,57,57,57,57,54],"gold":144,"neow_bonus":"ONE_RARE_RELIC","is_daily":false,"chose_seed":false,"campfire_upgraded":6,"win_rate":0.0,"timestamp":1612827398,"path_taken":["M","?","?","M","M","R","E","M","T","?","?","E","$","M","R","BOSS","M","?","$","?","M","E","R","E","T","?","?","M","R","$","R","BOSS","M","?","M","$","M","E","R","M","T","R","E","M","?","E","R","BOSS"],"items_purchased_type":["Relic","Card","Card","Card","Card","Card"],"build_version":"2020-12-22","purchased_purges":2,"victory":true,"max_hp_per_floor":[68,68,68,68,68,68,68,68,68,68,68,68,68,68,68,68,68,68,68,68,68,68,68,68,68,68,68,68,70,70,70,70,70,70,72,72,74,74,74,76,76,78,78,78,78,80,76,76,76,76],"card_choices":[{"not_picked":["Streamline","Force Field"],"picked":"Barrage","floor":1},{"not_picked":["Hello World","Gash"],"picked":"Melter","floor":3},{"not_picked":["Barrage","Turbo"],"picked":"Beam Cell","floor":4},{"not_picked":["Blizzard","Gash"],"picked":"Static Discharge","floor":5},{"not_picked":["Melter","Skim"],"picked":"White Noise","floor":7},{"not_picked":["Barrage","Gash"],"picked":"Glacier","floor":8},{"not_picked":["Thunder Strike","Sunder"],"picked":"Core Surge","floor":12},{"not_picked":["Rebound","Beam Cell","Gash"],"picked":"SKIP","floor":14},{"not_picked":["Reboot","Buffer"],"picked":"Biased Cognition","floor":16},{"not_picked":["Reprogram","Leap"],"picked":"Self Repair","floor":18},{"not_picked":["Redo","BootSequence+1"],"picked":"Barrage","floor":21},{"not_picked":["Fusion","Conserve Battery"],"picked":"Electrodynamics","floor":22},{"not_picked":["Leap","Go for the Eyes"],"picked":"Coolheaded","floor":23},{"not_picked":["Turbo","Capacitor"],"picked":"Core Surge","floor":25},{"not_picked":["Static Discharge","Hello World+1","Redo"],"picked":"Singing Bowl","floor":29},{"not_picked":["Biased Cognition","All For One"],"picked":"Echo Form","floor":33},{"not_picked":["Coolheaded","Redo","Gash+1"],"picked":"Singing Bowl","floor":35},{"not_picked":["Beam Cell+1","Go for the Eyes+1","Turbo+1"],"picked":"Singing Bowl","floor":37},{"not_picked":["Skim","Hologram+1"],"picked":"Force Field","floor":39},{"not_picked":["Coolheaded+1","Force Field","Gash+1"],"picked":"Singing Bowl","floor":40},{"not_picked":["Gash","Conserve Battery","Hello World"],"picked":"Singing Bowl","floor":42},{"not_picked":["Gash+1","Redo+1"],"picked":"Echo Form","floor":45},{"not_picked":["Fusion+1","Beam Cell","Gash+1"],"picked":"Singing Bowl","floor":46},{"not_picked":["Melter","Static Discharge"],"picked":"Hologram+1","floor":48}],"player_experience":1469815,"relics_obtained":[{"floor":7,"key":"Turnip"},{"floor":9,"key":"Incense Burner"},{"floor":12,"key":"Unceasing Top"},{"floor":23,"key":"TungstenRod"},{"floor":25,"key":"MealTicket"},{"floor":26,"key":"Singing Bowl"},{"floor":28,"key":"Ancient Tea Set"},{"floor":40,"key":"Art of War"},{"floor":43,"key":"Gremlin Horn"},{"floor":45,"key":"Pantograph"},{"floor":48,"key":"Toxic Egg 2"}],"event_choices":[{"damage_healed":0,"gold_gain":0,"player_choice":"Upgraded","damage_taken":0,"max_hp_gain":0,"max_hp_loss":0,"event_name":"Upgrade Shrine","floor":2,"gold_loss":0,"cards_upgraded":["Barrage"]},{"damage_healed":0,"gold_gain":0,"player_choice":"Grow","damage_taken":0,"max_hp_gain":0,"max_hp_loss":0,"event_name":"Living Wall","floor":10,"gold_loss":0,"cards_upgraded":["Beam Cell"]},{"damage_healed":0,"gold_gain":75,"player_choice":"Gather Gold","damage_taken":11,"max_hp_gain":0,"max_hp_loss":0,"event_name":"World of Goop","floor":11,"gold_loss":0},{"damage_healed":0,"gold_gain":0,"player_choice":"Upgraded","damage_taken":0,"max_hp_gain":0,"max_hp_loss":0,"event_name":"Upgrade Shrine","floor":19,"gold_loss":0,"cards_upgraded":["Self Repair"]},{"damage_healed":0,"gold_gain":0,"player_choice":"Ignored","damage_taken":0,"max_hp_gain":0,"max_hp_loss":0,"event_name":"Ghosts","floor":27,"gold_loss":0},{"damage_healed":0,"gold_gain":0,"player_choice":"Max HP","damage_taken":0,"max_hp_gain":0,"max_hp_loss":4,"event_name":"Winding Halls","floor":47,"gold_loss":0}],"is_beta":false,"boss_relics":[{"not_picked":["Sozu","Busted Crown"],"picked":"Nuclear Battery"},{"not_picked":["Coffee Dripper","Runic Dome"],"picked":"SlaversCollar"}],"items_purged_floors":[13,31],"is_endless":false,"potions_floor_spawned":[3,7,12,14,21,22,25,29,37,42,46,48],"ascension_level":11}}